3342 5217
230 2098 378 2159 828.

601 102 648 166 J
652 110 941 167 uratores
969 101 1199 167 dicunt
1228 126 1422 189 super
1450 110 1928 167 sacramentum
1959 125 2149 167 suum
2181 104 2354 190 quod
2385 104 2693 168 uiderunt

472 206 645 291 quod
689 205 969 291 predicti
1012 206 1306 271 homines
1349 205 1430 271 de
1478 206 1911 271 Crawemerse
1957 214 2247 293 tempore
2290 208 2491 294 Regis
2532 208 2592 272 J.
2625 215 2694 272 615

473 318 763 395 1561οΡ016
805 310 1006 397 Regis
1054 311 1168 396 qui
1206 333 1381 374 nunc
1422 318 1523 375 est
1562 333 1820 397 semper
1864 311 2302 375 uendiderunt
2342 306 2579 397 panem
2626 320 2696 374 et

473 415 811 480 ceruisiam
872 413 1379 491 transeuntibu8‚
1432 421 1502 477 et
1559 413 1959 478 audiuerunt
2018 414 2190 500 quod
2247 416 2345 481 ita
2404 417 2697 481 fecerunt

473 528 765 605 tempore
811 518 1012 606 Regis
1055 518 1319 585 Ricardi
1363 526 1432 583 et
1475 526 1689 594 antea,
1730 519 1859 583 set¹
1900 534 2029 604 quo
2072 528 2377 598 waranto,
2407 543 2526 585 066
2569 543 2697 606 quo

474 622 632 688 iure.
722 623 810 687 Et
861 622 1211 709 aliquando
1264 622 1574 688 uiderunt
1617 622 1791 708 quod
1835 623 2170 688 castellani
2215 624 2297 689 de
2341 625 2695 711 Wallinge-

476 725 683 791 fordia
732 726 890 791 dum
945 727 1287 791 Hubertus
1339 726 1420 791 de
1476 726 1697 812 Burgo
1749 725 1877 789 fuit
1929 727 2350 792 camerarius²
2399 728 2697 793 arraciari

477 831 770 895 fecerunt
814 829 1113 916 plumbos
1159 829 1230 894 in
1280 828 1671 895 Orawmerse
1726 839 1795 895 et
1846 830 2081 895 deferri
2127 838 2290 917 aput
2343 831 2696 918 Wallinge-

478 934 766 1011 fordiam,
818 942 919 999 set
976 955 1311 1019 nunquam
1372 933 1705 998 sciuerunt
1757 932 1930 1020 quod
1980 933 2322 998 iusticiarii
2373 934 2468 998 ibi
2520 935 2698 1000 missi

477 1045 693 1102 essent
737 1037 821 1102 ad
865 1037 1151 1123 aliquam
1196 1035 1690 1121 inquisicionem
1737 1036 2112 1102 faciendam.
2204 1038 2438 1103 Postea
2481 1038 2695 1104 Comi-

480 1142 637 1206 tissa
696 1141 945 1207 Oxonie
1006 1162 1134 1227 que
1194 1139 1492 1226 sequitur
1548 1140 2042 1225 inquisicionem
2095 1141 2275 1204 illam
2328 1142 2585 1226 quesita
2641 1141 2698 1205 si

476 1244 738 1331 aliquod
770 1244 1010 1309 habeat
1037 1244 1547 1308 instrumentum
1579 1251 1824 1308 cartam
1865 1244 1973 1308 uel
2013 1243 2328 1330 scriptum
2369 1245 2476 1309 uel
2517 1244 2696 1309 aliud

479 1372 594 1435 per
622 1348 794 1435 quod
824 1348 1161 1413 ostendere
1193 1348 1395 1434 possit
1437 1348 1611 1434 quod
1650 1357 2008 1414 mercatum
2051 1350 2144 1413 ibi
2185 1350 2422 1414 habere
2459 1350 2696 1415 debeat

479 1461 548 1518 et
606 1475 840 1539 panem
892 1452 1177 1518 uendere
1229 1460 1300 1517 et
1350 1452 1710 1531 ceruisiam,
1761 1452 1923 1518 dicit
1974 1475 2091 1539 per
2141 1462 2501 1519 attornatos
2547 1477 2696 1518 suos

480 1557 652 1643 quod
698 1580 845 1634 non,
893 1556 1019 1621 0131
1071 1555 1245 1643 quod
1291 1557 1502 1620 solent
1553 1555 1850 1623 uendere.
1943 1558 2029 1621 Et
2081 1559 2237 1645 quia
2282 1559 2481 1624 nichil
2534 1559 2694 1623 scire

478 1661 721 1747 poterit
750 1669 973 1726 utrum
1005 1661 1285 1726 uendere
1316 1661 1598 1725 debeant
1638 1683 1874 1746 panem
1918 1670 1987 1726 et
2026 1662 2384 1740 ceruisiam‚
2416 1663 2517 1728 uel
2550 1686 2695 1740 non,

480 1773 549 1828 et
594 1764 750 1850 quia
794 1764 920 1850 ipsi
966 1764 1165 1829 nichil
1212 1764 1567 1829 ostendunt
1618 1765 1792 1851 quod
1841 1765 2122 1831 uendere
2176 1766 2477 1844 debeant,
2527 1767 2693 1832 Con-

480 1867 836 1933 sideratum
875 1875 977 1932 est
1015 1867 1187 1954 quod
1227 1890 1357 1932 non
1398 1867 1689 1933 uendant
1729 1890 1964 1953 panem
2011 1891 2130 1933 066
2173 1869 2512 1934 6610131601
2558 1869 2696 1934 3106

483 1972 825 2036 uoluntate
854 1977 923 2034 et
951 1992 1263 2035 consensu
1295 1970 1482 2034 Dom.
1515 1970 1718 2057 Regis
1747 1970 1918 2035 sicut
1947 1979 2346 2037 mercatores

610 2076 657 2140 J
660 2083 849 2140 urata
898 2075 1084 2140 uenit
1127 2075 1537 2162 recognitura
1579 2075 1660 2140 de
1707 2098 2016 2141 consensu
2063 2077 2354 2163 parcium
2398 2078 2455 2142 si
2499 2078 2698 2165 Hugo

484 2180 811 2245 Senzauer
853 2187 921 2243 et
967 2180 1110 2244 Eua
1152 2201 1315 2243 uxor
1356 2179 1497 2243 eius
1541 2178 1808 2243 fuerunt
1851 2180 1918 2244 in
1972 2180 2210 2246 seisina
2255 2182 2336 2247 de
2383 2205 2528 2247 xxx.
2574 2203 2696 2247 661.

485 2292 655 2349 156116
714 2307 862 2348 cum
914 2292 1075 2369 pert.
1129 2284 1199 2348 in
1253 2284 1699 2348 Bathecumbe
1752 2306 1913 2369 quas
1964 2286 2090 2371 ipsi
2141 2286 2425 2351 clamant
2472 2309 2698 2351 uersus

484 2388 872 2475 Magistrum
924 2386 1274 2452 Ricardum
1328 2387 1408 2451 de
1462 2387 1527 2452 la
1578 2386 1805 2453 Cnolle
1859 2397 1934 2452 ut
1986 2388 2067 2452 de
2122 2389 2494 2454 racionabili
2545 2389 2696 2453 dote

483 2493 686 2579 ipsius
716 2492 857 2557 Eue
888 2499 957 2556 et
985 2491 1166 2556 illam
1194 2491 1585 2555 dimiserunt
1614 2491 1873 2556 cuidam
1904 2491 2193 2557 Fabiano
2225 2493 2576 2579 Capellano
2616 2492 2700 2557 ad

483 2597 837 2662 terminum
868 2595 980 2682 qui
1010 2595 1309 2681 preteriit
1338 2595 1446 2658 uel
1478 2617 1607 2658 000
1638 2602 1757 2660 6156.

612 2700 658 2765 J
661 2709 950 2765 uratores
996 2700 1225 2765 dicunt
1270 2699 1442 2785 quod
1488 2698 1857 2763 Willelmus
1907 2708 2095 2784 pater
2142 2699 2416 2765 Fabiani
2462 2707 2698 2764 terram

482 2807 663 2871 illam
704 2804 970 2870 habuit⁸
1001 2805 1070 2867 10
1111 2803 1434 2868 dominico
1474 2826 1590 2868 suo
1631 2811 1701 2868 et
1740 2803 2088 2868 seruicium
2129 2811 2532 2868 attornatum
2574 2804 2701 2868 fuit

484 2908 791 2996 predictis
822 2907 1091 2995 Hugoni
1122 2914 1191 2971 et
1216 2905 1476 2971 Emme‘
1498 2905 1566 2970 in
1590 2906 1829 2984 dotem,
1853 2916 1921 2972 et
1944 2916 2198 2971 mortuo
2221 2907 2333 2970 illo
2357 2906 2701 2983 Willelm0‚

483 3020 811 3078 uenerunt
848 3012 976 3097 ipsi
1016 3011 1217 3099 Hugo
1260 3020 1328 3076 et
1371 3012 1605 3076 Emma
1644 3019 1712 3076 et
1757 3020 2071 3098 ceperunt
2121 3021 2358 3076 terram
2405 3011 2580 3075 illam
2631 3011 2699 3075 in

483 3139 751 3183 manum
780 3139 984 3193 suam,
1015 3122 1083 3181 et
1113 3124 1340 3201 postea
1378 3116 1565 3180 uenit
1606 3116 1934 3182 Fabianus
1973 3124 2042 3181 615
2082 3116 2279 3181 finem
2324 3115 2508 3180 fecit⁶
2551 3138 2700 3180 cum

483 3222 580 3287 eis
650 3220 749 3285 ita
820 3219 993 3306 quod
1066 3218 1335 3284 haberet
1408 3219 1712 3285 seisinam
1786 3220 1866 3286 de
1926 3220 2151 3285 eadem
2212 3228 2384 3285 terra
2442 3220 2697 3305 qualem

486 3325 855 3391 Willelmus
906 3332 1094 3410 pater
1142 3348 1299 3389 suus
1350 3324 1600 3402 habuit,
1648 3332 1750 3389 set
1797 3324 2025 3389 dicunt
2074 3323 2245 3410 quod
2293 3347 2422 3388 000
2470 3322 2702 3388 1161111115

486 3452 632 3494 6601
677 3427 803 3492 0131
847 3427 930 3492 ad
975 3427 1184 3492 uitam
1230 3449 1432 3503 suam,
1463 3435 1531 3491 615
1576 3427 1714 3512 ipse
1759 3429 2170 3513 postmodum
2217 3451 2358 3493 eam
2406 3426 2704 3491 uendidit

486 3531 699 3597 eidem
734 3530 1046 3618 Magistro
1077 3528 1371 3594 RicardO.
1445 3530 1533 3593 Et
1563 3530 1763 3617 Hugo
1794 3538 1863 3596 615
1895 3532 2039 3596 Eua
2066 3530 2307 3617 quesiti
2336 3529 2391 3595 si
2414 3551 2701 3615 unquam

485 3644 641 3701 ante
672 3641 932 3719 tempus
954 3633 1269 3698 Willelmi
1290 3632 1494 3718 patris
1525 3633 1799 3699 Fabiani
1820 3634 2191 3700 habuerunt
2220 3632 2371 3697 inde
2402 3632 2701 3698 seisinam

556 3776 573 3809 ¹
611 3776 808 3840 Supply
830 3779 1073 3826 nesciunt.
1713 3779 1735 3810 ⁴
1768 3776 1872 3828 She
1888 3777 1934 3827 is
1953 3776 2253 3828 sometimes
2268 3777 2385 3828 Eva
2408 3777 2705 3828 sometimes

553 3843 575 3874 ²
607 3841 811 3892 Hubert
853 3855 957 3891 was
1008 3839 1363 3891 chamberlain
1406 3842 1547 3905 early
1647 3842 1857 3892 Emma.

489 3908 550 3958 in
572 3908 761 3957 John's
782 3906 943 3968 reign.
1713 3909 1735 3940 ⁶
1756 3910 1890 3972 fecit
1911 3907 2080 3960 interl.
2111 3908 2177 3971 by
2199 3911 2495 3961 annotator.

556 3973 577 4005 ³
612 3974 788 4022 habuit
809 3971 980 4022 interl.
1005 3971 1073 4035 by
1096 3974 1390 4023 annotator.

2765 2095 2989 2133 Sumen-net.
