3342 5217
345 441 408 505 356
554 453 875 516 monstrassem.
899 442 992 519 1230,
1015 457 1076 506 aa
1102 357 1244 571 145.

346 835 435 900 etin
455 834 619 922 presencia
640 834 840 900 uicecomitis
863 844 897 901 et
919 835 1081 901 hundredi
1133 844 1245 903 uestus
1265 839 1329 904 luit
1350 839 1455 905 dictus

347 937 459 1004 Abbas
480 937 520 1003 de
543 938 714 1025 Bardenay
735 939 821 1026 quod
846 934 933 1003 idem
956 939 1068 1004 Abbas
1120 988 1137 1004 e
1158 940 1361 1027 Tuppeholm
1382 943 1455 1029 plus

346 1043 482 1108 attraxit
511 1042 553 1108 ad
581 1042 711 1107 feodum
740 1064 837 1107 suum
865 1065 964 1128 quam
994 1042 1034 1108 de
1058 1038 1135 1113 iude
1156 1044 1320 1110 attrahere
1341 1045 1455 1111 debuit

347 1147 412 1212 scil.
442 1170 469 1212 v.
496 1169 557 1212 acr.
580 1155 673 1224 terre,
696 1147 774 1233 quia
795 1145 928 1232 quidam
950 1130 1255 1523 Walteussbbas
1275 1158 1471 1242 antecessor¹

346 626 393 692 eis
413 625 482 690 dies
503 625 613 690 datus¹
634 648 731 712 super
750 625 857 691 locum
876 625 971 691 illum
993 635 1029 692 et
1050 587 1202 1007 pl?w
1215 624 1307 694 illam
1330 629 1371 696 de
1392 653 1458 717 qua

346 730 410 795 fuit
424 729 597 808 contencio,
612 729 654 796 ad
669 753 765 816 quem
780 730 868 796 diem
880 740 915 796 et
925 731 1031 797 locum
1043 755 1113 798 com
1139 801 1151 826 ἦ
1202 744 1300 800 erunt
1311 736 1456 801 Abbates

347 1275 425 1318 suus
439 1251 503 1318 luit
517 1252 646 1317 seisitus
660 1250 701 1316 de
716 1251 829 1317 eadem
844 1260 932 1317 terra
946 1258 984 1316 ut
999 1252 1039 1317 de
1060 1252 1091 1316 fe
1140 1274 1159 1315 o
1179 1261 1214 1317 et
1234 1253 1304 1318 iure
1323 1254 1454 1320 ecclesie

348 1380 404 1423 sue
427 1365 461 1422 et
480 1357 526 1421 sic
545 1356 691 1421 Abbates
710 1364 744 1421 et
765 1377 960 1420 successores
979 1363 1014 1420 et
1033 1354 1127 1420 hoco
1145 1355 1235 1421 >tulit
1248 1357 1383 1442 probare
1397 1380 1455 1444 per

348 1481 463 1546 corpus
477 1457 645 1524 cuiusdam
661 1458 754 1523 liberi
769 1457 910 1523 hominis
923 1457 976 1522 sui
990 1467 1051 1522 etc.

414 1561 473 1627 Et¹
486 1562 599 1628 Abbas
613 1562 653 1627 de
669 1562 874 1649 Tuppeholm
893 1561 987 1626 uenit
1006 1569 1041 1626 et
1060 1556 1211 1633 defendit
1231 1562 1283 1630 ius
1301 1586 1398 1628 suum
1419 1572 1455 1629 et

348 1666 499 1732 seisinam
520 1665 659 1753 predicti
680 1666 820 1732 Abbatis
842 1675 877 1731 et
899 1665 1009 1752 posuit
1024 1687 1065 1761 se
1086 1665 1140 1730 inl
1148 1689 1299 1753 magnam
1322 1668 1454 1733 assisam

348 1771 441 1838 Dom.
465 1771 563 1858 Regis
592 1770 633 1835 de
655 1771 724 1836 iure
747 1779 782 1835 et
804 1771 853 1835 ita
874 1769 960 1857 quod
984 1769 1164 1846 uicemmes
1186 1768 1278 1835 dedit
1297 1771 1344 1836 eis
1367 1771 1454 1836 diem

348 1876 390 1941 ad
411 1875 594 1962 proximum
612 1874 803 1940 comitatum
823 1883 863 1939 ut
882 1873 959 1939 inde
981 1851 1235 1959 responderint!
1281 1874 1334 1940 Ad
1356 1897 1454 1961 quem

349 1980 539 2044 comitatum
565 1986 703 2064 utraque
725 1985 818 2064 parte
841 1984 1049 2063 comparente
1069 1975 1148 2040 tulit
1170 1975 1259 2041 idem
1279 1977 1391 2042 Abbns
1413 1978 1455 2043 de

349 2083 552 2169 Tuppeholm
566 2081 665 2146 breue
681 2081 773 2146 Dom.
790 2080 890 2166 Regis
904 2079 945 2145 de
958 2077 1109 2165 ponenda
1122 2078 1251 2164 loquela
1264 2080 1300 2145 in
1313 2081 1454 2146 bancum

349 2195 383 2252 et
398 2186 438 2251 de
453 2184 582 2250 recordo
596 2183 718 2249 ibidem
733 2183 879 2248 faciendo
894 2191 929 2247 et
942 2182 1130 2268 priusquam
1145 2182 1277 2268 aliquod
1296 2182 1454 2249 iudicium

349 2291 425 2357 inde
442 2290 533 2354 lieret
547 2288 582 2354 in
597 2289 753 2354 comitatu
769 2289 822 2353 uel
837 2296 1013 2372 antequam
1034 2279 1164 2372 loquela
1182 2287 1350 2372 querelata
1368 2297 1455 2352 esset

350 2397 385 2460 in
414 2394 577 2459 comitatu.
622 2393 666 2456 Et
695 2392 841 2456 Abbates
870 2390 990 2476 quesiti
1018 2391 1047 2455 si
1075 2391 1142 2455 tale
1171 2395 1256 2455 esset
1278 2390 1455 2468 recemum,

348 2500 461 2565 dicunt
476 2497 561 2584 quod
576 2497 642 2562 tale
662 2504 720 2562 est.
763 2494 862 2561 Unde
883 2494 1131 2562 Consideratum
1146 2504 1196 2560 est
1213 2495 1300 2582 quod
1316 2495 1455 2581 predicti

349 2612 488 2690 quatuor
503 2602 623 2667 milites
637 2600 789 2666 recedant
805 2600 910 2686 quieti
924 2600 1001 2686 quia
1015 2600 1142 2665 nullum
1157 2598 1315 2665 iudicium
1330 2600 1454 2664 factum

349 2709 413 2774 luit
441 2707 476 2773 in
505 2707 672 2783 comitatu,
694 2717 728 2770 et
757 2705 835 2792 quia
863 2704 973 2769 nullus
1001 2703 1198 2790 sequebatur
1219 2705 1319 2769 breue
1341 2724 1456 2767 uersus

350 2811 541 2877 comitatum
556 2810 629 2875 ideo
644 2809 753 2874 nullus
768 2808 803 2873 in
818 2807 1043 2873 misericordia
1063 2807 1069 2894 Ι

414 2915 451 2980 ’.Ι
452 2915 594 2980 ohannes
608 2914 649 2979 de
669 2913 701 2978 la
717 2913 818 2979 Stoke
832 2912 1039 2979 athachiatus
1059 2912 1123 2977 fuit
1137 2912 1177 2976 ad
1193 2911 1454 2997 respondendum

350 3019 490 3086 Oristine
506 3019 546 3083 de
561 3019 593 3083 la
608 3017 710 3084 Stoke
725 3040 787 3103 que
802 3026 853 3081 est
867 3017 951 3081 infra
965 3025 1087 3082 etatem
1108 3039 1207 3103 quare
1227 3039 1293 3082 non
1311 3026 1404 3082 tenet
1425 3017 1454 3083 ei

350 3124 448 3189 finem
477 3123 598 3188 factum
629 3122 664 3186 in
693 3121 782 3187 curia
803 3122 896 3186 Dom.
920 3122 1020 3209 Regis
1041 3144 1148 3187 coram
1170 3121 1356 3188 iusticiariis
1377 3124 1454 3188 itin·

349 3227 515 3293 crantibus
528 3228 563 3292 in
579 3226 691 3292 eodem
706 3226 862 3292 comitatu
877 3227 964 3292 inter
973 3227 1080 3313 ipsum
1092 3228 1115 3292 J
1115 3227 1275 3293 ohannem
1286 3238 1454 3314 petentem

350 3340 385 3397 et
399 3332 578 3397 Robertum
593 3331 633 3397 de
649 3332 681 3396 la
695 3331 797 3396 Stoke
818 3341 945 3418 patrem
964 3332 1067 3418 ipsius
1088 3331 1229 3398 Cristine
1249 3333 1341 3398 cuius
1362 3333 1456 3399 berea

350 3437 421 3522 ipsa
442 3444 491 3500 est
509 3444 676 3502 tenentem
698 3435 738 3501 de
758 3436 864 3502 tribus
883 3436 963 3523 uirg.
980 3446 1065 3502 terre
1085 3459 1158 3502 cum
1178 3446 1259 3523 pert
1274 3438 1308 3502 in
1324 3438 1456 3504 Sumer-

352 3539 446 3605 lande
461 3539 547 3605 unde
568 3540 794 3627 cirographum
810 3539 896 3626 quod
915 3541 1037 3625 profert
1051 3549 1086 3606 et
1101 3540 1188 3626 quod
1207 3549 1349 3606 testatur
1368 3540 1456 3626 quod

352 3644 515 3732 predictus
534 3645 557 3709 J
558 3644 699 3710 ohannes
718 3644 907 3732 recognouit
926 3653 1031 3710 totam
1053 3643 1230 3731 predictam
1246 3653 1365 3709 terram
1380 3667 1454 3708 cum

353 3757 433 3836 pert,
456 3771 525 3813 esse
543 3749 594 3813 ius
616 3747 718 3834 ipsius
739 3747 884 3824 Roberti‚
906 3756 941 3812 et
969 3746 1056 3812 idem
1078 3747 1240 3834 Rogems³
1260 3768 1318 3832 pro
1340 3747 1455 3814 eadem

352 3855 571 3942 recognicione
595 3853 686 3919 dedit
708 3862 742 3918 et
763 3853 920 3918 concessit
940 3852 1046 3918 eidem
1066 3851 1210 3917 Jchanni
1227 3875 1278 3917 xa
1293 3873 1354 3917 aer.
1369 3861 1456 3918 terre

251 3983 254 3988 ·
352 3981 427 4024 cum
441 3966 521 4044 pert.
538 3956 578 4022 de
594 3955 706 4022 eedem
721 3964 808 4022 terra
822 3964 893 4032 ete,
907 3963 942 4020 et
956 3954 1043 4020 unde
1062 3954 1133 4039 ipsa
1147 3952 1290 4020 Oristina
1309 3955 1457 4040 queritur

353 4058 438 4145 quod
453 4057 521 4144 ipse
536 4056 560 4120 J
560 4055 702 4121 ohannes
716 4063 828 4120 contra
841 4054 940 4118 finem
954 4053 1049 4118 illum
1059 4052 1198 4118 attrahit
1208 4051 1272 4117 sibi
1281 4052 1457 4118 seruicium

353 4157 503 4246 Hugonis
532 4156 630 4222 Fabri
653 4155 717 4221 scil.
744 4155 824 4220 duos
854 4153 908 4219 sol
933 4175 992 4239 per
1020 4175 1092 4218 ann.
1117 4161 1152 4216 et
1180 4150 1353 4217 seruicium
1383 4152 1457 4217 Ade

385 4350 395 4383 ¹
412 4349 470 4401 Om.
482 4351 564 4410 datu,
577 4349 608 4398 A.
960 4346 972 4380 ⁸
988 4347 1152 4410 responderet,
1164 4347 1196 4395 L

385 4413 467 4464 ’The
485 4413 573 4464 record
592 4413 621 4464 cl
638 4412 683 4464 the
701 4415 798 4476 county
817 4427 876 4462 aon-
961 4413 1018 4462 ⁴A.
1032 4410 1132 4462 mod

354 4480 447 4531 tinum.
579 4515 582 4524 .
960 4478 971 4509 ⁸
986 4478 1057 4528 Gorr.
1069 4478 1200 4528 Rotam.
