<?xml version="1.0" encoding="UTF-8"?>
<!DOCTYPE html PUBLIC "-//W3C//DTD XHTML 1.0 Transitional//EN"
    "http://www.w3.org/TR/xhtml1/DTD/xhtml1-transitional.dtd">
<html xmlns="http://www.w3.org/1999/xhtml" xml:lang="en" lang="en">
 <head>
  <title>
</title>
<meta http-equiv="Content-Type" content="text/html;charset=utf-8" />
  <meta name='ocr-system' content='tesseract 3.04.00' />
  <meta name='ocr-capabilities' content='ocr_page ocr_carea ocr_par ocr_line ocrx_word'/>
</head>
<body>
  <div class='ocr_page' id='page_1' title='image "bractonsnoteboo01maitgoog_0591.png"; bbox 0 0 3342 5217; ppageno 0'>
   <div class='ocr_carea' id='block_1_1' title="bbox 244 162 1357 3244">
    <p class='ocr_par' dir='ltr' id='par_1_1' title="bbox 247 162 1354 644">
     <span class='ocr_line' id='line_1_1' title="bbox 248 162 1353 251; baseline 0.004 -21"><span class='ocrx_word' id='word_1_1' title='bbox 248 162 346 230; x_wconf 79' lang='lat' dir='ltr'>Ioco&#39;</span> <span class='ocrx_word' id='word_1_2' title='bbox 375 172 544 251; x_wconf 86' lang='lat' dir='ltr'>petentem</span> <span class='ocrx_word' id='word_1_3' title='bbox 573 174 608 230; x_wconf 88' lang='lat' dir='ltr'>et</span> <span class='ocrx_word' id='word_1_4' title='bbox 638 164 781 230; x_wconf 87' lang='lat' dir='ltr'>Priorem</span> <span class='ocrx_word' id='word_1_5' title='bbox 810 162 852 229; x_wconf 92' lang='lat' dir='ltr'>de</span> <span class='ocrx_word' id='word_1_6' title='bbox 889 162 1084 229; x_wconf 80' lang='lat' dir='ltr'>Shirburnia</span> <span class='ocrx_word' id='word_1_7' title='bbox 1112 172 1281 231; x_wconf 88' lang='lat' dir='ltr'>tenentem</span> <span class='ocrx_word' id='word_1_8' title='bbox 1313 169 1353 235; x_wconf 91' lang='lat' dir='ltr'>de</span> 
     </span>
     <span class='ocr_line' id='line_1_2' title="bbox 247 266 1354 353; baseline 0.005 -20"><span class='ocrx_word' id='word_1_9' title='bbox 247 266 460 333; x_wconf 85' lang='lat' dir='ltr'>aduocacione</span> <span class='ocrx_word' id='word_1_10' title='bbox 485 267 617 333; x_wconf 81' lang='lat' dir='ltr'>eeclesia</span> <span class='ocrx_word' id='word_1_11' title='bbox 639 266 680 333; x_wconf 88' lang='lat' dir='ltr'>de</span> <span class='ocrx_word' id='word_1_12' title='bbox 702 267 936 353; x_wconf 85' lang='lat' dir='ltr'>Wyndlesham</span> <span class='ocrx_word' id='word_1_13' title='bbox 959 276 1070 333; x_wconf 87' lang='lat' dir='ltr'>utrum</span> <span class='ocrx_word' id='word_1_14' title='bbox 1092 268 1178 335; x_wconf 86' lang='lat' dir='ltr'>idem</span> <span class='ocrx_word' id='word_1_15' title='bbox 1202 270 1292 337; x_wconf 85' lang='lat' dir='ltr'>Prior</span> <span class='ocrx_word' id='word_1_16' title='bbox 1312 272 1354 337; x_wconf 90' lang='lat' dir='ltr'>de</span> 
     </span>
     <span class='ocr_line' id='line_1_3' title="bbox 248 369 1353 441; baseline 0.005 -6"><span class='ocrx_word' id='word_1_17' title='bbox 248 370 442 436; x_wconf 87' lang='lat' dir='ltr'>Shirburnia</span> <span class='ocrx_word' id='word_1_18' title='bbox 469 370 574 435; x_wconf 87' lang='lat' dir='ltr'>maius</span> <span class='ocrx_word' id='word_1_19' title='bbox 603 370 655 436; x_wconf 91' lang='lat' dir='ltr'>ius</span> <span class='ocrx_word' id='word_1_20' title='bbox 683 370 804 435; x_wconf 86' lang='lat' dir='ltr'>habeat</span> <span class='ocrx_word' id='word_1_21' title='bbox 832 370 868 433; x_wconf 94' lang='lat' dir='ltr'>in</span> <span class='ocrx_word' id='word_1_22' title='bbox 889 369 1103 435; x_wconf 83' lang='lat' dir='ltr'>aduoeaeione</span> <span class='ocrx_word' id='word_1_23' title='bbox 1125 370 1182 437; x_wconf 89' lang='lat' dir='ltr'>illa</span> <span class='ocrx_word' id='word_1_24' title='bbox 1202 374 1353 441; x_wconf 82' lang='lat' dir='ltr'>auidam</span> 
     </span>
     <span class='ocr_line' id='line_1_4' title="bbox 249 472 1354 565; baseline 0.005 -25"><span class='ocrx_word' id='word_1_25' title='bbox 249 472 342 541; x_wconf 87' lang='lat' dir='ltr'>Prior</span> <span class='ocrx_word' id='word_1_26' title='bbox 369 474 411 539; x_wconf 92' lang='lat' dir='ltr'>de</span> <span class='ocrx_word' id='word_1_27' title='bbox 442 474 538 539; x_wconf 89' lang='lat' dir='ltr'>Nouo</span> <span class='ocrx_word' id='word_1_28' title='bbox 569 474 652 538; x_wconf 84' lang='lat' dir='ltr'>Loco</span> <span class='ocrx_word' id='word_1_29' title='bbox 682 482 718 539; x_wconf 92' lang='lat' dir='ltr'>et</span> <span class='ocrx_word' id='word_1_30' title='bbox 746 473 883 539; x_wconf 86' lang='lat' dir='ltr'>eeclesia</span> <span class='ocrx_word' id='word_1_31' title='bbox 912 497 971 539; x_wconf 85' lang='lat' dir='ltr'>sua</span> <span class='ocrx_word' id='word_1_32' title='bbox 999 474 1039 539; x_wconf 93' lang='lat' dir='ltr'>de</span> <span class='ocrx_word' id='word_1_33' title='bbox 1070 475 1167 541; x_wconf 91' lang='lat' dir='ltr'>Nouo</span> <span class='ocrx_word' id='word_1_34' title='bbox 1192 478 1276 543; x_wconf 87' lang='lat' dir='ltr'>Loco</span> <span class='ocrx_word' id='word_1_35' title='bbox 1298 480 1354 565; x_wconf 91' lang='lat' dir='ltr'>qui</span> 
     </span>
     <span class='ocr_line' id='line_1_5' title="bbox 248 586 434 644; baseline 0.005 -1"><span class='ocrx_word' id='word_1_36' title='bbox 248 586 434 644; x_wconf 79' lang='lat' dir='ltr'>tenentete</span> 
     </span>
    </p>

    <p class='ocr_par' dir='ltr' id='par_1_2' title="bbox 244 680 1357 3244">
     <span class='ocr_line' id='line_1_6' title="bbox 314 680 1355 769; baseline 0.005 -22"><span class='ocrx_word' id='word_1_37' title='bbox 314 684 358 748; x_wconf 88' lang='lat' dir='ltr'>Et</span> <span class='ocrx_word' id='word_1_38' title='bbox 373 681 466 747; x_wconf 89' lang='lat' dir='ltr'>uenit</span> <span class='ocrx_word' id='word_1_39' title='bbox 481 680 558 745; x_wconf 80' lang='lat' dir='ltr'>ree’²</span> <span class='ocrx_word' id='word_1_40' title='bbox 571 704 631 768; x_wconf 86' lang='lat' dir='ltr'>per</span> <span class='ocrx_word' id='word_1_41' title='bbox 643 682 724 746; x_wconf 89' lang='lat' dir='ltr'>istos</span> <span class='ocrx_word' id='word_1_42' title='bbox 738 681 805 747; x_wconf 87' lang='lat' dir='ltr'>soil.</span> <span class='ocrx_word' id='word_1_43' title='bbox 825 682 1011 747; x_wconf 85' lang='lat' dir='ltr'>Willelmus</span> <span class='ocrx_word' id='word_1_44' title='bbox 1032 682 1073 747; x_wconf 87' lang='lat' dir='ltr'>de</span> <span class='ocrx_word' id='word_1_45' title='bbox 1088 684 1194 769; x_wconf 86' lang='lat' dir='ltr'>Wyke</span> <span class='ocrx_word' id='word_1_46' title='bbox 1217 694 1251 750; x_wconf 87' lang='lat' dir='ltr'>et</span> <span class='ocrx_word' id='word_1_47' title='bbox 1271 686 1327 752; x_wconf 87' lang='lat' dir='ltr'>alii</span> <span class='ocrx_word' id='word_1_48' title='bbox 1336 684 1355 763; x_wconf 81' lang='lat'>⁸,</span> 
     </span>
     <span class='ocr_line' id='line_1_7' title="bbox 247 783 1355 871; baseline 0.004 -21"><span class='ocrx_word' id='word_1_49' title='bbox 247 785 304 871; x_wconf 91' lang='lat' dir='ltr'>qui</span> <span class='ocrx_word' id='word_1_50' title='bbox 321 785 435 849; x_wconf 87' lang='lat' dir='ltr'>dicunt</span> <span class='ocrx_word' id='word_1_51' title='bbox 454 806 552 869; x_wconf 83' lang='lat' dir='ltr'>super</span> <span class='ocrx_word' id='word_1_52' title='bbox 572 792 810 849; x_wconf 80' lang='lat' dir='ltr'>sacramentum</span> <span class='ocrx_word' id='word_1_53' title='bbox 833 784 919 870; x_wconf 94' lang='lat' dir='ltr'>quod</span> <span class='ocrx_word' id='word_1_54' title='bbox 941 783 1114 870; x_wconf 89' lang='lat' dir='ltr'>aliquando</span> <span class='ocrx_word' id='word_1_55' title='bbox 1136 808 1200 851; x_wconf 92' lang='grc' dir='ltr'>ηοη</span> <span class='ocrx_word' id='word_1_56' title='bbox 1223 788 1355 855; x_wconf 87' lang='lat' dir='ltr'>suerunt</span> 
     </span>
     <span class='ocr_line' id='line_1_8' title="bbox 247 887 1355 975; baseline 0.002 -20"><span class='ocrx_word' id='word_1_57' title='bbox 247 898 415 955; x_wconf 89' lang='lat' dir='ltr'>manentes</span> <span class='ocrx_word' id='word_1_58' title='bbox 437 888 472 953; x_wconf 90' lang='lat' dir='ltr'>in</span> <span class='ocrx_word' id='word_1_59' title='bbox 492 889 573 953; x_wconf 87' lang='lat' dir='ltr'>uilla</span> <span class='ocrx_word' id='word_1_60' title='bbox 590 887 595 975; x_wconf 92' lang='grc' dir='ltr'>Ι</span> <span class='ocrx_word' id='word_1_61' title='bbox 615 888 672 953; x_wconf 89' lang='lat' dir='ltr'>illa</span> <span class='ocrx_word' id='word_1_62' title='bbox 685 888 750 953; x_wconf 89' lang='lat' dir='ltr'>nisi</span> <span class='ocrx_word' id='word_1_63' title='bbox 764 896 895 953; x_wconf 88' lang='lat' dir='ltr'>tantum</span> <span class='ocrx_word' id='word_1_64' title='bbox 910 896 976 953; x_wconf 86' lang='lat' dir='ltr'>tres</span> <span class='ocrx_word' id='word_1_65' title='bbox 990 888 1136 954; x_wconf 90' lang='lat' dir='ltr'>homines</span> <span class='ocrx_word' id='word_1_66' title='bbox 1152 890 1209 975; x_wconf 93' lang='lat' dir='ltr'>qui</span> <span class='ocrx_word' id='word_1_67' title='bbox 1223 891 1355 957; x_wconf 87' lang='lat' dir='ltr'>suerunt</span> 
     </span>
     <span class='ocr_line' id='line_1_9' title="bbox 247 993 1355 1083; baseline 0.004 -25"><span class='ocrx_word' id='word_1_68' title='bbox 247 993 432 1079; x_wconf 83' lang='lat' dir='ltr'>parochiani</span> <span class='ocrx_word' id='word_1_69' title='bbox 454 994 655 1080; x_wconf 76' lang='lat' dir='ltr'>pertinentes</span> <span class='ocrx_word' id='word_1_70' title='bbox 676 994 719 1059; x_wconf 86' lang='lat' dir='ltr'>ad</span> <span class='ocrx_word' id='word_1_71' title='bbox 745 993 910 1059; x_wconf 87' lang='lat' dir='ltr'>eeclesiam</span> <span class='ocrx_word' id='word_1_72' title='bbox 938 994 978 1059; x_wconf 92' lang='lat' dir='ltr'>de</span> <span class='ocrx_word' id='word_1_73' title='bbox 1001 994 1196 1083; x_wconf 78' lang='lat' dir='ltr'>Woelringes</span> <span class='ocrx_word' id='word_1_74' title='bbox 1218 1005 1252 1061; x_wconf 88' lang='lat' dir='ltr'>et</span> <span class='ocrx_word' id='word_1_75' title='bbox 1274 1005 1355 1083; x_wconf 89' lang='lat' dir='ltr'>aput</span> 
     </span>
     <span class='ocr_line' id='line_1_10' title="bbox 247 1096 1355 1184; baseline 0.004 -22"><span class='ocrx_word' id='word_1_76' title='bbox 247 1096 443 1184; x_wconf 78' lang='lat' dir='ltr'>Woclringes</span> <span class='ocrx_word' id='word_1_77' title='bbox 465 1098 597 1163; x_wconf 87' lang='lat' dir='ltr'>suerunt</span> <span class='ocrx_word' id='word_1_78' title='bbox 625 1119 758 1183; x_wconf 78' lang='lat' dir='ltr'>corpora</span> <span class='ocrx_word' id='word_1_79' title='bbox 780 1097 918 1184; x_wconf 83' lang='lat' dir='ltr'>sepulti⁴</span> <span class='ocrx_word' id='word_1_80' title='bbox 944 1104 978 1162; x_wconf 91' lang='lat' dir='ltr'>et</span> <span class='ocrx_word' id='word_1_81' title='bbox 1002 1098 1095 1183; x_wconf 89' lang='lat' dir='ltr'>pueri</span> <span class='ocrx_word' id='word_1_82' title='bbox 1124 1098 1289 1183; x_wconf 87' lang='lat' dir='ltr'>baptizati,</span> <span class='ocrx_word' id='word_1_83' title='bbox 1321 1109 1355 1167; x_wconf 87' lang='lat' dir='ltr'>et</span> 
     </span>
     <span class='ocr_line' id='line_1_11' title="bbox 246 1201 1354 1290; baseline 0.004 -23"><span class='ocrx_word' id='word_1_84' title='bbox 246 1202 350 1267; x_wconf 88' lang='lat' dir='ltr'>creuit</span> <span class='ocrx_word' id='word_1_85' title='bbox 364 1202 445 1267; x_wconf 91' lang='lat' dir='ltr'>uilla</span> <span class='ocrx_word' id='word_1_86' title='bbox 453 1210 488 1267; x_wconf 92' lang='lat' dir='ltr'>et</span> <span class='ocrx_word' id='word_1_87' title='bbox 502 1224 601 1287; x_wconf 85' lang='lat' dir='ltr'>quare</span> <span class='ocrx_word' id='word_1_88' title='bbox 617 1201 712 1289; x_wconf 88' lang='lat' dir='ltr'>longe</span> <span class='ocrx_word' id='word_1_89' title='bbox 727 1204 860 1267; x_wconf 86' lang='lat' dir='ltr'>fuerunt</span> <span class='ocrx_word' id='word_1_90' title='bbox 875 1201 915 1267; x_wconf 88' lang='lat' dir='ltr'>de</span> <span class='ocrx_word' id='word_1_91' title='bbox 927 1202 1104 1290; x_wconf 84' lang='lat' dir='ltr'>Wolringes</span> <span class='ocrx_word' id='word_1_92' title='bbox 1115 1203 1208 1267; x_wconf 88' lang='lat' dir='ltr'>uenit</span> <span class='ocrx_word' id='word_1_93' title='bbox 1223 1204 1354 1290; x_wconf 88' lang='lat' dir='ltr'>quidam</span> 
     </span>
     <span class='ocr_line' id='line_1_12' title="bbox 247 1304 1354 1393; baseline 0.007 -24"><span class='ocrx_word' id='word_1_94' title='bbox 247 1306 390 1393; x_wconf 86' lang='lat' dir='ltr'>Honing&#39;</span> <span class='ocrx_word' id='word_1_95' title='bbox 412 1306 469 1391; x_wconf 94' lang='lat' dir='ltr'>qui</span> <span class='ocrx_word' id='word_1_96' title='bbox 491 1306 599 1370; x_wconf 84' lang='lat' dir='ltr'>tenuit</span> <span class='ocrx_word' id='word_1_97' title='bbox 621 1305 656 1370; x_wconf 93' lang='lat' dir='ltr'>in</span> <span class='ocrx_word' id='word_1_98' title='bbox 678 1305 785 1392; x_wconf 84' lang='lat' dir='ltr'>capite</span> <span class='ocrx_word' id='word_1_99' title='bbox 806 1304 848 1371; x_wconf 89' lang='lat' dir='ltr'>de</span> <span class='ocrx_word' id='word_1_100' title='bbox 871 1306 964 1371; x_wconf 88' lang='lat' dir='ltr'>Dorn.</span> <span class='ocrx_word' id='word_1_101' title='bbox 987 1306 1087 1393; x_wconf 85' lang='lat' dir='ltr'>Rege,</span> <span class='ocrx_word' id='word_1_102' title='bbox 1111 1314 1145 1372; x_wconf 86' lang='lat' dir='ltr'>et</span> <span class='ocrx_word' id='word_1_103' title='bbox 1167 1307 1201 1372; x_wconf 91' lang='lat' dir='ltr'>in</span> <span class='ocrx_word' id='word_1_104' title='bbox 1224 1316 1354 1377; x_wconf 88' lang='lat' dir='ltr'>tantum</span> 
     </span>
     <span class='ocr_line' id='line_1_13' title="bbox 247 1408 1355 1498; baseline 0.002 -25"><span class='ocrx_word' id='word_1_105' title='bbox 247 1410 374 1475; x_wconf 86' lang='lat' dir='ltr'>loeutus</span> <span class='ocrx_word' id='word_1_106' title='bbox 410 1408 474 1473; x_wconf 85' lang='lat' dir='ltr'>fuit</span> <span class='ocrx_word' id='word_1_107' title='bbox 510 1431 585 1474; x_wconf 86' lang='lat' dir='ltr'>eum</span> <span class='ocrx_word' id='word_1_108' title='bbox 613 1431 751 1495; x_wconf 86' lang='lat' dir='ltr'>persona</span> <span class='ocrx_word' id='word_1_109' title='bbox 778 1409 836 1495; x_wconf 90' lang='lat' dir='ltr'>qui</span> <span class='ocrx_word' id='word_1_110' title='bbox 868 1417 947 1474; x_wconf 87' lang='lat' dir='ltr'>tune</span> <span class='ocrx_word' id='word_1_111' title='bbox 982 1410 1137 1496; x_wconf 82' lang='lat' dir='ltr'>temporis</span> <span class='ocrx_word' id='word_1_112' title='bbox 1174 1410 1237 1475; x_wconf 84' lang='lat' dir='ltr'>luit</span> <span class='ocrx_word' id='word_1_113' title='bbox 1274 1420 1355 1498; x_wconf 88' lang='lat' dir='ltr'>aput</span> 
     </span>
     <span class='ocr_line' id='line_1_14' title="bbox 249 1510 1357 1599; baseline 0.003 -23"><span class='ocrx_word' id='word_1_114' title='bbox 249 1512 446 1599; x_wconf 78' lang='lat' dir='ltr'>Woelringes</span> <span class='ocrx_word' id='word_1_115' title='bbox 475 1510 562 1597; x_wconf 90' lang='lat' dir='ltr'>quod</span> <span class='ocrx_word' id='word_1_116' title='bbox 590 1510 765 1576; x_wconf 77' lang='lat' dir='ltr'>conceseit⁶</span> <span class='ocrx_word' id='word_1_117' title='bbox 793 1510 826 1575; x_wconf 88' lang='lat' dir='ltr'>ei</span> <span class='ocrx_word' id='word_1_118' title='bbox 855 1510 942 1597; x_wconf 92' lang='lat' dir='ltr'>quod</span> <span class='ocrx_word' id='word_1_119' title='bbox 971 1512 1090 1576; x_wconf 82' lang='lat' dir='ltr'>laceret</span> <span class='ocrx_word' id='word_1_120' title='bbox 1119 1512 1166 1576; x_wconf 90' lang='lat' dir='ltr'>ibi</span> <span class='ocrx_word' id='word_1_121' title='bbox 1195 1513 1357 1599; x_wconf 76' lang='lat' dir='ltr'>quoddam</span> 
     </span>
     <span class='ocr_line' id='line_1_15' title="bbox 246 1612 1354 1699; baseline 0.003 -20"><span class='ocrx_word' id='word_1_122' title='bbox 246 1614 422 1686; x_wconf 86' lang='lat' dir='ltr'>oratorium</span> <span class='ocrx_word' id='word_1_123' title='bbox 440 1614 475 1678; x_wconf 92' lang='lat' dir='ltr'>in</span> <span class='ocrx_word' id='word_1_124' title='bbox 495 1635 560 1699; x_wconf 92' lang='lat' dir='ltr'>quo</span> <span class='ocrx_word' id='word_1_125' title='bbox 579 1612 754 1699; x_wconf 89' lang='lat' dir='ltr'>aliquando</span> <span class='ocrx_word' id='word_1_126' title='bbox 776 1612 955 1679; x_wconf 87' lang='lat' dir='ltr'>celebrauit</span> <span class='ocrx_word' id='word_1_127' title='bbox 977 1612 1161 1699; x_wconf 79' lang='lat' dir='ltr'>capellanus</span> <span class='ocrx_word' id='word_1_128' title='bbox 1183 1613 1223 1679; x_wconf 92' lang='lat' dir='ltr'>de</span> <span class='ocrx_word' id='word_1_129' title='bbox 1239 1616 1354 1682; x_wconf 78' lang='lat' dir='ltr'>Woeli-</span> 
     </span>
     <span class='ocr_line' id='line_1_16' title="bbox 246 1714 1355 1805; baseline 0.004 -24"><span class='ocrx_word' id='word_1_130' title='bbox 246 1718 338 1805; x_wconf 86' lang='lat' dir='ltr'>inges</span> <span class='ocrx_word' id='word_1_131' title='bbox 353 1727 388 1782; x_wconf 90' lang='lat' dir='ltr'>et</span> <span class='ocrx_word' id='word_1_132' title='bbox 402 1716 578 1803; x_wconf 88' lang='lat' dir='ltr'>aliquando</span> <span class='ocrx_word' id='word_1_133' title='bbox 593 1716 675 1803; x_wconf 84' lang='lat' dir='ltr'>legit</span> <span class='ocrx_word' id='word_1_134' title='bbox 690 1714 828 1804; x_wconf 82' lang='lat' dir='ltr'>ewang&#39;⁰</span> <span class='ocrx_word' id='word_1_135' title='bbox 840 1724 899 1781; x_wconf 87' lang='lat' dir='ltr'>ete.</span> <span class='ocrx_word' id='word_1_136' title='bbox 937 1715 1054 1781; x_wconf 80' lang='lat' dir='ltr'>Postea</span> <span class='ocrx_word' id='word_1_137' title='bbox 1063 1724 1207 1802; x_wconf 90' lang='lat' dir='ltr'>tempore</span> <span class='ocrx_word' id='word_1_138' title='bbox 1220 1718 1355 1785; x_wconf 86' lang='lat' dir='ltr'>Henriei</span> 
     </span>
     <span class='ocr_line' id='line_1_17' title="bbox 246 1816 1354 1907; baseline 0.001 -22"><span class='ocrx_word' id='word_1_139' title='bbox 246 1820 346 1907; x_wconf 84' lang='lat' dir='ltr'>Regis</span> <span class='ocrx_word' id='word_1_140' title='bbox 360 1820 416 1885; x_wconf 86' lang='lat' dir='ltr'>aui</span> <span class='ocrx_word' id='word_1_141' title='bbox 436 1819 531 1884; x_wconf 90' lang='lat' dir='ltr'>Dom.</span> <span class='ocrx_word' id='word_1_142' title='bbox 553 1818 654 1905; x_wconf 84' lang='lat' dir='ltr'>Regis</span> <span class='ocrx_word' id='word_1_143' title='bbox 676 1816 754 1905; x_wconf 90' lang='lat' dir='ltr'>quia</span> <span class='ocrx_word' id='word_1_144' title='bbox 774 1818 940 1904; x_wconf 87' lang='lat' dir='ltr'>predictus</span> <span class='ocrx_word' id='word_1_145' title='bbox 962 1818 1005 1884; x_wconf 94' lang='lat' dir='ltr'>H.</span> <span class='ocrx_word' id='word_1_146' title='bbox 1028 1819 1205 1905; x_wconf 86' lang='lat' dir='ltr'>denegauit</span> <span class='ocrx_word' id='word_1_147' title='bbox 1226 1819 1354 1886; x_wconf 86' lang='lat' dir='ltr'>cuidam</span> 
     </span>
     <span class='ocr_line' id='line_1_18' title="bbox 246 1922 1354 2011; baseline 0.002 -22"><span class='ocrx_word' id='word_1_148' title='bbox 246 1925 447 2011; x_wconf 89' lang='lat' dir='ltr'>Hospeshort</span> <span class='ocrx_word' id='word_1_149' title='bbox 461 1922 610 1988; x_wconf 86' lang='lat' dir='ltr'>uenatori</span> <span class='ocrx_word' id='word_1_150' title='bbox 621 1922 714 1987; x_wconf 89' lang='lat' dir='ltr'>Dom.</span> <span class='ocrx_word' id='word_1_151' title='bbox 727 1922 827 2009; x_wconf 81' lang='lat' dir='ltr'>Regis</span> <span class='ocrx_word' id='word_1_152' title='bbox 839 1922 1037 1987; x_wconf 76' lang='lat' dir='ltr'>dienerium&#39;</span> <span class='ocrx_word' id='word_1_153' title='bbox 1048 1945 1144 1987; x_wconf 83' lang='lat' dir='ltr'>suum</span> <span class='ocrx_word' id='word_1_154' title='bbox 1153 1923 1246 1988; x_wconf 86' lang='lat' dir='ltr'>uenit</span> <span class='ocrx_word' id='word_1_155' title='bbox 1261 1923 1354 1991; x_wconf 90' lang='lat' dir='ltr'>Dom.</span> 
     </span>
     <span class='ocr_line' id='line_1_19' title="bbox 245 2024 1355 2111; baseline 0 -18"><span class='ocrx_word' id='word_1_156' title='bbox 245 2028 318 2093; x_wconf 84' lang='lat' dir='ltr'>Rex</span> <span class='ocrx_word' id='word_1_157' title='bbox 337 2036 372 2093; x_wconf 90' lang='lat' dir='ltr'>et</span> <span class='ocrx_word' id='word_1_158' title='bbox 392 2025 569 2091; x_wconf 88' lang='lat' dir='ltr'>disseisiuit</span> <span class='ocrx_word' id='word_1_159' title='bbox 591 2025 636 2091; x_wconf 91' lang='lat' dir='ltr'>H.</span> <span class='ocrx_word' id='word_1_160' title='bbox 656 2034 692 2089; x_wconf 91' lang='lat' dir='ltr'>et</span> <span class='ocrx_word' id='word_1_161' title='bbox 715 2032 835 2089; x_wconf 88' lang='lat' dir='ltr'>terram</span> <span class='ocrx_word' id='word_1_162' title='bbox 857 2024 947 2090; x_wconf 84' lang='lat' dir='ltr'>illem</span> <span class='ocrx_word' id='word_1_163' title='bbox 970 2024 1061 2091; x_wconf 89' lang='lat' dir='ltr'>dedit</span> <span class='ocrx_word' id='word_1_164' title='bbox 1084 2024 1147 2109; x_wconf 88' lang='lat' dir='ltr'>ipsi</span> <span class='ocrx_word' id='word_1_165' title='bbox 1168 2025 1355 2111; x_wconf 88' lang='lat' dir='ltr'>Hopeshort</span> 
     </span>
     <span class='ocr_line' id='line_1_20' title="bbox 245 2127 1354 2216; baseline 0.001 -21"><span class='ocrx_word' id='word_1_166' title='bbox 245 2138 281 2195; x_wconf 91' lang='lat' dir='ltr'>et</span> <span class='ocrx_word' id='word_1_167' title='bbox 306 2129 465 2216; x_wconf 84' lang='lat' dir='ltr'>Hopesh’⁸</span> <span class='ocrx_word' id='word_1_168' title='bbox 479 2128 652 2215; x_wconf 86' lang='lat' dir='ltr'>quemdam</span> <span class='ocrx_word' id='word_1_169' title='bbox 675 2128 780 2194; x_wconf 90' lang='lat' dir='ltr'>lilium</span> <span class='ocrx_word' id='word_1_170' title='bbox 802 2128 953 2194; x_wconf 84' lang='lat' dir='ltr'>clericum</span> <span class='ocrx_word' id='word_1_171' title='bbox 974 2151 1071 2216; x_wconf 90' lang='lat' dir='ltr'>quem</span> <span class='ocrx_word' id='word_1_172' title='bbox 1092 2127 1169 2194; x_wconf 88' lang='lat' dir='ltr'>feeit</span> <span class='ocrx_word' id='word_1_173' title='bbox 1184 2152 1354 2196; x_wconf 85' lang='lat' dir='ltr'>monacum</span> 
     </span>
     <span class='ocr_line' id='line_1_21' title="bbox 245 2230 1355 2318; baseline 0 -21"><span class='ocrx_word' id='word_1_174' title='bbox 245 2232 333 2318; x_wconf 85' lang='lat' dir='ltr'>apud</span> <span class='ocrx_word' id='word_1_175' title='bbox 358 2230 604 2297; x_wconf 85' lang='lat' dir='ltr'>Shirebumiam</span> <span class='ocrx_word' id='word_1_176' title='bbox 628 2238 663 2295; x_wconf 93' lang='lat' dir='ltr'>et</span> <span class='ocrx_word' id='word_1_177' title='bbox 686 2252 762 2296; x_wconf 85' lang='lat' dir='ltr'>eum</span> <span class='ocrx_word' id='word_1_178' title='bbox 785 2230 842 2295; x_wconf 90' lang='lat' dir='ltr'>illo</span> <span class='ocrx_word' id='word_1_179' title='bbox 872 2230 963 2297; x_wconf 85' lang='lat' dir='ltr'>dedit</span> <span class='ocrx_word' id='word_1_180' title='bbox 992 2230 1241 2297; x_wconf 87' lang='lat' dir='ltr'>aduoeaeionem</span> <span class='ocrx_word' id='word_1_181' title='bbox 1267 2232 1355 2299; x_wconf 91' lang='lat' dir='ltr'>illius</span> 
     </span>
     <span class='ocr_line' id='line_1_22' title="bbox 245 2333 1355 2421; baseline 0 -21"><span class='ocrx_word' id='word_1_182' title='bbox 245 2336 367 2421; x_wconf 86' lang='lat' dir='ltr'>oapelle</span> <span class='ocrx_word' id='word_1_183' title='bbox 383 2334 505 2400; x_wconf 90' lang='lat' dir='ltr'>Domui</span> <span class='ocrx_word' id='word_1_184' title='bbox 519 2334 560 2398; x_wconf 92' lang='lat' dir='ltr'>de</span> <span class='ocrx_word' id='word_1_185' title='bbox 576 2333 797 2410; x_wconf 85' lang='lat' dir='ltr'>Shireburnia,</span> <span class='ocrx_word' id='word_1_186' title='bbox 812 2340 847 2398; x_wconf 89' lang='lat' dir='ltr'>et</span> <span class='ocrx_word' id='word_1_187' title='bbox 868 2341 981 2419; x_wconf 90' lang='lat' dir='ltr'>postea</span> <span class='ocrx_word' id='word_1_188' title='bbox 1000 2334 1111 2399; x_wconf 86' lang='lat' dir='ltr'>amisit</span> <span class='ocrx_word' id='word_1_189' title='bbox 1125 2343 1245 2399; x_wconf 88' lang='lat' dir='ltr'>terrem</span> <span class='ocrx_word' id='word_1_190' title='bbox 1264 2335 1355 2400; x_wconf 89' lang='lat' dir='ltr'>illam</span> 
     </span>
     <span class='ocr_line' id='line_1_23' title="bbox 246 2432 1356 2521; baseline -0.001 -22"><span class='ocrx_word' id='word_1_191' title='bbox 246 2433 567 2521; x_wconf 82' lang='lat' dir='ltr'>perrecognicionem</span> <span class='ocrx_word' id='word_1_192' title='bbox 581 2455 700 2520; x_wconf 80' lang='lat' dir='ltr'>magne</span> <span class='ocrx_word' id='word_1_193' title='bbox 715 2432 813 2497; x_wconf 78' lang='lat' dir='ltr'>assise</span> <span class='ocrx_word' id='word_1_194' title='bbox 831 2454 945 2497; x_wconf 85' lang='lat' dir='ltr'>uersus</span> <span class='ocrx_word' id='word_1_195' title='bbox 965 2432 1099 2498; x_wconf 88' lang='lat' dir='ltr'>heredes</span> <span class='ocrx_word' id='word_1_196' title='bbox 1121 2433 1223 2519; x_wconf 90' lang='lat' dir='ltr'>ipsius</span> <span class='ocrx_word' id='word_1_197' title='bbox 1244 2434 1286 2498; x_wconf 90' lang='lat' dir='ltr'>H.</span> <span class='ocrx_word' id='word_1_198' title='bbox 1306 2434 1356 2499; x_wconf 89' lang='lat' dir='ltr'>ita</span> 
     </span>
     <span class='ocr_line' id='line_1_24' title="bbox 246 2535 1355 2624; baseline 0.001 -22"><span class='ocrx_word' id='word_1_199' title='bbox 246 2537 332 2624; x_wconf 88' lang='lat' dir='ltr'>quod</span> <span class='ocrx_word' id='word_1_200' title='bbox 355 2538 489 2603; x_wconf 83' lang='lat' dir='ltr'>ecelesia</span> <span class='ocrx_word' id='word_1_201' title='bbox 512 2536 553 2603; x_wconf 93' lang='lat' dir='ltr'>de</span> <span class='ocrx_word' id='word_1_202' title='bbox 579 2536 758 2623; x_wconf 85' lang='lat' dir='ltr'>Woekinge</span> <span class='ocrx_word' id='word_1_203' title='bbox 783 2558 911 2621; x_wconf 85' lang='lat' dir='ltr'>semper</span> <span class='ocrx_word' id='word_1_204' title='bbox 934 2535 1051 2601; x_wconf 88' lang='lat' dir='ltr'>habuit</span> <span class='ocrx_word' id='word_1_205' title='bbox 1075 2535 1116 2601; x_wconf 92' lang='lat' dir='ltr'>de</span> <span class='ocrx_word' id='word_1_206' title='bbox 1146 2536 1270 2623; x_wconf 81' lang='lat' dir='ltr'>capella</span> <span class='ocrx_word' id='word_1_207' title='bbox 1298 2537 1355 2603; x_wconf 86' lang='lat' dir='ltr'>illa</span> 
     </span>
     <span class='ocr_line' id='line_1_25' title="bbox 245 2638 1354 2727; baseline 0.001 -22"><span class='ocrx_word' id='word_1_208' title='bbox 245 2640 439 2727; x_wconf 81' lang='lat' dir='ltr'>quandoque</span> <span class='ocrx_word' id='word_1_209' title='bbox 462 2639 505 2725; x_wconf 89' lang='lat' dir='ltr'>iij.</span> <span class='ocrx_word' id='word_1_210' title='bbox 536 2639 591 2704; x_wconf 86' lang='lat' dir='ltr'>sol.</span> <span class='ocrx_word' id='word_1_211' title='bbox 615 2638 809 2725; x_wconf 86' lang='lat' dir='ltr'>quandoque</span> <span class='ocrx_word' id='word_1_212' title='bbox 831 2638 909 2704; x_wconf 91' lang='lat' dir='ltr'>dim.</span> <span class='ocrx_word' id='word_1_213' title='bbox 939 2662 1033 2705; x_wconf 80' lang='lat' dir='ltr'>mare</span> <span class='ocrx_word' id='word_1_214' title='bbox 1058 2640 1250 2726; x_wconf 78' lang='lat' dir='ltr'>quandoque</span> <span class='ocrx_word' id='word_1_215' title='bbox 1280 2640 1354 2727; x_wconf 90' lang='lat' dir='ltr'>plus</span> 
     </span>
     <span class='ocr_line' id='line_1_26' title="bbox 245 2743 1352 2830; baseline 0.001 -21"><span class='ocrx_word' id='word_1_216' title='bbox 245 2743 373 2809; x_wconf 84' lang='lat' dir='ltr'>racione</span> <span class='ocrx_word' id='word_1_217' title='bbox 388 2744 598 2809; x_wconf 83' lang='lat' dir='ltr'>subiectionis</span> <span class='ocrx_word' id='word_1_218' title='bbox 612 2745 697 2809; x_wconf 88' lang='lat' dir='ltr'>sieut</span> <span class='ocrx_word' id='word_1_219' title='bbox 717 2744 758 2809; x_wconf 92' lang='lat' dir='ltr'>de</span> <span class='ocrx_word' id='word_1_220' title='bbox 780 2744 905 2830; x_wconf 83' lang='lat' dir='ltr'>capella</span> <span class='ocrx_word' id='word_1_221' title='bbox 924 2743 1109 2830; x_wconf 87' lang='lat' dir='ltr'>pertinente</span> <span class='ocrx_word' id='word_1_222' title='bbox 1127 2744 1170 2811; x_wconf 91' lang='lat' dir='ltr'>ad</span> <span class='ocrx_word' id='word_1_223' title='bbox 1185 2744 1352 2810; x_wconf 86' lang='lat' dir='ltr'>matrioem</span> 
     </span>
     <span class='ocr_line' id='line_1_27' title="bbox 244 2846 1353 2933; baseline 0.003 -21"><span class='ocrx_word' id='word_1_224' title='bbox 244 2846 420 2913; x_wconf 85' lang='lat' dir='ltr'>eeclesiam.</span> <span class='ocrx_word' id='word_1_225' title='bbox 465 2847 509 2911; x_wconf 88' lang='lat' dir='ltr'>Et</span> <span class='ocrx_word' id='word_1_226' title='bbox 530 2847 609 2933; x_wconf 86' lang='lat' dir='ltr'>qnia</span> <span class='ocrx_word' id='word_1_227' title='bbox 629 2846 815 2933; x_wconf 89' lang='lat' dir='ltr'>Hopeshort</span> <span class='ocrx_word' id='word_1_228' title='bbox 838 2846 965 2912; x_wconf 91' lang='lat' dir='ltr'>nullum</span> <span class='ocrx_word' id='word_1_229' title='bbox 987 2847 1038 2913; x_wconf 87' lang='lat' dir='ltr'>ius</span> <span class='ocrx_word' id='word_1_230' title='bbox 1064 2848 1180 2912; x_wconf 86' lang='lat' dir='ltr'>habuit</span> <span class='ocrx_word' id='word_1_231' title='bbox 1205 2848 1240 2913; x_wconf 92' lang='lat' dir='ltr'>in</span> <span class='ocrx_word' id='word_1_232' title='bbox 1266 2857 1353 2915; x_wconf 84' lang='lat' dir='ltr'>terra</span> 
     </span>
     <span class='ocr_line' id='line_1_28' title="bbox 245 2948 1354 3037; baseline 0 -20"><span class='ocrx_word' id='word_1_233' title='bbox 245 2952 302 3017; x_wconf 87' lang='lat' dir='ltr'>illa</span> <span class='ocrx_word' id='word_1_234' title='bbox 329 2949 405 3016; x_wconf 85' lang='lat' dir='ltr'>nec⁹</span> <span class='ocrx_word' id='word_1_235' title='bbox 430 2949 521 3014; x_wconf 85' lang='lat' dir='ltr'>Prior</span> <span class='ocrx_word' id='word_1_236' title='bbox 549 2950 590 3015; x_wconf 88' lang='lat' dir='ltr'>de</span> <span class='ocrx_word' id='word_1_237' title='bbox 612 2948 825 3015; x_wconf 88' lang='lat' dir='ltr'>Shirebumia</span> <span class='ocrx_word' id='word_1_238' title='bbox 847 2950 1028 3037; x_wconf 85' lang='lat' dir='ltr'>ingressum</span> <span class='ocrx_word' id='word_1_239' title='bbox 1050 2951 1166 3017; x_wconf 87' lang='lat' dir='ltr'>habuit</span> <span class='ocrx_word' id='word_1_240' title='bbox 1188 2974 1354 3037; x_wconf 90' lang='lat' dir='ltr'>pereum,</span> 
     </span>
     <span class='ocr_line' id='line_1_29' title="bbox 245 3052 1352 3140; baseline -0.002 -19"><span class='ocrx_word' id='word_1_241' title='bbox 245 3054 386 3122; x_wconf 87' lang='lat' dir='ltr'>dicunt¹⁰</span> <span class='ocrx_word' id='word_1_242' title='bbox 416 3052 503 3140; x_wconf 91' lang='lat' dir='ltr'>quod</span> <span class='ocrx_word' id='word_1_243' title='bbox 533 3053 646 3118; x_wconf 90' lang='lat' dir='ltr'>Prior¹¹</span> <span class='ocrx_word' id='word_1_244' title='bbox 676 3053 717 3119; x_wconf 90' lang='lat' dir='ltr'>de</span> <span class='ocrx_word' id='word_1_245' title='bbox 748 3053 845 3119; x_wconf 91' lang='lat' dir='ltr'>Nouo</span> <span class='ocrx_word' id='word_1_246' title='bbox 875 3054 959 3119; x_wconf 90' lang='lat' dir='ltr'>Looo</span> <span class='ocrx_word' id='word_1_247' title='bbox 988 3054 1093 3119; x_wconf 89' lang='lat' dir='ltr'>maius</span> <span class='ocrx_word' id='word_1_248' title='bbox 1122 3054 1173 3119; x_wconf 89' lang='lat' dir='ltr'>ius</span> <span class='ocrx_word' id='word_1_249' title='bbox 1195 3054 1295 3120; x_wconf 92' lang='lat' dir='ltr'>habet</span> <span class='ocrx_word' id='word_1_250' title='bbox 1317 3055 1352 3119; x_wconf 90' lang='lat' dir='ltr'>in</span> 
     </span>
     <span class='ocr_line' id='line_1_30' title="bbox 244 3155 1354 3244; baseline -0.001 -20"><span class='ocrx_word' id='word_1_251' title='bbox 244 3158 457 3224; x_wconf 85' lang='lat' dir='ltr'>aduoeaeione</span> <span class='ocrx_word' id='word_1_252' title='bbox 487 3180 585 3244; x_wconf 88' lang='lat' dir='ltr'>quam</span> <span class='ocrx_word' id='word_1_253' title='bbox 616 3157 706 3223; x_wconf 91' lang='lat' dir='ltr'>Prior</span> <span class='ocrx_word' id='word_1_254' title='bbox 734 3157 775 3223; x_wconf 93' lang='lat' dir='ltr'>de</span> <span class='ocrx_word' id='word_1_255' title='bbox 805 3156 1018 3223; x_wconf 87' lang='lat' dir='ltr'>Shirebumia</span> <span class='ocrx_word' id='word_1_256' title='bbox 1046 3155 1130 3221; x_wconf 87' lang='lat' dir='ltr'>siout</span> <span class='ocrx_word' id='word_1_257' title='bbox 1159 3156 1200 3223; x_wconf 86' lang='lat' dir='ltr'>de</span> <span class='ocrx_word' id='word_1_258' title='bbox 1229 3158 1354 3244; x_wconf 86' lang='lat' dir='ltr'>capella</span> 
     </span>
    </p>
   </div>
   <div class='ocr_carea' id='block_1_2' title="bbox 244 3377 1351 4092">
    <p class='ocr_par' dir='ltr' id='par_1_3' title="bbox 244 3377 1351 4092">
     <span class='ocr_line' id='line_1_31' title="bbox 278 3377 1348 3459; baseline -0.004 -26"><span class='ocrx_word' id='word_1_259' title='bbox 278 3382 287 3415; x_wconf 85' lang='lat'>¹</span> <span class='ocrx_word' id='word_1_260' title='bbox 304 3382 413 3459; x_wconf 60' lang='lat' dir='ltr'>llewnrk</span> <span class='ocrx_word' id='word_1_261' title='bbox 423 3381 518 3459; x_wconf 54' lang='lat' dir='ltr'>dbbep</span> <span class='ocrx_word' id='word_1_262' title='bbox 530 3380 709 3431; x_wconf 85' lang='lat' dir='ltr'>Windlesham</span> <span class='ocrx_word' id='word_1_263' title='bbox 720 3380 773 3456; x_wconf 76' lang='lat' dir='ltr'>apd</span> <span class='ocrx_word' id='word_1_264' title='bbox 823 3377 975 3440; x_wconf 81' lang='lat' dir='ltr'>uneertain;</span> <span class='ocrx_word' id='word_1_265' title='bbox 991 3377 1039 3429; x_wconf 89' lang='lat' dir='ltr'>but</span> <span class='ocrx_word' id='word_1_266' title='bbox 1054 3380 1186 3455; x_wconf 54' lang='lat' dir='ltr'>diasprum,</span> <span class='ocrx_word' id='word_1_267' title='bbox 1199 3381 1348 3443; x_wconf 59' lang='lat' dir='ltr'>diametrum,</span> 
     </span>
     <span class='ocr_line' id='line_1_32' title="bbox 244 3444 1351 3583; baseline -0.001 -22"><span class='ocrx_word' id='word_1_268' title='bbox 244 3446 666 3575; x_wconf 44' lang='grc' dir='ltr'>Ψοωμὲἓᾷἓζῗὲηῗω</span> <span class='ocrx_word' id='word_1_269' title='bbox 682 3446 773 3495; x_wconf 58' lang='lat'>⁰²¹¹⁰¹</span> <span class='ocrx_word' id='word_1_270' title='bbox 823 3444 1351 3583; x_wconf 53' lang='lat' dir='ltr'>lflgll⁰l³n⁸tffi⁰¹t¹td¹llllaldl</span> 
     </span>
     <span class='ocr_line' id='line_1_33' title="bbox 277 3572 1285 3674; baseline -0.004 -47"><span class='ocrx_word' id='word_1_271' title='bbox 277 3576 432 3674; x_wconf 68' lang='lat' dir='ltr'>:Probably</span> <span class='ocrx_word' id='word_1_272' title='bbox 441 3578 609 3638; x_wconf 61' lang='lat' dir='ltr'>recognitum.</span> <span class='ocrx_word' id='word_1_273' title='bbox 824 3574 924 3671; x_wconf 73' lang='lat' dir='ltr'>dipner.</span> <span class='ocrx_word' id='word_1_274' title='bbox 962 3572 1026 3622; x_wconf 74' lang='lat' dir='ltr'>This</span> <span class='ocrx_word' id='word_1_275' title='bbox 1037 3572 1147 3650; x_wconf 77' lang='lat' dir='ltr'>enraged</span> <span class='ocrx_word' id='word_1_276' title='bbox 1158 3573 1202 3623; x_wconf 90' lang='lat' dir='ltr'>the</span> <span class='ocrx_word' id='word_1_277' title='bbox 1213 3574 1285 3637; x_wconf 74' lang='lat' dir='ltr'>king.</span> 
     </span>
     <span class='ocr_line' id='line_1_34' title="bbox 245 3638 1350 3779; baseline 0 -24"><span class='ocrx_word' id='word_1_278' title='bbox 245 3639 712 3769; x_wconf 56' lang='lat' dir='ltr'>rmggsdiiorsirldirldlielndirtlrirrdlll.</span> <span class='ocrx_word' id='word_1_279' title='bbox 728 3638 773 3689; x_wconf 52' lang='lat' dir='ltr'>the</span> <span class='ocrx_word' id='word_1_280' title='bbox 857 3638 1135 3779; x_wconf 44' lang='lat' dir='ltr'>ediiillrlllin&#39;rhe</span> <span class='ocrx_word' id='word_1_281' title='bbox 1146 3701 1219 3753; x_wconf 89' lang='lat' dir='ltr'>Prior</span> <span class='ocrx_word' id='word_1_282' title='bbox 1229 3704 1259 3753; x_wconf 84' lang='lat' dir='ltr'>ol</span> <span class='ocrx_word' id='word_1_283' title='bbox 1275 3704 1350 3755; x_wconf 80' lang='lat' dir='ltr'>Sher-</span> 
     </span>
     <span class='ocr_line' id='line_1_35' title="bbox 279 3766 1351 3846; baseline 0.001 -25"><span class='ocrx_word' id='word_1_284' title='bbox 279 3773 290 3805; x_wconf 82' lang='lat'><strong>⁴</strong></span> <span class='ocrx_word' id='word_1_285' title='bbox 305 3772 377 3846; x_wconf 80' lang='lat' dir='ltr'>corr.</span> <span class='ocrx_word' id='word_1_286' title='bbox 388 3774 495 3835; x_wconf 69' lang='lat' dir='ltr'>sepulto.</span> <span class='ocrx_word' id='word_1_287' title='bbox 824 3768 906 3843; x_wconf 69' lang='lat' dir='ltr'>torno</span> <span class='ocrx_word' id='word_1_288' title='bbox 916 3768 1026 3819; x_wconf 73' lang='lat' dir='ltr'>osmod</span> <span class='ocrx_word' id='word_1_289' title='bbox 1035 3766 1282 3843; x_wconf 53' lang='lat' dir='ltr'>undeqflopeshort</span> <span class='ocrx_word' id='word_1_290' title='bbox 1297 3772 1351 3821; x_wconf 82' lang='lat' dir='ltr'>and</span> 
     </span>
     <span class='ocr_line' id='line_1_36' title="bbox 276 3833 1351 3963; baseline -0.004 -13"><span class='ocrx_word' id='word_1_291' title='bbox 276 3836 469 3963; x_wconf 41' lang='lat' dir='ltr'>:illectura</span> <span class='ocrx_word' id='word_1_292' title='bbox 498 3898 772 3963; x_wconf 75' lang='lat' dir='ltr'>Hereadthegospel.</span> <span class='ocrx_word' id='word_1_293' title='bbox 823 3833 1191 3957; x_wconf 51' lang='lat' dir='ltr'>ideoidlilsldllrnltiy.mmmgly</span> <span class='ocrx_word' id='word_1_294' title='bbox 1219 3833 1252 3885; x_wconf 56' lang='lat' dir='ltr'>he</span> <span class='ocrx_word' id='word_1_295' title='bbox 1280 3841 1351 3885; x_wconf 56' lang='lat' dir='ltr'>mun</span> 
     </span>
     <span class='ocr_line' id='line_1_37' title="bbox 278 3962 1112 4041; baseline -0.006 -26"><span class='ocrx_word' id='word_1_296' title='bbox 278 3964 385 4015; x_wconf 65' lang='lat' dir='ltr'>&#39;What</span> <span class='ocrx_word' id='word_1_297' title='bbox 402 3964 773 4041; x_wconf 61' lang='lat' dir='ltr'>Immortalitatem</span> <span class='ocrx_word' id='word_1_298' title='bbox 857 3963 879 3995; x_wconf 83' lang='lat'>¹⁰</span> <span class='ocrx_word' id='word_1_299' title='bbox 896 3962 1112 4041; x_wconf 70' lang='lat' dir='ltr'>Tlrejurorssay.</span> 
     </span>
     <span class='ocr_line' id='line_1_38' title="bbox 245 4028 1172 4092; baseline -0.004 -12"><span class='ocrx_word' id='word_1_300' title='bbox 245 4030 350 4087; x_wconf 77' lang='lat' dir='ltr'>dotted3</span> <span class='ocrx_word' id='word_1_301' title='bbox 378 4029 442 4080; x_wconf 84' lang='lat' dir='ltr'>thos</span> <span class='ocrx_word' id='word_1_302' title='bbox 464 4030 507 4081; x_wconf 85' lang='lat' dir='ltr'>the</span> <span class='ocrx_word' id='word_1_303' title='bbox 531 4031 587 4080; x_wconf 80' lang='lat' dir='ltr'>first</span> <span class='ocrx_word' id='word_1_304' title='bbox 615 4030 722 4092; x_wconf 74' lang='lat' dir='ltr'>syllable</span> <span class='ocrx_word' id='word_1_305' title='bbox 748 4044 772 4079; x_wconf 86' lang='lat' dir='ltr'>rs</span> <span class='ocrx_word' id='word_1_306' title='bbox 856 4028 876 4061; x_wconf 87' lang='lat'>¹¹</span> <span class='ocrx_word' id='word_1_307' title='bbox 893 4029 968 4079; x_wconf 68' lang='lat' dir='ltr'>Prior</span> <span class='ocrx_word' id='word_1_308' title='bbox 979 4028 1013 4090; x_wconf 80' lang='lat' dir='ltr'>by</span> <span class='ocrx_word' id='word_1_309' title='bbox 1023 4031 1172 4078; x_wconf 81' lang='lat' dir='ltr'>annotator.</span> 
     </span>
    </p>
   </div>
   <div class='ocr_carea' id='block_1_3' title="bbox 0 0 1676 5217">
    <p class='ocr_par' dir='ltr' id='par_1_4' title="bbox 0 0 1676 5217">
     <span class='ocr_line' id='line_1_39' title="bbox 0 0 1676 5217; baseline 0 0"><span class='ocrx_word' id='word_1_310' title='bbox 0 0 1676 5217; x_wconf 95' lang='lat' dir='ltr'> </span> 
     </span>
    </p>
   </div>
  </div>
 </body>
</html>
