3342 5217
385 410 450 477 710
617 410 1142 489 morinummontem
1165 415 1260 477 8—9.

384 606 571 686 compotum
590 591 702 666 eorum
725 599 766 665 de
785 599 898 666 debito
917 600 982 679 illo,
997 601 1046 666 ita
1064 600 1194 687 quodsi
1208 600 1372 688 inquirere
1386 609 1499 688 posset

385 704 472 790 quod
493 712 624 769 tantum
648 704 679 769 ei
699 702 835 769 deberet
857 704 998 770 libenter
1019 706 1051 770 ei
1071 704 1230 771 redderet.
1275 706 1320 771 Et
1333 704 1500 769 chricue

384 808 426 873 de
441 807 621 873 Knrletona
643 828 708 871 non
727 806 803 872 uult
822 806 854 871 ei
873 814 1056 893 respectum
1077 806 1163 875 dere.
1208 808 1252 873 Et
1274 806 1437 873 Honricua
1457 806 1500 871 dc

385 909 453 975 Ver
467 910 588 975 iterum
603 910 708 976 exiuit
722 910 813 997 loqui
826 932 903 976 cum
918 911 1050 977 coneilio
1068 934 1127 977 euo
1141 917 1177 976 et
1197 932 1262 975 non
1275 910 1382 988 rediit,
1397 908 1500 975 immo

383 1014 493 1099 sepius
513 1013 733 1102 interrogatus
755 1022 791 1079 et
811 1014 988 1101 requisitus
1013 1014 1146 1080 recessit
1169 1014 1239 1080 eine
1264 1012 1406 1078 licencia
1451 1012 1500 1077 Et

383 1116 462 1203 quia
481 1116 664 1204 comparuit
683 1116 719 1182 in
739 1117 881 1183 emicet
900 1140 966 1182 non
986 1116 1112 1183 dedixit
1131 1124 1254 1182 cartam
1269 1136 1362 1181 suam
1376 1123 1413 1180 et
1426 1112 1498 1179 aine

384 1214 518 1281 licencia
531 1216 672 1294 recessit,
686 1216 924 1283 consideratum
939 1226 990 1284 est
1007 1216 1013 1306 Ι
1032 1217 1120 1305 quod
1139 1217 1299 1283 Ricardue
1317 1216 1358 1281 dc
1378 1215 1497 1281 Karle·

384 1330 462 1385 tona
480 1320 687 1408 recuperauit
706 1322 856 1387 debitum
877 1345 973 1388 suum
993 1322 1036 1389 de
1050 1322 1138 1409 xviij.
1154 1322 1270 1389 marcia
1284 1330 1319 1387 ct
1333 1321 1499 1387 Henricua

383 1424 424 1490 de
440 1423 508 1489 Ver
521 1425 556 1489 in
571 1425 799 1505 misericordia,
813 1434 850 1492 et
863 1434 1055 1513 preceptum
1070 1434 1121 1491 est
1140 1424 1328 1492 uicecomiti
1347 1422 1435 1513 quod
1454 1424 1498 1489 de

383 1529 479 1599 terrie
501 1537 538 1595 et
558 1530 685 1595 catallis
708 1530 775 1596 suis
795 1530 894 1597 faciat
911 1530 999 1596 illoe¹
1013 1530 1101 1617 xviij.
1117 1552 1214 1597 mam.
1229 1538 1265 1595 et
1283 1528 1356 1594 illoc
1375 1528 1499 1593 habeat

382 1633 443 1698 tali
457 1632 511 1699 die
526 1632 570 1698 ad
583 1632 784 1698 reddendum
799 1641 861 1700 etc.

446 1734 576 1801 'Simon
595 1736 638 1801 de
657 1736 690 1802 S.
706 1735 796 1802 Liuio
816 1757 877 1823 per
897 1744 1099 1803 attomatum
1120 1758 1217 1803 auum
1239 1734 1362 1823 optulit
1381 1754 1416 1799 ee
1435 1734 1497 1820 iiij.

381 1838 435 1905 die
449 1860 563 1904 nerana
576 1839 779 1905 Willelmum
800 1840 842 1905 de
862 1840 1016 1907 Fortibus
1034 1840 1197 1908 Comitem
1216 1838 1416 1905 Albemarlie
1436 1839 1498 1925 qui

381 1964 415 2007 ee
430 1942 606 2008 eeooniauit
619 1942 660 2007 de
675 1944 761 2008 malo
774 1944 853 2009 lecti
867 1966 981 2011 uersus
996 1968 1072 2011 eum
1092 1944 1133 2011 de
1154 1944 1276 2031 placito
1295 1942 1433 2009 manerii
1451 1942 1497 2008 de

381 2044 553 2110 Strattona
576 2067 651 2111 cum
673 2055 756 2133 pert
779 2056 814 2111 et
838 2046 925 2114 unde
949 2046 1066 2115 (lomes
1089 2046 1266 2113 eaecniauit
1287 2066 1322 2111 se
1342 2046 1385 2111 do
1407 2046 1497 2111 malo

380 2149 459 2214 lecti
488 2149 665 2215 Kokemin'
695 2151 731 2215 in
758 2151 918 2217 comitatu
944 2148 1085 2218 Humb'⁸
1109 2160 1170 2219 etc
1215 2151 1259 2216 Et
1286 2150 1403 2217 Ocmca
1427 2170 1496 2214 non

381 2253 475 2317 uenit
489 2261 550 2319 etc
565 2263 616 2318 eet
631 2254 731 2341 Hugo
745 2254 786 2319 de
800 2255 905 2341 Patoy
919 2278 994 2323 cum
1009 2256 1153 2321 Roberto
1168 2254 1210 2321 de
1230 2256 1379 2320 Burtona
1391 2252 1496 2340 peciit

380 2354 549 2421 licenciam
572 2376 614 2421 ex
633 2365 727 2443 perte
748 2358 886 2425 Comitia
906 2357 1060 2447 surgendi
1074 2367 1109 2425 et
1123 2359 1209 2425 dixit
1223 2359 1310 2448 quod
1324 2358 1496 2424 conualuit

379 2460 422 2525 de
448 2460 640 2526 infirmitate
662 2482 723 2526 oua
747 2471 784 2528 et
809 2462 927 2529 habuit
949 2486 1008 2551 per
1033 2462 1114 2529 cur’‘
1137 2462 1304 2529 licenciam
1329 2460 1497 2549 surgendi.

380 2563 426 2629 Et
439 2562 546 2628 edhuc
560 2586 626 2629 non
640 2564 742 2645 uenit,
757 2574 793 2631 et
808 2566 971 2633 Rcbertus
984 2588 1118 2654 presens
1132 2574 1184 2633 eet
1203 2575 1238 2632 et
1252 2566 1313 2631 hoc
1327 2565 1495 2653 cognoscit

381 2675 416 2731 et
429 2667 504 2733 ideo
525 2668 689 2733 Robertua
708 2670 753 2735 ait
772 2670 834 2735 sub
854 2671 963 2759 plegio
984 2671 1094 2738 standi
1112 2678 1202 2737 recto
1221 2679 1257 2737 et
1275 2668 1440 2735 Robcrtna
1461 2670 1494 2735 le

380 2768 522 2836 Butiller
550 2781 585 2837 et
610 2772 686 2837 talia
708 2774 811 2861 plegii
839 2774 909 2840 eius
933 2783 994 2841 etc
1037 2776 1084 2841 Et
1108 2774 1288 2841 uiceeomes
1310 2794 1376 2839 non
1399 2773 1496 2839 mirit

374 2875 479 2942 ‘breue
493 2876 535 2942 de
550 2875 625 2941 uisu
643 2877 790 2943 faciendo
809 2885 845 2943 et
867 2878 942 2945 ideo
961 2879 1142 2945 uicecomea
1161 2879 1247 2944 sicut
1267 2876 1358 2965 priua
1376 2876 1495 2943 mittat

379 2989 519 3066 quatuor
532 2980 654 3045 milites
669 2988 728 3047 etc
743 2981 832 3066 apud
848 2982 1024 3048 Kokerum'
1040 2990 1101 3049 etc.
1116 2982 1152 3047 in
1170 2981 1330 3047 comitatu
1351 2980 1495 3047 Humb'⁸

379 3092 449 3163 etc,
464 3090 499 3149 ct
512 3084 540 3149 ai
554 3106 619 3149 non
633 3085 678 3150 ait
692 3084 828 3173 languor
842 3094 922 3153 tunc
936 3094 1060 3174 ponant
1080 3088 1112 3153 ei
1131 3086 1219 3153 diem
1237 3108 1259 3154 a
1277 3084 1332 3152 die
1351 3085 1383 3152 S
1399 3085 1493 3172 Hyll.

379 3188 414 3252 in
439 3197 506 3253 tres
530 3188 729 3275 septimanas
754 3198 814 3255 etc
860 3190 954 3257 Idem
980 3190 1050 3257 dies
1072 3190 1170 3256 datur
1196 3198 1247 3256 eet
1275 3186 1419 3255 Roberto
1448 3188 1492 3255 de

378 3291 540 3358 audiendo
565 3292 685 3359 iudicio
709 3315 777 3372 auo,
803 3303 838 3359 et
861 3294 944 3360 talea
966 3289 1082 3383 plegii⁰
1106 3294 1243 3362 Roberti
1267 3292 1310 3359 ad
1335 3291 1491 3359 standum

379 3404 474 3462 recte.

323 3554 330 3569 .
444 3499 572 3565 'Abbae
593 3499 634 3565 de
656 3500 880 3587 Shyrebumia
899 3524 958 3587 per
976 3510 1179 3569 attor-natum
1199 3524 1295 3569 suum
1316 3501 1439 3589 optulit
1455 3522 1492 3567 ee

378 3602 435 3689 iirj.
463 3603 516 3669 die
541 3626 656 3670 uersus
680 3605 853 3671 Murielem
878 3606 919 3671 de
946 3606 1071 3673 Gendel
1094 3606 1135 3672 de
1160 3607 1282 3693 placito
1310 3606 1386 3671 dim
1410 3606 1492 3672 hide

379 3717 465 3773 terre
488 3730 562 3773 cum
584 3717 666 3795 pert.
688 3708 723 3773 in
745 3708 923 3775 Bradelord
945 3732 1043 3797 quam
1063 3710 1152 3776 idem
1174 3710 1289 3777 Abbae
1309 3710 1430 3775 clamat
1451 3719 1493 3774 ut

378 3810 430 3876 iue
444 3812 575 3878 ecclesie
590 3836 649 3877 sue
664 3833 778 3878 uersus
795 3836 868 3879 eam
888 3822 948 3881 etc
995 3816 1039 3879 Et
1062 3814 1210 3881 Murielie
1229 3835 1295 3879 non
1314 3813 1408 3879 uenit
1428 3820 1491 3879 etc

379 3922 413 3980 et
438 3917 614 3981 esconiauit
637 3938 672 3981 ee
692 3918 733 3982 de
752 3918 839 3983 malo
859 3918 936 3984 lecti
955 3938 1070 3985 uersus
1084 3940 1170 3997 eum,
1184 3918 1233 3984 ita
1247 3917 1336 4005 quod
1349 3926 1491 4004 quatuor

378 4020 499 4086 militer
521 4020 610 4085 missi
632 4021 765 4087 bierunt
786 4022 828 4088 ad
851 4044 922 4087 eam
943 4022 1066 4088 scilicet
1088 4023 1178 4099 tales,
1194 4022 1251 4108 qui
1270 4029 1435 4087 uenerunt
1453 4030 1490 4086 et

377 4133 543 4191 testantur
564 4125 650 4213 quod
667 4125 829 4192 dederunt
849 4127 880 4193 ei
902 4127 989 4193 diem
1011 4128 1046 4193 in
1068 4128 1208 4193 crastino
1231 4127 1263 4193 S.
1287 4124 1431 4203 Martini,
1453 4136 1489 4191 et

410 4262 420 4294 ¹
437 4261 508 4312 Gerr.
521 4260 591 4324 illua,
604 4260 635 4311 A.
989 4266 1000 4299 ⁴
1013 4280 1061 4329 per
1071 4282 1118 4325 eor,
1130 4266 1165 4323 B:
1181 4264 1203 4314 A
1214 4264 1334 4329 illegible

408 4326 467 4424 ΞΑ.
479 4343 515 4377 m.
527 4329 574 4385 273
591 4327 622 4375 B.
634 4339 670 4377 m.
684 4329 722 4379 15.
989 4329 1155 4381 'Komar
1167 4332 1265 4381 iucem.
1279 4331 1375 4387 ΟΜ,
1387 4328 1418 4389 Δ,
1430 4324 1461 4381 Β.

988 4392 1190 4461 ‘Supplyruna
1225 4394 1321 4445 Names
1333 4394 1403 4445 inb.

987 4458 1091 4513 ²A.m.
1105 4460 1145 4513 27.
1180 4458 1326 4523 Bceabore,
1339 4460 1404 4511 Gara
1414 4461 1473 4511 ⁰28.
