3342 5217
442 335 674 394 monimum,
697 335 759 382 Am.
786 319 879 394 1230,
901 333 963 381 aa.
989 320 1123 380 14-15.
1270 317 1333 378 353

231 497 412 576 Gelfridum
433 508 574 574 Leaume
596 529 693 594 quem
715 505 878 570 Walterue
900 503 940 570 de
963 504 1117 570 Prestona
1137 503 1269 569 uocauit
1290 501 1332 569 ad
1345 515 1402 603 1¹02·t
1409 513 1498 607 m}

230 620 408 678 warantum
436 618 470 676 et
492 610 548 697 qui
571 609 602 674 ei
624 607 848 674 warentizauit
870 607 953 692 iiijff.
976 629 1038 672 acr.
1060 614 1095 672 et
1117 605 1195 693 xvj.¹
1217 613 1251 670 et
1273 604 1330 691 iiij
1342 611 1480 697 dume

228 739 289 782 aer.
306 715 392 802 prati
409 723 444 780 et
458 715 522 801 xvj.
537 712 608 780 den
625 712 772 778 redditus
787 719 822 777 et
840 711 864 796 j.
880 711 1084 798 mesuagium
1104 734 1178 776 cum
1198 718 1278 796 pert.
1294 710 1329 775 in
1342 705 1501 793 &fflss‘

230 819 417 885 Wudecroft
433 826 471 883 ut
486 817 537 882 ius
551 840 646 882 suum
667 825 726 881 etc.
743 823 778 880 et
798 815 928 900 inques
947 837 1010 879 non
1031 814 1131 879 habet
1149 815 1329 900 ingressum
1341 795 1492 902 fflhdpffi‘

228 923 289 990 nisi
309 921 525 1010 porriciam
545 929 682 987 marem
703 919 841 1007 predicti
861 919 1018 984 willermi
1039 919 1118 985 dum
1140 919 1226 985 idem
1249 918 1329 984 wu-
1344 892 1491 1026 {th

228 1027 344 1092 lelmus
369 1025 433 1091 fuit
461 1025 546 1090 infra
574 1033 696 1090 etatem
723 1024 816 1090 etin
845 1023 990 1089 custodia
1014 1023 1116 1110 ipsius
1141 1023 1243 1089 Alieie
1270 1030 1329 1088 etc
1344 1032 1483 1119 goggffi

229 1131 273 1196 Et
291 1131 454 1195 Walterue
474 1129 556 1195 obiit
576 1137 747 1215 postquam
767 1129 854 1194 idem
876 1128 1039 1194 Galfridus
1059 1128 1090 1194 ei
1109 1127 1332 1194 warentizauit
1345 1125 1470 1212 fflffi

227 1242 262 1299 et
276 1241 448 1320 postquam
462 1233 550 1298 idem
566 1231 730 1297 Galfridus
743 1233 852 1318 posuit
867 1255 902 1297 se
916 1254 1014 1318 super
1032 1231 1274 1318 inquisicionem
1290 1230 1330 1295 de
1344 1219 1496 1306 ww*

227 1335 371 1424 predicto
386 1336 540 1424 ingressu,
555 1335 678 1400 seilicet
693 1344 804 1400 utrum
819 1334 906 1400 idem
921 1335 1085 1400 Walterus
1100 1335 1216 1400 hahuit
1231 1335 1331 1400 talem
1343 1313 1404 1352 ”⁰¹¹³

229 1439 409 1524 ingressum
424 1436 478 1502 uel
493 1459 564 1501 non.
602 1436 647 1500 Et
661 1459 773 1501 omnes
787 1436 944 1502 iuratores
957 1436 1097 1501 ueniunt
1111 1444 1162 1502 eet
1175 1436 1331 1502 iudicium
1344 1445 1411 1487 Μ’-

227 1542 359 1628 ponitur
382 1541 417 1606 in
442 1549 624 1628 respectum
650 1563 709 1626 per
733 1541 903 1606 eonsilium
928 1541 1016 1605 curie
1043 1548 1080 1606 ut
1103 1540 1232 1605 interim
1255 1541 1331 1606 inde

230 1644 400 1710 consilium
415 1644 574 1709 habeatur
587 1652 699 1709 utrum
714 1645 885 1730 procedere
899 1644 1017 1710 debeat
1031 1645 1138 1710 iurata
1151 1644 1205 1710 uel
1220 1668 1291 1711 non

164 1809 172 1822 ,
292 1750 474 1816 ‘Johannes
500 1749 540 1814 de
571 1748 814 1836 Billingeburgo
843 1750 929 1836 petit
958 1772 1070 1814 uersus
1099 1750 1262 1837 Rogerum
1290 1749 1331 1815 de
1391 1769 1445 1810 rra

228 1849 444 1914 Bueministre
468 1847 555 1936 quod
580 1848 677 1913 faciat
701 1848 733 1913 ei
756 1848 1005 1914 consuetudines
1027 1857 1062 1914 et
1084 1857 1172 1914 recta
1195 1849 1332 1915 seruicia

227 1975 290 2038 que
306 1953 337 2019 ei
351 1954 455 2020 faeere
470 1953 568 2018 debet
583 1953 624 2018 de
639 1953 740 2019 libero
755 1962 944 2019 tenemento
964 1954 1051 2042 quod
1070 1955 1111 2019 de
1131 1977 1169 2019 eo
1190 1962 1282 2020 tenet
1296 1955 1331 2019 in

227 2055 472 2145 Billingehurgo
495 2064 553 2122 etc.
575 2055 661 2122 unde
684 2056 771 2122 idem
793 2056 959 2123 Johannes
981 2058 1128 2144 queritur
1148 2058 1235 2144 quod
1256 2081 1330 2122 cum

226 2166 338 2224 teneat
353 2159 393 2225 de
409 2181 447 2223 eo
462 2158 591 2224 feodum
607 2158 734 2224 dimidii
748 2159 863 2224 militis
877 2183 952 2225 cum
966 2169 1046 2247 pert
1063 2160 1096 2225 in
1117 2160 1230 2226 eadem
1251 2160 1331 2227 uilla

226 2261 296 2348 ipee
310 2283 375 2326 non
394 2262 473 2327 facit
493 2263 524 2327 ei
543 2261 731 2349 homagium
750 2285 810 2327 nec
829 2263 988 2328 releuium
1011 2263 1096 2329 unde
1118 2263 1330 2330 deterioratur

227 2375 277 2431 est
292 2375 352 2433 etc.

293 2472 336 2537 Et
366 2472 512 2558 Rogerus
537 2472 631 2537 uenit
660 2481 694 2538 et
719 2473 883 2560 cognoscit
912 2472 997 2560 quod
1027 2481 1119 2538 tenet
1147 2472 1328 2560 predictum

225 2574 356 2640 feodum
371 2575 499 2640 dimidii
513 2575 627 2641 militis
640 2575 682 2640 de
694 2575 839 2661 predicto
858 2576 1007 2641 Johanne
1027 2585 1062 2642 et
1080 2577 1166 2664 quod
1185 2577 1283 2643 debet
1298 2578 1329 2642 ei
1342 2594 1399 2636 Not·
1406 2595 1462 2645 ruod
1471 2596 1493 2637 n

1341 2647 1439 2691 proporro
1446 2653 1479 2683 ro·

225 2680 399 2746 seruieium
419 2680 547 2746 dimidii
565 2680 680 2746 militis
699 2690 750 2746 set
770 2681 851 2747 dicit
870 2682 956 2767 quod
976 2705 1039 2747 non
1060 2681 1158 2747 dehet
1173 2683 1204 2748 ei
1218 2683 1328 2748 homa·
1341 2699 1475 2784 fflgffi,

225 2785 315 2872 gium
332 2781 424 2871 quia⁸
438 2785 473 2849 in
488 2792 637 2870 proparte
652 2806 795 2849 somrum
810 2793 845 2849 et
860 2808 924 2849 non
939 2784 1037 2850 dehet
1051 2784 1126 2850 inde
1141 2786 1327 2872 homagium
1340 2782 1482 2870 &mm

224 2890 328 2954 facere
344 2910 446 2974 usque
462 2888 503 2953 ad
515 2889 652 2953 tercium
664 2887 815 2954 heredem
827 2896 862 2953 et
872 2887 978 2953 adhuc
989 2912 1054 2954 non
1069 2897 1118 2954 eet
1133 2897 1327 2975 peruentum
1340 2875 1481 2970 mih·

224 2991 266 3056 ad
290 2991 427 3056 tercium
451 2990 610 3056 heredem.
669 2991 711 3055 Et
738 2990 815 3077 quia
844 2991 1046 3079 recognitum
1075 3000 1125 3057 est
1154 2992 1240 3078 quod
1265 2993 1327 3058 iste
1340 2969 1482 3056 hffidth

225 3095 371 3182 Rogerus
385 3118 451 3160 non
465 3103 515 3160 eet
529 3094 592 3160 nisi
612 3094 771 3160 secundus
792 3096 885 3160 heres
906 3095 1153 3162 Consideratum
1172 3105 1223 3161 est
1242 3096 1327 3183 quod
1340 3063 1463 3149 ffiii’e'i‘

224 3199 248 3265 J
248 3199 391 3264 ohannes
406 3207 571 3285 exspectet
586 3198 627 3263 de
642 3198 792 3287 homagio
806 3199 909 3286 ipsius
924 3200 1043 3287 Rogeri
1057 3199 1211 3286 capiendo
1225 3223 1327 3287 usque
1339 3156 1471 3289 iffi&

224 3302 266 3368 ad
288 3303 425 3368 tercium
448 3301 600 3368 heredem
622 3303 688 3368 soil.
703 3303 856 3368 heredem
879 3304 981 3390 ipsius
1001 3303 1119 3390 Rogeri
1138 3312 1197 3369 etc
1244 3304 1328 3371 Gon·

224 3405 348 3472 cordati
369 3415 446 3472 sunt
468 3429 526 3494 per
547 3407 714 3473 licenciam
736 3407 785 3473 ita
806 3407 893 3494 quod
914 3407 1001 3472 idem
1028 3408 1172 3496 Rogerus
1195 3409 1273 3474 fecit
1297 3409 1328 3474 ei

223 3509 416 3575 fidelitatem
431 3532 537 3575 coram
552 3510 737 3576 iusticiariie
752 3518 786 3575 et
801 3510 842 3575 de
862 3519 969 3576 cetero
989 3511 1085 3576 faciet
1105 3510 1136 3575 ei
1155 3511 1327 3576 seruieium

224 3619 384 3698 quantum
417 3613 560 3699 pertinet
594 3613 636 3678 ad
667 3612 850 3699 predictum
887 3613 1015 3678 feodum
1052 3613 1178 3678 dimidii
1214 3613 1328 3680 militis

223 3713 309 3800 etc}

163 3877 171 3892 ,
288 3817 403 3907 ‘Hugo
418 3817 459 3883 de
483 3816 594 3884 Monte
610 3817 740 3886 Caninio
761 3819 968 3886 athaohiatus
988 3819 1052 3885 suit
1072 3820 1114 3885 ad
1133 3821 1324 3906 responden·

255 4035 442 4102 ¹titFetaeoj.
454 4053 507 4090 arr.
519 4045 593 4099 terre,
604 4039 634 4090 Δ.
832 4039 923 4101 ⁸8up.
938 4046 1005 4089 tenet
1016 4046 1108 4089 terram
1117 4040 1199 4098 illam
1210 4039 1241 4088 A.

255 4101 386 4154 ¹50013r.
396 4103 413 4154 i.
428 4105 533 4156 892-3.
832 4104 1011 4168 ‘Sumdetet

254 4165 427 4228 ⁸‘l'hirnoto‚
439 4168 524 4220 which
534 4183 626 4220 meana
634 4168 749 4222 thatthe
832 4169 962 4221 'SeeBm
974 4170 992 4219 t.
1004 4169 1044 4228 21,
1056 4171 1088 4218 21
1103 4168 1203 4221 b:-ad
1219 4168 1326 4220 tertium

221 4245 281 4284 nte
292 4232 383 4285 utenda
397 4235 438 4285 tor
452 4234 597 4299 jndgrnent,
611 4235 636 4286 ir
652 4250 687 4286 on
703 4235 748 4286 the
798 4233 1210 4298 heredemeturqueadqurrtnm
1216 4234 1326 4298 gradrnn

221 4297 299 4349 inner
309 4299 419 4363 margin.
798 4301 1093 4364 itaqaodurtimherer
1104 4302 1299 4352 ritimlurt'am.

254 4364 395 4416 ‘Luat
423 4365 647 4432 Fimbroutto.
831 4364 1003 4417 named.

310 4483 343 4534 u.
