3342 5217
360 434 402 503 70
591 448 824 514 mcmnmms,
847 450 912 501 nn.
936 438 1030 513 1219,
1052 451 1115 503 nn.
1138 438 1232 501 3-4.

360 618 480 687 terram
495 622 585 688 illam
600 624 806 689 warentizare
822 625 900 712 quia
914 624 983 711 ipse
998 647 1166 711 nunquam
1180 624 1334 690 seisinam
1349 624 1466 690 habuit

360 734 420 792 etc
437 750 496 791 nec
510 735 560 792 est
575 726 668 793 heres
682 730 785 814 patris
800 729 860 795 sui.

197 850 349 892 remmono
427 831 472 895 Et
491 830 554 917 ipsi
572 832 692 917 quesiti
713 855 778 918 qua
797 832 924 898 racione
945 841 1065 898 uocant
1087 832 1195 919 ipsum
1215 832 1258 898 ad
1277 841 1467 912 warantum,

198 900 340 939 mmm
361 934 539 1000 ostendunt
567 936 740 1023 quamdam
771 945 895 1002 cartem
924 937 985 1003 sub
1015 938 1146 1003 nomine
1174 938 1277 1024 ipsius
1307 938 1467 1004 Johannis

360 1038 472 1124 patris,
501 1061 565 1125 que
590 1048 732 1105 testatur
757 1040 844 1127 quod
867 1041 936 1126 ipse
964 1040 1056 1107 dedit
1081 1040 1186 1107 Alicio
1212 1042 1253 1107 de
1276 1042 1468 1107 Bendeuilla

359 1142 453 1207 uxori
482 1164 539 1209 suc
570 1151 604 1207 et
634 1143 807 1211 herodibus
836 1144 903 1209 suis
933 1143 974 1209 de
1004 1166 1044 1208 es
1064 1143 1261 1210 exeuntibus
1283 1154 1404 1209 terram
1426 1145 1467 1209 de

361 1244 567 1311 Melecumba
581 1268 656 1311 cum
671 1246 880 1333 pertinenciis
896 1255 966 1325 etc,
980 1256 1016 1312 et
1030 1247 1149 1333 quesiti
1162 1247 1190 1311 si
1204 1247 1292 1312 idem
1301 1247 1468 1312 Johannes

361 1352 456 1436 pater
484 1350 566 1415 obiit
595 1350 671 1416 inde
697 1351 837 1430 scisitus,
863 1352 977 1417 dicunt
1001 1352 1088 1438 quod
1108 1374 1183 1430 non,
1204 1352 1304 1417 immo
1328 1351 1468 1417 Thomas

361 1452 567 1520 Mautrauers
596 1454 682 1520 filius
711 1455 813 1542 ipsius
843 1456 949 1522 Alicie
978 1456 1043 1521 fuit
1072 1456 1148 1522 inde
1172 1456 1302 1523 seisitus
1327 1458 1380 1523 die
1403 1482 1468 1544 quo

338 1602 344 1613 ·
362 1557 385 1621 J
386 1558 528 1622 ohannes
542 1557 634 1625 obiit.

429 1660 472 1723 Et
487 1660 654 1726 Johonnes
675 1660 755 1726 dicit
776 1662 863 1749 quod
884 1662 1051 1728 Johannes
1072 1671 1167 1749 pater
1187 1685 1266 1728 suus
1287 1663 1370 1729 obiit
1391 1662 1467 1729 inda

361 1763 491 1828 scisitus
513 1774 548 1829 ct
568 1786 632 1830 non
654 1766 819 1852 predictus
842 1766 990 1842 Thomas,
1013 1767 1090 1853 quia
1111 1766 1200 1831 idem
1223 1767 1363 1831 Thomas
1385 1790 1466 1832 nun-

361 1890 459 1954 quam
475 1868 538 1933 fuit
553 1869 629 1934 inde
651 1870 788 1937 scisitus.
834 1871 879 1935 Et
901 1871 979 1957 quia
999 1871 1062 1957 ipsi
1084 1872 1198 1936 dicunt
1220 1872 1307 1957 quod
1328 1871 1468 1936 Thomas

361 1973 425 2037 suit
444 1972 574 2037 scisitus
592 1973 668 2037 inde
687 1974 740 2038 die
751 1995 827 2059 ⁴quo
850 1972 931 2038 obiit
953 1975 1129 2053 Johannes,
1144 1983 1178 2039 et
1200 1974 1367 2040 Jchannes
1388 1975 1468 2040 dicit

360 2075 446 2163 quod
462 2084 557 2163 pater
571 2098 649 2142 suus
664 2078 745 2143 obiit
766 2078 842 2143 inde
864 2078 996 2143 saisitus
1018 2088 1053 2144 ct
1075 2100 1140 2142 non
1163 2079 1312 2155 Thomas,
1327 2101 1387 2144 nec
1405 2078 1469 2164 ipsi

362 2182 485 2246 Thome
501 2181 610 2266 potuit
626 2190 713 2247 terra
727 2182 785 2246 illa
799 2182 993 2248 descendere
1011 2183 1081 2248 iure
1102 2183 1307 2259 hereditario,
1321 2206 1360 2247 eo
1382 2182 1468 2269 quod

361 2283 481 2348 donum
497 2285 620 2349 factum
641 2284 705 2349 fuit
727 2285 832 2350 Alicio
855 2308 919 2371 que
941 2285 1048 2352 adhuc
1070 2287 1166 2365 uiuit,
1181 2294 1216 2352 et
1238 2286 1325 2372 quod
1346 2286 1468 2353 donum

359 2385 487 2450 nullum
517 2386 589 2465 fuit,
619 2386 868 2453 consideratum
894 2396 944 2453 est
974 2389 1061 2474 quod
1081 2388 1181 2453 assisa
1202 2388 1362 2475 procedat.
1408 2390 1468 2454 Set

359 2488 492 2574 ponitur
512 2488 548 2553 in
574 2497 758 2575 respectum
784 2512 887 2576 usque
912 2513 934 2555 a
956 2489 1009 2556 die
1034 2490 1065 2556 S.
1094 2491 1162 2555 Hil.
1184 2491 1220 2555 in
1241 2514 1292 2557 xv.
1315 2490 1385 2556 dies
1409 2512 1467 2577 pro

359 2594 491 2659 defectu
520 2594 769 2681 recognitorum,
799 2594 877 2682 quia
906 2603 1037 2659 tantum
1066 2595 1131 2659 duo
1159 2603 1323 2660 uenerunt
1344 2594 1468 2659 scilicet

360 2696 545 2762 Willelmus
562 2696 653 2762 Brun
669 2705 703 2761 et
719 2697 903 2763 Willclmus
918 2698 959 2763 dc
974 2698 1132 2763 Duntona
1147 2705 1182 2763 ct
1200 2697 1274 2762 ideo
1289 2697 1468 2763 uicecomes

360 2801 481 2866 habeat
496 2822 626 2885 corpora
641 2801 786 2866 omnium
801 2802 946 2867 aliorum.

296 2960 302 2971 .
426 2902 594 2969 ¹Decanus
610 2904 642 2969 S.
661 2904 754 2969 Pauli
769 2904 809 2969 de
830 2905 998 2970 Londonia
1017 2905 1165 2991 queritur
1187 2905 1272 2992 quod
1293 2906 1405 2971 Abbas
1426 2905 1467 2971 de

361 3008 532 3075 Watham'
561 3008 682 3074 iniuste
711 3009 800 3095 cepit
828 3009 940 3075 aueria
968 3032 1028 3075 sua
1056 3019 1091 3076 et
1120 3033 1160 3075 ea
1184 3010 1328 3075 detinuit
1356 3019 1468 3077 contra

360 3113 495 3179 uadium
511 3120 545 3177 ct
559 3112 683 3199 plegios
697 3114 785 3179 unde
801 3113 979 3201 dampnum
1000 3115 1102 3181 habet
1119 3116 1161 3181 od
1181 3115 1362 3181 ualenciam
1384 3116 1426 3181 xl.
1442 3138 1466 3181 s

361 3225 396 3283 et
410 3216 487 3283 inde
501 3217 652 3302 producit
667 3228 789 3284 sectam
805 3227 868 3286 eto.

426 3322 470 3386 Et
485 3322 597 3387 Abbas
608 3344 667 3409 per
677 3330 881 3387 attornatum
893 3345 989 3387 suum
1000 3322 1095 3388 uenit
1105 3332 1140 3389 ct
1151 3322 1296 3389 defendit
1306 3324 1463 3390 iniustam

360 3424 546 3511 capcionem
576 3434 610 3490 et
640 3424 866 3491 detencionem
894 3434 1008 3491 contra
1037 3426 1172 3492 uadium
1202 3435 1237 3492 et
1274 3427 1400 3515 plegios
1432 3436 1467 3493 et

195 3554 263 3632 mse
290 3556 303 3586 ο
359 3525 537 3613 dampnum
552 3528 592 3591 xl.
610 3527 674 3605 soh,
694 3534 746 3592 set
765 3527 849 3592 bene
868 3526 1031 3613 cognoscit
1050 3528 1136 3615 quod
1157 3527 1269 3592 aueris
1288 3550 1350 3593 sua
1370 3528 1467 3614 cepit,

359 3629 437 3717 quia
450 3628 519 3716 ipse
535 3629 636 3695 habet
650 3629 863 3695 medietatem
884 3629 1046 3695 hundredi
1065 3631 1106 3696 de
1128 3630 1298 3695 Watham⁸
1319 3654 1360 3695 ex
1382 3632 1467 3696 dono

360 3734 459 3821 Regis
477 3734 608 3799 Ricardi
628 3756 687 3820 per
706 3758 734 3799 x.
755 3734 809 3800 lib.
832 3734 1013 3799 reddendas
1034 3734 1078 3798 ad
1098 3733 1301 3811 scaccarium,
1324 3742 1359 3798 et
1378 3733 1467 3799 idem

359 3838 511 3903 Decanus
534 3837 635 3902 hahet
664 3860 763 3903 unam
789 3838 904 3903 uillam
927 3861 991 3925 que
1017 3846 1153 3903 uocatur
1176 3837 1376 3905 Chinkcford
1402 3860 1466 3924 que

360 3942 459 4007 debet
474 3948 596 4007 sectam
611 3940 654 4006 ad
668 3941 750 4007 illud
765 3942 971 4007 hundredum
986 3943 1073 4029 quod
1087 3942 1156 4029 ipse
1167 3943 1276 4022 habet,
1291 3951 1326 4009 et
1340 3965 1469 4028 semper

360 4045 437 4110 fecit
466 4052 588 4111 sectam
618 4044 708 4108 illam
737 4068 840 4131 usque
869 4045 911 4110 ad
933 4045 1020 4111 diem
1042 4045 1084 4111 de
1106 4045 1300 4132 Hockeday⁴
1320 4047 1467 4133 proximo

359 4156 569 4227 transactum,
585 4156 620 4213 et
635 4157 714 4215 tunc
730 4171 795 4214 non
810 4158 972 4215 uenerunt
987 4150 1134 4215 homines
1148 4149 1197 4213 illi
1211 4150 1296 4215 sicut
1310 4149 1467 4228 solebant,

360 4276 419 4318 nec
434 4252 645 4318 reddiderunt
660 4277 688 4318 x.
705 4254 776 4320 den.
792 4277 872 4342 quos
887 4256 1035 4321 solebant
1045 4256 1178 4321 reddere
1190 4277 1250 4341 per
1260 4254 1466 4320 consuetudi·

393 4408 400 4439 ¹
420 4409 448 4458 A.
464 4423 498 4459 m.
513 4408 581 4466 23d;
604 4409 634 4458 Β.
648 4424 681 4461 m.
698 4412 736 4462 19.
971 4411 982 4442 ¹
1002 4412 1142 4471 Wonthom,
1156 4410 1187 4457 B.

392 4474 402 4505 ‘·'
423 4476 555 4533 lt'otttcm,
568 4475 597 4524 B.
751 4526 759 4533 ,
970 4475 981 4507 ⁸
998 4476 1053 4526 The
1060 4474 1154 4525 second
1164 4474 1283 4538 Tuestloy
1291 4474 1356 4525 nster
1364 4475 1466 4528 Ecstor.
