<?xml version="1.0" encoding="UTF-8"?>
<!DOCTYPE html PUBLIC "-//W3C//DTD XHTML 1.0 Transitional//EN"
    "http://www.w3.org/TR/xhtml1/DTD/xhtml1-transitional.dtd">
<html xmlns="http://www.w3.org/1999/xhtml" xml:lang="en" lang="en">
 <head>
  <title>
</title>
<meta http-equiv="Content-Type" content="text/html;charset=utf-8" />
  <meta name='ocr-system' content='tesseract 3.04.00' />
  <meta name='ocr-capabilities' content='ocr_page ocr_carea ocr_par ocr_line ocrx_word'/>
</head>
<body>
  <div class='ocr_page' id='page_1' title='image "bractonsnoteboo01maitgoog_0692.png"; bbox 0 0 3342 5217; ppageno 0'>
   <div class='ocr_carea' id='block_1_1' title="bbox 431 400 1308 487">
    <p class='ocr_par' dir='ltr' id='par_1_1' title="bbox 431 400 1308 487">
     <span class='ocr_line' id='line_1_1' title="bbox 431 400 1308 487; baseline 0.002 -24"><span class='ocrx_word' id='word_1_1' title='bbox 431 402 494 470; x_wconf 82' lang='lat'>688</span> <span class='ocrx_word' id='word_1_2' title='bbox 661 412 895 487; x_wconf 73' lang='lat' dir='ltr'>mosamius,</span> <span class='ocrx_word' id='word_1_3' title='bbox 918 412 983 463; x_wconf 74' lang='lat' dir='ltr'>an.</span> <span class='ocrx_word' id='word_1_4' title='bbox 1009 400 1103 476; x_wconf 74' lang='lat'>1224,</span> <span class='ocrx_word' id='word_1_5' title='bbox 1125 415 1188 463; x_wconf 72' lang='lat' dir='ltr'>aa</span> <span class='ocrx_word' id='word_1_6' title='bbox 1213 402 1308 465; x_wconf 82' lang='grc'>8-9.</span> 
     </span>
    </p>
   </div>
   <div class='ocr_carea' id='block_1_2' title="bbox 426 586 1554 2643">
    <p class='ocr_par' dir='ltr' id='par_1_2' title="bbox 427 586 1554 987">
     <span class='ocr_line' id='line_1_2' title="bbox 428 586 1554 673; baseline -0.003 -20"><span class='ocrx_word' id='word_1_7' title='bbox 428 597 560 653; x_wconf 85' lang='lat' dir='ltr'>centnm</span> <span class='ocrx_word' id='word_1_8' title='bbox 582 587 736 655; x_wconf 86' lang='lat' dir='ltr'>solidatas</span> <span class='ocrx_word' id='word_1_9' title='bbox 758 596 852 665; x_wconf 86' lang='lat' dir='ltr'>terre,</span> <span class='ocrx_word' id='word_1_10' title='bbox 866 596 902 653; x_wconf 87' lang='lat' dir='ltr'>et</span> <span class='ocrx_word' id='word_1_11' title='bbox 921 588 991 673; x_wconf 88' lang='lat' dir='ltr'>ipse</span> <span class='ocrx_word' id='word_1_12' title='bbox 1011 594 1144 673; x_wconf 85' lang='lat' dir='ltr'>paratus</span> <span class='ocrx_word' id='word_1_13' title='bbox 1164 595 1215 652; x_wconf 85' lang='lat' dir='ltr'>est</span> <span class='ocrx_word' id='word_1_14' title='bbox 1235 587 1267 651; x_wconf 89' lang='lat' dir='ltr'>ei</span> <span class='ocrx_word' id='word_1_15' title='bbox 1281 588 1445 673; x_wconf 83' lang='lat' dir='ltr'>assignare</span> <span class='ocrx_word' id='word_1_16' title='bbox 1461 586 1554 651; x_wconf 85' lang='lat' dir='ltr'>alibi</span> 
     </span>
     <span class='ocr_line' id='line_1_3' title="bbox 428 691 1553 780; baseline -0.001 -23"><span class='ocrx_word' id='word_1_17' title='bbox 428 692 518 758; x_wconf 91' lang='lat' dir='ltr'>illam</span> <span class='ocrx_word' id='word_1_18' title='bbox 538 702 667 770; x_wconf 86' lang='lat' dir='ltr'>terram,</span> <span class='ocrx_word' id='word_1_19' title='bbox 685 702 719 759; x_wconf 89' lang='lat' dir='ltr'>et</span> <span class='ocrx_word' id='word_1_20' title='bbox 739 692 812 758; x_wconf 89' lang='lat' dir='ltr'>ideo</span> <span class='ocrx_word' id='word_1_21' title='bbox 833 693 920 780; x_wconf 88' lang='lat' dir='ltr'>petit</span> <span class='ocrx_word' id='word_1_22' title='bbox 942 702 1061 758; x_wconf 78' lang='lat' dir='ltr'>terram</span> <span class='ocrx_word' id='word_1_23' title='bbox 1084 691 1175 757; x_wconf 88' lang='lat' dir='ltr'>illam</span> <span class='ocrx_word' id='word_1_24' title='bbox 1196 691 1375 757; x_wconf 85' lang='lat' dir='ltr'>seeundum</span> <span class='ocrx_word' id='word_1_25' title='bbox 1397 714 1553 758; x_wconf 88' lang='lat' dir='ltr'>oonuen·</span> 
     </span>
     <span class='ocr_line' id='line_1_4' title="bbox 427 796 1552 883; baseline 0.001 -22"><span class='ocrx_word' id='word_1_26' title='bbox 427 796 554 863; x_wconf 84' lang='lat' dir='ltr'>cionem</span> <span class='ocrx_word' id='word_1_27' title='bbox 568 798 667 874; x_wconf 81' lang='lat' dir='ltr'>illam,</span> <span class='ocrx_word' id='word_1_28' title='bbox 682 806 717 862; x_wconf 87' lang='lat' dir='ltr'>et</span> <span class='ocrx_word' id='word_1_29' title='bbox 731 797 819 883; x_wconf 90' lang='lat' dir='ltr'>quod</span> <span class='ocrx_word' id='word_1_30' title='bbox 839 798 914 863; x_wconf 86' lang='lat' dir='ltr'>talis</span> <span class='ocrx_word' id='word_1_31' title='bbox 936 805 987 863; x_wconf 85' lang='lat' dir='ltr'>est</span> <span class='ocrx_word' id='word_1_32' title='bbox 1008 797 1184 863; x_wconf 85' lang='lat' dir='ltr'>eonuencio</span> <span class='ocrx_word' id='word_1_33' title='bbox 1205 798 1264 862; x_wconf 89' lang='lat' dir='ltr'>illa</span> <span class='ocrx_word' id='word_1_34' title='bbox 1284 798 1378 862; x_wconf 82' lang='lat' dir='ltr'>offert</span> <span class='ocrx_word' id='word_1_35' title='bbox 1401 797 1552 883; x_wconf 78' lang='lat' dir='ltr'>probam</span> 
     </span>
     <span class='ocr_line' id='line_1_5' title="bbox 427 900 1082 987; baseline 0.002 -21"><span class='ocrx_word' id='word_1_36' title='bbox 427 901 604 966; x_wconf 88' lang='lat' dir='ltr'>secundum</span> <span class='ocrx_word' id='word_1_37' title='bbox 620 900 706 987; x_wconf 90' lang='lat' dir='ltr'>quod</span> <span class='ocrx_word' id='word_1_38' title='bbox 720 901 810 966; x_wconf 89' lang='lat' dir='ltr'>curia</span> <span class='ocrx_word' id='word_1_39' title='bbox 823 901 1082 967; x_wconf 87' lang='lat' dir='ltr'>considerauen&#39;t.</span> 
     </span>
    </p>

    <p class='ocr_par' dir='ltr' id='par_1_3' title="bbox 426 1002 1550 1692">
     <span class='ocr_line' id='line_1_6' title="bbox 494 1002 1549 1091; baseline 0 -24"><span class='ocrx_word' id='word_1_40' title='bbox 494 1005 538 1068; x_wconf 91' lang='lat' dir='ltr'>Et</span> <span class='ocrx_word' id='word_1_41' title='bbox 554 1003 736 1068; x_wconf 89' lang='lat' dir='ltr'>Willelmus</span> <span class='ocrx_word' id='word_1_42' title='bbox 750 1002 844 1068; x_wconf 88' lang='lat' dir='ltr'>uenit</span> <span class='ocrx_word' id='word_1_43' title='bbox 859 1012 893 1068; x_wconf 92' lang='lat' dir='ltr'>et</span> <span class='ocrx_word' id='word_1_44' title='bbox 908 1003 1054 1070; x_wconf 78' lang='lat' dir='ltr'><strong>defendit</strong></span> <span class='ocrx_word' id='word_1_45' title='bbox 1068 1004 1119 1069; x_wconf 89' lang='lat' dir='ltr'>ius</span> <span class='ocrx_word' id='word_1_46' title='bbox 1137 1004 1239 1091; x_wconf 89' lang='lat' dir='ltr'>ipsius</span> <span class='ocrx_word' id='word_1_47' title='bbox 1254 1005 1381 1070; x_wconf 86' lang='lat' dir='ltr'>Warini</span> <span class='ocrx_word' id='word_1_48' title='bbox 1401 1004 1549 1069; x_wconf 87' lang='lat' dir='ltr'>tenendi</span> 
     </span>
     <span class='ocr_line' id='line_1_7' title="bbox 427 1105 1550 1192; baseline 0 -21"><span class='ocrx_word' id='word_1_49' title='bbox 427 1105 463 1170; x_wconf 90' lang='lat' dir='ltr'>in</span> <span class='ocrx_word' id='word_1_50' title='bbox 477 1106 638 1171; x_wconf 88' lang='lat' dir='ltr'>dominico</span> <span class='ocrx_word' id='word_1_51' title='bbox 652 1114 687 1170; x_wconf 91' lang='lat' dir='ltr'>et</span> <span class='ocrx_word' id='word_1_52' title='bbox 702 1105 788 1192; x_wconf 91' lang='lat' dir='ltr'>quod</span> <span class='ocrx_word' id='word_1_53' title='bbox 802 1127 970 1192; x_wconf 90' lang='lat' dir='ltr'>nunquam</span> <span class='ocrx_word' id='word_1_54' title='bbox 990 1108 1090 1171; x_wconf 85' lang='lat' dir='ltr'>talem</span> <span class='ocrx_word' id='word_1_55' title='bbox 1113 1108 1365 1173; x_wconf 83' lang='lat' dir='ltr'>conueneionem</span> <span class='ocrx_word' id='word_1_56' title='bbox 1386 1108 1467 1172; x_wconf 86' lang='lat' dir='ltr'>feeit</span> <span class='ocrx_word' id='word_1_57' title='bbox 1489 1115 1550 1172; x_wconf 88' lang='lat' dir='ltr'>set</span> 
     </span>
     <span class='ocr_line' id='line_1_8' title="bbox 426 1210 1547 1299; baseline -0.001 -24"><span class='ocrx_word' id='word_1_58' title='bbox 426 1211 549 1297; x_wconf 78' lang='lat' dir='ltr'>pieoiae</span> <span class='ocrx_word' id='word_1_59' title='bbox 575 1219 695 1275; x_wconf 78' lang='lat' dir='ltr'>teriam</span> <span class='ocrx_word' id='word_1_60' title='bbox 721 1210 811 1275; x_wconf 92' lang='lat' dir='ltr'>illam</span> <span class='ocrx_word' id='word_1_61' title='bbox 837 1210 930 1275; x_wconf 80' lang='lat' dir='ltr'>dedit</span> <span class='ocrx_word' id='word_1_62' title='bbox 953 1211 985 1275; x_wconf 92' lang='lat' dir='ltr'>ei</span> <span class='ocrx_word' id='word_1_63' title='bbox 1008 1232 1065 1296; x_wconf 84' lang='lat' dir='ltr'>pro</span> <span class='ocrx_word' id='word_1_64' title='bbox 1088 1212 1238 1299; x_wconf 81' lang='lat' dir='ltr'>homagio</span> <span class='ocrx_word' id='word_1_65' title='bbox 1261 1220 1296 1277; x_wconf 88' lang='lat' dir='ltr'>et</span> <span class='ocrx_word' id='word_1_66' title='bbox 1318 1212 1455 1277; x_wconf 77' lang='lat' dir='ltr'>seminia</span> <span class='ocrx_word' id='word_1_67' title='bbox 1480 1234 1547 1275; x_wconf 85' lang='lat' dir='ltr'>suo</span> 
     </span>
     <span class='ocr_line' id='line_1_9' title="bbox 427 1315 1548 1402; baseline -0.003 -22"><span class='ocrx_word' id='word_1_68' title='bbox 427 1315 519 1381; x_wconf 87' lang='lat' dir='ltr'>nulla</span> <span class='ocrx_word' id='word_1_69' title='bbox 538 1316 706 1381; x_wconf 75' lang='lat' dir='ltr'>mensione</span> <span class='ocrx_word' id='word_1_70' title='bbox 732 1317 818 1391; x_wconf 82' lang='lat' dir='ltr'>faeta</span> <span class='ocrx_word' id='word_1_71' title='bbox 844 1315 885 1381; x_wconf 89' lang='lat' dir='ltr'>de</span> <span class='ocrx_word' id='word_1_72' title='bbox 911 1315 1072 1380; x_wconf 74' lang='lat' dir='ltr'><strong>escambio</strong></span> <span class='ocrx_word' id='word_1_73' title='bbox 1098 1324 1132 1380; x_wconf 91' lang='lat' dir='ltr'>et</span> <span class='ocrx_word' id='word_1_74' title='bbox 1158 1316 1234 1381; x_wconf 91' lang='lat' dir='ltr'>inde</span> <span class='ocrx_word' id='word_1_75' title='bbox 1260 1316 1353 1402; x_wconf 89' lang='lat' dir='ltr'>ponit</span> <span class='ocrx_word' id='word_1_76' title='bbox 1378 1338 1414 1381; x_wconf 91' lang='lat' dir='ltr'>se</span> <span class='ocrx_word' id='word_1_77' title='bbox 1439 1338 1548 1400; x_wconf 88' lang='lat' dir='ltr'>super</span> 
     </span>
     <span class='ocr_line' id='line_1_10' title="bbox 427 1418 1546 1506; baseline -0.002 -23"><span class='ocrx_word' id='word_1_78' title='bbox 427 1441 579 1505; x_wconf 88' lang='lat' dir='ltr'>magnam</span> <span class='ocrx_word' id='word_1_79' title='bbox 608 1419 741 1484; x_wconf 87' lang='lat' dir='ltr'>assisam</span> <span class='ocrx_word' id='word_1_80' title='bbox 770 1419 864 1483; x_wconf 90' lang='lat' dir='ltr'>Dom.</span> <span class='ocrx_word' id='word_1_81' title='bbox 892 1418 992 1504; x_wconf 84' lang='lat' dir='ltr'>Regis</span> <span class='ocrx_word' id='word_1_82' title='bbox 1017 1427 1052 1483; x_wconf 88' lang='lat' dir='ltr'>et</span> <span class='ocrx_word' id='word_1_83' title='bbox 1077 1419 1163 1505; x_wconf 90' lang='lat' dir='ltr'>petit</span> <span class='ocrx_word' id='word_1_84' title='bbox 1186 1419 1441 1506; x_wconf 80' lang='lat' dir='ltr'>recognieionem</span> <span class='ocrx_word' id='word_1_85' title='bbox 1468 1418 1546 1483; x_wconf 87' lang='lat' dir='ltr'>fieri</span> 
     </span>
     <span class='ocr_line' id='line_1_11' title="bbox 428 1521 1544 1608; baseline -0.001 -21"><span class='ocrx_word' id='word_1_86' title='bbox 428 1533 540 1588; x_wconf 86' lang='lat' dir='ltr'>utrum</span> <span class='ocrx_word' id='word_1_87' title='bbox 563 1522 633 1608; x_wconf 89' lang='lat' dir='ltr'>ipse</span> <span class='ocrx_word' id='word_1_88' title='bbox 656 1522 761 1587; x_wconf 89' lang='lat' dir='ltr'>maius</span> <span class='ocrx_word' id='word_1_89' title='bbox 784 1521 835 1586; x_wconf 90' lang='lat' dir='ltr'>ius</span> <span class='ocrx_word' id='word_1_90' title='bbox 858 1522 980 1587; x_wconf 88' lang='lat' dir='ltr'>habeat</span> <span class='ocrx_word' id='word_1_91' title='bbox 1002 1523 1136 1587; x_wconf 85' lang='lat' dir='ltr'>tenendi</span> <span class='ocrx_word' id='word_1_92' title='bbox 1159 1532 1279 1589; x_wconf 88' lang='lat' dir='ltr'>terram</span> <span class='ocrx_word' id='word_1_93' title='bbox 1299 1523 1389 1589; x_wconf 88' lang='lat' dir='ltr'>illam</span> <span class='ocrx_word' id='word_1_94' title='bbox 1409 1523 1452 1588; x_wconf 88' lang='lat' dir='ltr'>de</span> <span class='ocrx_word' id='word_1_95' title='bbox 1468 1524 1544 1608; x_wconf 87' lang='lat' dir='ltr'>ipso</span> 
     </span>
     <span class='ocr_line' id='line_1_12' title="bbox 428 1625 1238 1692; baseline -0.002 0"><span class='ocrx_word' id='word_1_96' title='bbox 428 1626 561 1692; x_wconf 79' lang='lat' dir='ltr'>Wanno</span> <span class='ocrx_word' id='word_1_97' title='bbox 574 1648 615 1691; x_wconf 92' lang='lat' dir='ltr'>an</span> <span class='ocrx_word' id='word_1_98' title='bbox 632 1625 785 1691; x_wconf 84' lang='lat' dir='ltr'>Warinus</span> <span class='ocrx_word' id='word_1_99' title='bbox 799 1625 933 1691; x_wconf 88' lang='lat' dir='ltr'>tenendi</span> <span class='ocrx_word' id='word_1_100' title='bbox 947 1625 1037 1690; x_wconf 93' lang='lat' dir='ltr'>illam</span> <span class='ocrx_word' id='word_1_101' title='bbox 1052 1627 1136 1690; x_wconf 87' lang='lat' dir='ltr'>sieut</span> <span class='ocrx_word' id='word_1_102' title='bbox 1151 1625 1238 1691; x_wconf 84' lang='lat' dir='ltr'>dicit.</span> 
     </span>
    </p>

    <p class='ocr_par' dir='ltr' id='par_1_4' title="bbox 427 1728 1543 2229">
     <span class='ocr_line' id='line_1_13' title="bbox 495 1728 1543 1814; baseline -0.001 -20"><span class='ocrx_word' id='word_1_103' title='bbox 495 1730 538 1794; x_wconf 90' lang='lat' dir='ltr'>Et</span> <span class='ocrx_word' id='word_1_104' title='bbox 552 1729 705 1794; x_wconf 86' lang='lat' dir='ltr'>Warinus</span> <span class='ocrx_word' id='word_1_105' title='bbox 719 1728 869 1814; x_wconf 83' lang='lat' dir='ltr'>pmdueit</span> <span class='ocrx_word' id='word_1_106' title='bbox 884 1737 1006 1794; x_wconf 87' lang='lat' dir='ltr'>sectam</span> <span class='ocrx_word' id='word_1_107' title='bbox 1027 1738 1061 1794; x_wconf 91' lang='lat' dir='ltr'>et</span> <span class='ocrx_word' id='word_1_108' title='bbox 1080 1728 1168 1814; x_wconf 89' lang='lat' dir='ltr'>quod</span> <span class='ocrx_word' id='word_1_109' title='bbox 1190 1729 1266 1793; x_wconf 87' lang='lat' dir='ltr'>talis</span> <span class='ocrx_word' id='word_1_110' title='bbox 1287 1738 1338 1794; x_wconf 88' lang='lat' dir='ltr'>est</span> <span class='ocrx_word' id='word_1_111' title='bbox 1359 1729 1543 1793; x_wconf 81' lang='lat' dir='ltr'>conueneio</span> 
     </span>
     <span class='ocr_line' id='line_1_14' title="bbox 428 1828 1541 1917; baseline 0.001 -23"><span class='ocrx_word' id='word_1_112' title='bbox 428 1837 463 1894; x_wconf 87' lang='lat' dir='ltr'>st</span> <span class='ocrx_word' id='word_1_113' title='bbox 478 1829 565 1916; x_wconf 90' lang='lat' dir='ltr'>quod</span> <span class='ocrx_word' id='word_1_114' title='bbox 579 1829 655 1893; x_wconf 88' lang='lat' dir='ltr'>talis</span> <span class='ocrx_word' id='word_1_115' title='bbox 669 1828 733 1893; x_wconf 83' lang='lat' dir='ltr'>fuit</span> <span class='ocrx_word' id='word_1_116' title='bbox 747 1838 838 1893; x_wconf 78' lang='lat' dir='ltr'>sarta</span> <span class='ocrx_word' id='word_1_117' title='bbox 852 1829 1040 1893; x_wconf 82' lang='lat' dir='ltr'>feofamenti</span> <span class='ocrx_word' id='word_1_118' title='bbox 1054 1829 1119 1894; x_wconf 84' lang='lat' dir='ltr'>soil.</span> <span class='ocrx_word' id='word_1_119' title='bbox 1136 1830 1232 1895; x_wconf 89' lang='lat' dir='ltr'>tales¹</span> <span class='ocrx_word' id='word_1_120' title='bbox 1248 1830 1305 1917; x_wconf 89' lang='lat' dir='ltr'>qui</span> <span class='ocrx_word' id='word_1_121' title='bbox 1318 1831 1379 1895; x_wconf 89' lang='lat' dir='ltr'>hoc</span> <span class='ocrx_word' id='word_1_122' title='bbox 1393 1831 1541 1896; x_wconf 84' lang='lat' dir='ltr'>offerunt</span> 
     </span>
     <span class='ocr_line' id='line_1_15' title="bbox 431 1933 1541 2022; baseline 0.001 -23"><span class='ocrx_word' id='word_1_123' title='bbox 431 1942 492 1999; x_wconf 78' lang='lat' dir='ltr'>ete</span> <span class='ocrx_word' id='word_1_124' title='bbox 507 1942 542 1999; x_wconf 90' lang='lat' dir='ltr'>et</span> <span class='ocrx_word' id='word_1_125' title='bbox 556 1934 643 2021; x_wconf 88' lang='lat' dir='ltr'>petit</span> <span class='ocrx_word' id='word_1_126' title='bbox 658 1933 745 2020; x_wconf 91' lang='lat' dir='ltr'>quod</span> <span class='ocrx_word' id='word_1_127' title='bbox 756 1933 940 1999; x_wconf 84' lang='lat' dir='ltr'>Willelmus</span> <span class='ocrx_word' id='word_1_128' title='bbox 955 1934 1105 1999; x_wconf 88' lang='lat' dir='ltr'>ostendat</span> <span class='ocrx_word' id='word_1_129' title='bbox 1119 1943 1243 1999; x_wconf 79' lang='lat' dir='ltr'>cartem</span> <span class='ocrx_word' id='word_1_130' title='bbox 1257 1958 1349 2000; x_wconf 88' lang='lat' dir='ltr'>suam</span> <span class='ocrx_word' id='word_1_131' title='bbox 1364 1958 1541 2022; x_wconf 88' lang='lat' dir='ltr'>perquam</span> 
     </span>
     <span class='ocr_line' id='line_1_16' title="bbox 427 2039 1539 2126; baseline 0 -21"><span class='ocrx_word' id='word_1_132' title='bbox 427 2041 566 2106; x_wconf 81' lang='lat' dir='ltr'>leofatus</span> <span class='ocrx_word' id='word_1_133' title='bbox 576 2040 640 2105; x_wconf 83' lang='lat' dir='ltr'>fuit</span> <span class='ocrx_word' id='word_1_134' title='bbox 651 2049 685 2105; x_wconf 87' lang='lat' dir='ltr'>et</span> <span class='ocrx_word' id='word_1_135' title='bbox 697 2040 838 2105; x_wconf 75' lang='lat' dir='ltr'>libenter</span> <span class='ocrx_word' id='word_1_136' title='bbox 851 2048 974 2105; x_wconf 82' lang='lat' dir='ltr'>cartam</span> <span class='ocrx_word' id='word_1_137' title='bbox 989 2062 1081 2104; x_wconf 90' lang='lat' dir='ltr'>suam</span> <span class='ocrx_word' id='word_1_138' title='bbox 1092 2039 1219 2104; x_wconf 88' lang='lat' dir='ltr'>tenebit</span> <span class='ocrx_word' id='word_1_139' title='bbox 1231 2049 1266 2105; x_wconf 91' lang='lat' dir='ltr'>et</span> <span class='ocrx_word' id='word_1_140' title='bbox 1276 2040 1362 2126; x_wconf 88' lang='lat' dir='ltr'>petit</span> <span class='ocrx_word' id='word_1_141' title='bbox 1376 2040 1539 2105; x_wconf 81' lang='lat' dir='ltr'>iudicium</span> 
     </span>
     <span class='ocr_line' id='line_1_17' title="bbox 427 2140 980 2229; baseline -0.004 -22"><span class='ocrx_word' id='word_1_142' title='bbox 427 2142 456 2207; x_wconf 88' lang='lat' dir='ltr'>si</span> <span class='ocrx_word' id='word_1_143' title='bbox 470 2165 568 2229; x_wconf 87' lang='lat' dir='ltr'>super</span> <span class='ocrx_word' id='word_1_144' title='bbox 582 2143 641 2208; x_wconf 87' lang='lat' dir='ltr'>hoc</span> <span class='ocrx_word' id='word_1_145' title='bbox 655 2142 774 2207; x_wconf 84' lang='lat' dir='ltr'>debeat</span> <span class='ocrx_word' id='word_1_146' title='bbox 788 2141 889 2206; x_wconf 81' lang='lat' dir='ltr'><strong>assisa</strong></span> <span class='ocrx_word' id='word_1_147' title='bbox 902 2140 980 2205; x_wconf 82' lang='lat' dir='ltr'>fieri</span> 
     </span>
    </p>

    <p class='ocr_par' dir='ltr' id='par_1_5' title="bbox 426 2245 1539 2643">
     <span class='ocr_line' id='line_1_18' title="bbox 494 2245 1539 2333; baseline -0.002 -22"><span class='ocrx_word' id='word_1_148' title='bbox 494 2247 537 2313; x_wconf 89' lang='lat' dir='ltr'>Et</span> <span class='ocrx_word' id='word_1_149' title='bbox 552 2247 737 2312; x_wconf 88' lang='lat' dir='ltr'>Willelmus</span> <span class='ocrx_word' id='word_1_150' title='bbox 751 2247 831 2311; x_wconf 86' lang='lat' dir='ltr'>dicit</span> <span class='ocrx_word' id='word_1_151' title='bbox 846 2245 933 2333; x_wconf 92' lang='lat' dir='ltr'>quod</span> <span class='ocrx_word' id='word_1_152' title='bbox 948 2246 1072 2310; x_wconf 90' lang='lat' dir='ltr'>nullam</span> <span class='ocrx_word' id='word_1_153' title='bbox 1090 2254 1212 2310; x_wconf 85' lang='lat' dir='ltr'>cartam</span> <span class='ocrx_word' id='word_1_154' title='bbox 1227 2245 1328 2311; x_wconf 86' lang='lat' dir='ltr'>habet</span> <span class='ocrx_word' id='word_1_155' title='bbox 1343 2254 1377 2311; x_wconf 88' lang='lat' dir='ltr'>et</span> <span class='ocrx_word' id='word_1_156' title='bbox 1391 2246 1486 2332; x_wconf 89' lang='lat' dir='ltr'>ponit</span> <span class='ocrx_word' id='word_1_157' title='bbox 1502 2268 1539 2310; x_wconf 86' lang='lat' dir='ltr'>se</span> 
     </span>
     <span class='ocr_line' id='line_1_19' title="bbox 426 2350 1538 2438; baseline -0.004 -21"><span class='ocrx_word' id='word_1_158' title='bbox 426 2374 524 2438; x_wconf 88' lang='lat' dir='ltr'>super</span> <span class='ocrx_word' id='word_1_159' title='bbox 545 2374 696 2437; x_wconf 80' lang='lat' dir='ltr'>magnam</span> <span class='ocrx_word' id='word_1_160' title='bbox 719 2351 852 2416; x_wconf 87' lang='lat' dir='ltr'>assisam</span> <span class='ocrx_word' id='word_1_161' title='bbox 874 2351 958 2415; x_wconf 89' lang='lat' dir='ltr'>sieut</span> <span class='ocrx_word' id='word_1_162' title='bbox 980 2350 1076 2436; x_wconf 87' lang='lat' dir='ltr'>prius</span> <span class='ocrx_word' id='word_1_163' title='bbox 1122 2351 1167 2415; x_wconf 87' lang='lat' dir='ltr'>Et</span> <span class='ocrx_word' id='word_1_164' title='bbox 1190 2350 1343 2415; x_wconf 88' lang='lat' dir='ltr'>Warinus</span> <span class='ocrx_word' id='word_1_165' title='bbox 1364 2350 1450 2435; x_wconf 90' lang='lat' dir='ltr'>petit</span> <span class='ocrx_word' id='word_1_166' title='bbox 1473 2350 1538 2414; x_wconf 90' lang='lat' dir='ltr'>sibi</span> 
     </span>
     <span class='ocr_line' id='line_1_20' title="bbox 427 2454 1538 2543; baseline -0.003 -22"><span class='ocrx_word' id='word_1_167' title='bbox 427 2456 556 2521; x_wconf 84' lang='lat' dir='ltr'>allocari</span> <span class='ocrx_word' id='word_1_168' title='bbox 570 2455 657 2543; x_wconf 93' lang='lat' dir='ltr'>quod</span> <span class='ocrx_word' id='word_1_169' title='bbox 673 2465 796 2520; x_wconf 80' lang='lat' dir='ltr'>sartam</span> <span class='ocrx_word' id='word_1_170' title='bbox 816 2478 882 2520; x_wconf 90' lang='lat' dir='ltr'>non</span> <span class='ocrx_word' id='word_1_171' title='bbox 896 2455 953 2519; x_wconf 87' lang='lat' dir='ltr'>wlt</span> <span class='ocrx_word' id='word_1_172' title='bbox 975 2454 1142 2519; x_wconf 75' lang='lat' dir='ltr'>ostendere</span> <span class='ocrx_word' id='word_1_173' title='bbox 1165 2476 1225 2519; x_wconf 88' lang='lat' dir='ltr'>neo</span> <span class='ocrx_word' id='word_1_174' title='bbox 1245 2454 1368 2541; x_wconf 87' lang='lat' dir='ltr'>aliquid</span> <span class='ocrx_word' id='word_1_175' title='bbox 1390 2454 1538 2519; x_wconf 88' lang='lat' dir='ltr'>ostendit</span> 
     </span>
     <span class='ocr_line' id='line_1_21' title="bbox 427 2557 902 2643; baseline 0.006 -21"><span class='ocrx_word' id='word_1_176' title='bbox 427 2559 490 2623; x_wconf 92' lang='lat' dir='ltr'>nisi</span> <span class='ocrx_word' id='word_1_177' title='bbox 505 2557 643 2643; x_wconf 84' lang='lat' dir='ltr'>simplex</span> <span class='ocrx_word' id='word_1_178' title='bbox 658 2558 783 2625; x_wconf 85' lang='lat' dir='ltr'>dietum</span> <span class='ocrx_word' id='word_1_179' title='bbox 797 2582 902 2625; x_wconf 88' lang='lat' dir='ltr'>snum</span> 
     </span>
    </p>
   </div>
   <div class='ocr_carea' id='block_1_3' title="bbox 280 2662 1536 2751">
    <p class='ocr_par' dir='ltr' id='par_1_6' title="bbox 280 2662 1536 2751">
     <span class='ocr_line' id='line_1_22' title="bbox 280 2662 1536 2751; baseline 0.001 -24"><span class='ocrx_word' id='word_1_180' title='bbox 280 2687 295 2715; x_wconf 76' lang='lat' dir='ltr'>u</span> <span class='ocrx_word' id='word_1_181' title='bbox 376 2674 391 2714; x_wconf 91' lang='lat'>¹·</span> <span class='ocrx_word' id='word_1_182' title='bbox 493 2662 742 2729; x_wconf 84' lang='lat' dir='ltr'>Consideratum</span> <span class='ocrx_word' id='word_1_183' title='bbox 764 2674 815 2729; x_wconf 89' lang='lat' dir='ltr'>est</span> <span class='ocrx_word' id='word_1_184' title='bbox 838 2662 924 2751; x_wconf 92' lang='lat' dir='ltr'>quod</span> <span class='ocrx_word' id='word_1_185' title='bbox 946 2685 1065 2749; x_wconf 85' lang='lat' dir='ltr'>magna</span> <span class='ocrx_word' id='word_1_186' title='bbox 1083 2664 1184 2729; x_wconf 86' lang='lat' dir='ltr'>assisa</span> <span class='ocrx_word' id='word_1_187' title='bbox 1203 2662 1287 2727; x_wconf 82' lang='lat' dir='ltr'>iacet</span> <span class='ocrx_word' id='word_1_188' title='bbox 1302 2662 1389 2727; x_wconf 88' lang='lat' dir='ltr'>inter</span> <span class='ocrx_word' id='word_1_189' title='bbox 1403 2684 1458 2727; x_wconf 88' lang='lat' dir='ltr'>eos</span> <span class='ocrx_word' id='word_1_190' title='bbox 1473 2672 1536 2728; x_wconf 86' lang='lat' dir='ltr'>etc.</span> 
     </span>
    </p>
   </div>
   <div class='ocr_carea' id='block_1_4' title="bbox 425 2766 1616 4185">
    <p class='ocr_par' dir='ltr' id='par_1_7' title="bbox 425 2766 1616 3374">
     <span class='ocr_line' id='line_1_23' title="bbox 427 2766 1536 2853; baseline 0 -22"><span class='ocrx_word' id='word_1_191' title='bbox 427 2775 462 2831; x_wconf 88' lang='lat' dir='ltr'>et</span> <span class='ocrx_word' id='word_1_192' title='bbox 476 2766 549 2831; x_wconf 89' lang='lat' dir='ltr'>ideo</span> <span class='ocrx_word' id='word_1_193' title='bbox 563 2766 623 2831; x_wconf 85' lang='lat' dir='ltr'>fiat</span> <span class='ocrx_word' id='word_1_194' title='bbox 636 2766 737 2831; x_wconf 85' lang='lat' dir='ltr'>assisa</span> <span class='ocrx_word' id='word_1_195' title='bbox 750 2775 810 2831; x_wconf 81' lang='lat' dir='ltr'>eta</span> <span class='ocrx_word' id='word_1_196' title='bbox 826 2766 869 2831; x_wconf 91' lang='lat' dir='ltr'>ad</span> <span class='ocrx_word' id='word_1_197' title='bbox 888 2767 1179 2853; x_wconf 83' lang='lat' dir='ltr'>recognoscendum</span> <span class='ocrx_word' id='word_1_198' title='bbox 1197 2775 1307 2830; x_wconf 91' lang='lat' dir='ltr'>utrum</span> <span class='ocrx_word' id='word_1_199' title='bbox 1323 2766 1392 2852; x_wconf 90' lang='lat' dir='ltr'>ipse</span> <span class='ocrx_word' id='word_1_200' title='bbox 1407 2767 1536 2831; x_wconf 89' lang='lat' dir='ltr'>Willel-</span> 
     </span>
     <span class='ocr_line' id='line_1_24' title="bbox 425 2869 1535 2956; baseline -0.001 -20"><span class='ocrx_word' id='word_1_201' title='bbox 425 2894 498 2936; x_wconf 90' lang='lat' dir='ltr'>mus</span> <span class='ocrx_word' id='word_1_202' title='bbox 512 2870 618 2936; x_wconf 84' lang='lat' dir='ltr'>maius</span> <span class='ocrx_word' id='word_1_203' title='bbox 632 2870 683 2935; x_wconf 90' lang='lat' dir='ltr'>ius</span> <span class='ocrx_word' id='word_1_204' title='bbox 698 2870 798 2935; x_wconf 86' lang='lat' dir='ltr'>habet</span> <span class='ocrx_word' id='word_1_205' title='bbox 812 2870 948 2935; x_wconf 90' lang='lat' dir='ltr'>tenendi</span> <span class='ocrx_word' id='word_1_206' title='bbox 962 2879 1082 2935; x_wconf 86' lang='lat' dir='ltr'>terram</span> <span class='ocrx_word' id='word_1_207' title='bbox 1097 2870 1187 2935; x_wconf 91' lang='lat' dir='ltr'>illam</span> <span class='ocrx_word' id='word_1_208' title='bbox 1203 2870 1243 2935; x_wconf 91' lang='lat' dir='ltr'>de</span> <span class='ocrx_word' id='word_1_209' title='bbox 1259 2870 1330 2956; x_wconf 92' lang='lat' dir='ltr'>ipso</span> <span class='ocrx_word' id='word_1_210' title='bbox 1347 2869 1479 2933; x_wconf 88' lang='lat' dir='ltr'>Warino</span> <span class='ocrx_word' id='word_1_211' title='bbox 1494 2880 1535 2935; x_wconf 89' lang='lat' dir='ltr'>ut</span> 
     </span>
     <span class='ocr_line' id='line_1_25' title="bbox 425 2974 1534 3063; baseline 0.002 -25"><span class='ocrx_word' id='word_1_212' title='bbox 425 2974 515 3039; x_wconf 91' lang='lat' dir='ltr'>illam</span> <span class='ocrx_word' id='word_1_213' title='bbox 539 2997 638 3061; x_wconf 88' lang='lat' dir='ltr'>quam</span> <span class='ocrx_word' id='word_1_214' title='bbox 662 2974 694 3039; x_wconf 89' lang='lat' dir='ltr'>ei</span> <span class='ocrx_word' id='word_1_215' title='bbox 717 2975 810 3040; x_wconf 87' lang='lat' dir='ltr'>dedit</span> <span class='ocrx_word' id='word_1_216' title='bbox 832 2998 891 3061; x_wconf 88' lang='lat' dir='ltr'>pro</span> <span class='ocrx_word' id='word_1_217' title='bbox 915 2975 1064 3063; x_wconf 82' lang='lat' dir='ltr'>homagio</span> <span class='ocrx_word' id='word_1_218' title='bbox 1084 2984 1120 3039; x_wconf 89' lang='lat' dir='ltr'>et</span> <span class='ocrx_word' id='word_1_219' title='bbox 1141 2974 1276 3040; x_wconf 85' lang='lat' dir='ltr'>seruicio</span> <span class='ocrx_word' id='word_1_220' title='bbox 1295 2997 1363 3053; x_wconf 86' lang='lat' dir='ltr'>suo,</span> <span class='ocrx_word' id='word_1_221' title='bbox 1382 2996 1425 3040; x_wconf 91' lang='lat' dir='ltr'>an</span> <span class='ocrx_word' id='word_1_222' title='bbox 1444 2974 1534 3041; x_wconf 90' lang='lat' dir='ltr'>idem</span> 
     </span>
     <span class='ocr_line' id='line_1_26' title="bbox 426 3078 1616 3164; baseline 0.002 -21"><span class='ocrx_word' id='word_1_223' title='bbox 426 3079 609 3143; x_wconf 72' lang='lat' dir='ltr'>Henrieus⁸</span> <span class='ocrx_word' id='word_1_224' title='bbox 624 3080 758 3144; x_wconf 90' lang='lat' dir='ltr'>tenendi</span> <span class='ocrx_word' id='word_1_225' title='bbox 772 3080 863 3144; x_wconf 88' lang='lat' dir='ltr'>illam</span> <span class='ocrx_word' id='word_1_226' title='bbox 879 3079 914 3143; x_wconf 93' lang='lat' dir='ltr'>in</span> <span class='ocrx_word' id='word_1_227' title='bbox 928 3079 1089 3145; x_wconf 84' lang='lat' dir='ltr'>dominico</span> <span class='ocrx_word' id='word_1_228' title='bbox 1108 3101 1167 3164; x_wconf 88' lang='lat' dir='ltr'>per</span> <span class='ocrx_word' id='word_1_229' title='bbox 1181 3078 1431 3143; x_wconf 85' lang='lat' dir='ltr'>eonnencionem</span> <span class='ocrx_word' id='word_1_230' title='bbox 1446 3078 1536 3143; x_wconf 83' lang='lat' dir='ltr'>inter</span> <span class='ocrx_word' id='word_1_231' title='bbox 1615 3114 1616 3145; x_wconf 75' lang='lat'>1</span> 
     </span>
     <span class='ocr_line' id='line_1_27' title="bbox 426 3181 1531 3269; baseline -0.001 -22"><span class='ocrx_word' id='word_1_232' title='bbox 426 3205 480 3247; x_wconf 87' lang='lat' dir='ltr'>eos</span> <span class='ocrx_word' id='word_1_233' title='bbox 509 3182 628 3247; x_wconf 87' lang='lat' dir='ltr'>faotam</span> <span class='ocrx_word' id='word_1_234' title='bbox 654 3204 712 3267; x_wconf 88' lang='lat' dir='ltr'>per</span> <span class='ocrx_word' id='word_1_235' title='bbox 739 3205 837 3269; x_wconf 91' lang='lat' dir='ltr'>quam</span> <span class='ocrx_word' id='word_1_236' title='bbox 863 3192 950 3248; x_wconf 77' lang='lat' dir='ltr'>teria</span> <span class='ocrx_word' id='word_1_237' title='bbox 974 3182 1032 3247; x_wconf 90' lang='lat' dir='ltr'>illa</span> <span class='ocrx_word' id='word_1_238' title='bbox 1059 3182 1175 3247; x_wconf 89' lang='lat' dir='ltr'>debuit</span> <span class='ocrx_word' id='word_1_239' title='bbox 1203 3182 1325 3247; x_wconf 88' lang='lat' dir='ltr'>reuerti</span> <span class='ocrx_word' id='word_1_240' title='bbox 1354 3181 1396 3246; x_wconf 88' lang='lat' dir='ltr'>ad</span> <span class='ocrx_word' id='word_1_241' title='bbox 1425 3182 1531 3267; x_wconf 89' lang='lat' dir='ltr'>ipsum</span> 
     </span>
     <span class='ocr_line' id='line_1_28' title="bbox 427 3285 1463 3374; baseline -0.001 -22"><span class='ocrx_word' id='word_1_242' title='bbox 427 3286 597 3352; x_wconf 89' lang='lat' dir='ltr'>Warinum</span> <span class='ocrx_word' id='word_1_243' title='bbox 611 3295 784 3374; x_wconf 88' lang='lat' dir='ltr'>postquam</span> <span class='ocrx_word' id='word_1_244' title='bbox 799 3296 932 3353; x_wconf 87' lang='lat' dir='ltr'>eentum</span> <span class='ocrx_word' id='word_1_245' title='bbox 947 3288 1101 3353; x_wconf 91' lang='lat' dir='ltr'>solidatas</span> <span class='ocrx_word' id='word_1_246' title='bbox 1115 3294 1200 3351; x_wconf 89' lang='lat' dir='ltr'>terre</span> <span class='ocrx_word' id='word_1_247' title='bbox 1215 3286 1246 3351; x_wconf 89' lang='lat' dir='ltr'>ei</span> <span class='ocrx_word' id='word_1_248' title='bbox 1261 3285 1463 3371; x_wconf 70' lang='lat' dir='ltr'>assignasset.</span> 
     </span>
    </p>

    <p class='ocr_par' dir='ltr' id='par_1_8' title="bbox 425 3388 1531 4185">
     <span class='ocr_line' id='line_1_29' title="bbox 491 3388 1531 3478; baseline -0.003 -22"><span class='ocrx_word' id='word_1_249' title='bbox 491 3390 530 3456; x_wconf 84' lang='lat' dir='ltr'>‘J</span> <span class='ocrx_word' id='word_1_250' title='bbox 531 3399 626 3455; x_wconf 89' lang='lat' dir='ltr'>urata</span> <span class='ocrx_word' id='word_1_251' title='bbox 639 3391 733 3455; x_wconf 89' lang='lat' dir='ltr'>uenit</span> <span class='ocrx_word' id='word_1_252' title='bbox 747 3392 953 3478; x_wconf 78' lang='lat' dir='ltr'>recognitum</span> <span class='ocrx_word' id='word_1_253' title='bbox 964 3414 1005 3457; x_wconf 85' lang='lat' dir='ltr'>ex</span> <span class='ocrx_word' id='word_1_254' title='bbox 1016 3412 1172 3456; x_wconf 79' lang='lat' dir='ltr'>consensu</span> <span class='ocrx_word' id='word_1_255' title='bbox 1187 3390 1331 3475; x_wconf 77' lang='lat' dir='ltr'>pannium</span> <span class='ocrx_word' id='word_1_256' title='bbox 1347 3389 1375 3454; x_wconf 90' lang='lat' dir='ltr'>si</span> <span class='ocrx_word' id='word_1_257' title='bbox 1385 3388 1531 3475; x_wconf 83' lang='lat' dir='ltr'>Rogems</span> 
     </span>
     <span class='ocr_line' id='line_1_30' title="bbox 427 3493 1531 3581; baseline 0.001 -21"><span class='ocrx_word' id='word_1_258' title='bbox 427 3495 467 3560; x_wconf 91' lang='lat' dir='ltr'>de</span> <span class='ocrx_word' id='word_1_259' title='bbox 490 3494 624 3560; x_wconf 73' lang='lat' dir='ltr'>Chaur’¹⁵</span> <span class='ocrx_word' id='word_1_260' title='bbox 648 3494 811 3581; x_wconf 89' lang='lat' dir='ltr'>quondam</span> <span class='ocrx_word' id='word_1_261' title='bbox 838 3497 890 3562; x_wconf 89' lang='lat' dir='ltr'>uir</span> <span class='ocrx_word' id='word_1_262' title='bbox 915 3496 1020 3561; x_wconf 82' lang='lat' dir='ltr'>Alicio</span> <span class='ocrx_word' id='word_1_263' title='bbox 1045 3495 1099 3560; x_wconf 86' lang='lat' dir='ltr'>die</span> <span class='ocrx_word' id='word_1_264' title='bbox 1128 3516 1192 3581; x_wconf 89' lang='lat' dir='ltr'>quo</span> <span class='ocrx_word' id='word_1_265' title='bbox 1222 3516 1294 3559; x_wconf 90' lang='lat' dir='ltr'>eam</span> <span class='ocrx_word' id='word_1_266' title='bbox 1323 3493 1531 3579; x_wconf 86' lang='lat' dir='ltr'>desponsanit</span> 
     </span>
     <span class='ocr_line' id='line_1_31' title="bbox 426 3597 1531 3665; baseline 0.002 -3"><span class='ocrx_word' id='word_1_267' title='bbox 426 3597 555 3663; x_wconf 88' lang='lat' dir='ltr'>dotauit</span> <span class='ocrx_word' id='word_1_268' title='bbox 584 3620 657 3662; x_wconf 88' lang='lat' dir='ltr'>eam</span> <span class='ocrx_word' id='word_1_269' title='bbox 685 3598 728 3662; x_wconf 87' lang='lat' dir='ltr'>ad</span> <span class='ocrx_word' id='word_1_270' title='bbox 754 3597 898 3664; x_wconf 88' lang='lat' dir='ltr'>hostium</span> <span class='ocrx_word' id='word_1_271' title='bbox 928 3598 1116 3665; x_wconf 88' lang='lat' dir='ltr'>monasterii</span> <span class='ocrx_word' id='word_1_272' title='bbox 1144 3598 1184 3663; x_wconf 91' lang='lat' dir='ltr'>de</span> <span class='ocrx_word' id='word_1_273' title='bbox 1214 3597 1461 3663; x_wconf 87' lang='lat' dir='ltr'>Wathamstede</span> <span class='ocrx_word' id='word_1_274' title='bbox 1490 3598 1531 3664; x_wconf 90' lang='lat' dir='ltr'>de</span> 
     </span>
     <span class='ocr_line' id='line_1_32' title="bbox 426 3700 1530 3790; baseline 0 -23"><span class='ocrx_word' id='word_1_275' title='bbox 426 3700 528 3767; x_wconf 87' lang='lat' dir='ltr'>tercia</span> <span class='ocrx_word' id='word_1_276' title='bbox 546 3710 640 3786; x_wconf 87' lang='lat' dir='ltr'>parte</span> <span class='ocrx_word' id='word_1_277' title='bbox 659 3700 757 3765; x_wconf 88' lang='lat' dir='ltr'>unius</span> <span class='ocrx_word' id='word_1_278' title='bbox 777 3700 859 3788; x_wconf 82' lang='lat' dir='ltr'>uirg.</span> <span class='ocrx_word' id='word_1_279' title='bbox 875 3710 959 3767; x_wconf 85' lang='lat' dir='ltr'>terre</span> <span class='ocrx_word' id='word_1_280' title='bbox 979 3725 1053 3768; x_wconf 88' lang='lat' dir='ltr'>cum</span> <span class='ocrx_word' id='word_1_281' title='bbox 1069 3712 1150 3790; x_wconf 87' lang='lat' dir='ltr'>pert</span> <span class='ocrx_word' id='word_1_282' title='bbox 1166 3702 1201 3766; x_wconf 91' lang='lat' dir='ltr'>in</span> <span class='ocrx_word' id='word_1_283' title='bbox 1215 3701 1462 3767; x_wconf 86' lang='lat' dir='ltr'>Wathamstede</span> <span class='ocrx_word' id='word_1_284' title='bbox 1478 3704 1530 3768; x_wconf 88' lang='lat' dir='ltr'>uel</span> 
     </span>
     <span class='ocr_line' id='line_1_33' title="bbox 426 3804 1527 3894; baseline 0 -23"><span class='ocrx_word' id='word_1_285' title='bbox 426 3829 500 3883; x_wconf 89' lang='lat' dir='ltr'>non,</span> <span class='ocrx_word' id='word_1_286' title='bbox 514 3805 601 3870; x_wconf 90' lang='lat' dir='ltr'>unde</span> <span class='ocrx_word' id='word_1_287' title='bbox 624 3805 763 3869; x_wconf 81' lang='lat' dir='ltr'><strong>Thomas</strong></span> <span class='ocrx_word' id='word_1_288' title='bbox 782 3804 823 3870; x_wconf 92' lang='lat' dir='ltr'>de</span> <span class='ocrx_word' id='word_1_289' title='bbox 846 3806 919 3871; x_wconf 86' lang='lat' dir='ltr'>Hoc</span> <span class='ocrx_word' id='word_1_290' title='bbox 940 3828 1054 3872; x_wconf 86' lang='lat' dir='ltr'>uersus</span> <span class='ocrx_word' id='word_1_291' title='bbox 1075 3829 1173 3894; x_wconf 90' lang='lat' dir='ltr'>quem</span> <span class='ocrx_word' id='word_1_292' title='bbox 1195 3807 1266 3892; x_wconf 88' lang='lat' dir='ltr'>ipsa</span> <span class='ocrx_word' id='word_1_293' title='bbox 1286 3805 1406 3871; x_wconf 85' lang='lat' dir='ltr'>elamat</span> <span class='ocrx_word' id='word_1_294' title='bbox 1427 3806 1527 3892; x_wconf 84' lang='lat' dir='ltr'>ipsam</span> 
     </span>
     <span class='ocr_line' id='line_1_34' title="bbox 426 3910 1528 3998; baseline 0.001 -23"><span class='ocrx_word' id='word_1_295' title='bbox 426 3910 560 3975; x_wconf 85' lang='lat' dir='ltr'>terciam</span> <span class='ocrx_word' id='word_1_296' title='bbox 582 3918 709 3995; x_wconf 86' lang='lat' dir='ltr'>partem</span> <span class='ocrx_word' id='word_1_297' title='bbox 730 3910 766 3974; x_wconf 89' lang='lat' dir='ltr'>in</span> <span class='ocrx_word' id='word_1_298' title='bbox 787 3910 898 3975; x_wconf 88' lang='lat' dir='ltr'>dotem</span> <span class='ocrx_word' id='word_1_299' title='bbox 919 3910 1004 3976; x_wconf 85' lang='lat' dir='ltr'>dixit</span> <span class='ocrx_word' id='word_1_300' title='bbox 1024 3911 1111 3998; x_wconf 92' lang='lat' dir='ltr'>quod</span> <span class='ocrx_word' id='word_1_301' title='bbox 1125 3934 1190 3977; x_wconf 92' lang='lat' dir='ltr'>non</span> <span class='ocrx_word' id='word_1_302' title='bbox 1205 3912 1269 3976; x_wconf 83' lang='lat' dir='ltr'>fuit</span> <span class='ocrx_word' id='word_1_303' title='bbox 1282 3911 1475 3996; x_wconf 81' lang='lat' dir='ltr'>desponsata</span> <span class='ocrx_word' id='word_1_304' title='bbox 1488 3910 1528 3976; x_wconf 91' lang='lat' dir='ltr'>ad</span> 
     </span>
     <span class='ocr_line' id='line_1_35' title="bbox 426 4012 1527 4080; baseline 0 -1"><span class='ocrx_word' id='word_1_305' title='bbox 426 4013 569 4079; x_wconf 87' lang='lat' dir='ltr'>hostium</span> <span class='ocrx_word' id='word_1_306' title='bbox 591 4012 779 4078; x_wconf 87' lang='lat' dir='ltr'>monasterii</span> <span class='ocrx_word' id='word_1_307' title='bbox 800 4036 860 4079; x_wconf 83' lang='lat' dir='ltr'>nee</span> <span class='ocrx_word' id='word_1_308' title='bbox 882 4014 961 4079; x_wconf 88' lang='lat' dir='ltr'>alibi</span> <span class='ocrx_word' id='word_1_309' title='bbox 982 4014 1046 4079; x_wconf 89' lang='lat' dir='ltr'>nisi</span> <span class='ocrx_word' id='word_1_310' title='bbox 1068 4022 1199 4079; x_wconf 90' lang='lat' dir='ltr'>tantum</span> <span class='ocrx_word' id='word_1_311' title='bbox 1220 4012 1361 4078; x_wconf 89' lang='lat' dir='ltr'>seeundo</span> <span class='ocrx_word' id='word_1_312' title='bbox 1381 4012 1433 4078; x_wconf 87' lang='lat' dir='ltr'>die</span> <span class='ocrx_word' id='word_1_313' title='bbox 1454 4024 1527 4080; x_wconf 84' lang='lat' dir='ltr'>ante</span> 
     </span>
     <span class='ocr_line' id='line_1_36' title="bbox 425 4117 962 4185; baseline 0.004 -3"><span class='ocrx_word' id='word_1_314' title='bbox 425 4117 553 4182; x_wconf 88' lang='lat' dir='ltr'>obitum</span> <span class='ocrx_word' id='word_1_315' title='bbox 567 4140 663 4182; x_wconf 89' lang='lat' dir='ltr'>suum</span> <span class='ocrx_word' id='word_1_316' title='bbox 678 4117 713 4181; x_wconf 91' lang='lat' dir='ltr'>in</span> <span class='ocrx_word' id='word_1_317' title='bbox 727 4118 811 4183; x_wconf 87' lang='lat' dir='ltr'>lecto</span> <span class='ocrx_word' id='word_1_318' title='bbox 825 4118 962 4185; x_wconf 84' lang='lat' dir='ltr'>mortali</span> 
     </span>
    </p>
   </div>
   <div class='ocr_carea' id='block_1_5' title="bbox 425 4242 1526 4497">
    <p class='ocr_par' dir='ltr' id='par_1_9' title="bbox 425 4242 1526 4497">
     <span class='ocr_line' id='line_1_37' title="bbox 459 4242 1340 4306; baseline -0.001 -12"><span class='ocrx_word' id='word_1_319' title='bbox 459 4242 763 4303; x_wconf 53' lang='lat' dir='ltr'>mammonas.</span> <span class='ocrx_word' id='word_1_320' title='bbox 1036 4242 1340 4306; x_wconf 73' lang='lat' dir='ltr'>⁴A.m.6;‚s.m.ad.</span> 
     </span>
     <span class='ocr_line' id='line_1_38' title="bbox 429 4308 1525 4385; baseline 0.003 -27"><span class='ocrx_word' id='word_1_321' title='bbox 429 4374 435 4385; x_wconf 41' lang='lat'><strong>·</strong></span> <span class='ocrx_word' id='word_1_322' title='bbox 459 4310 471 4339; x_wconf 82' lang='lat'><strong>¹</strong></span> <span class='ocrx_word' id='word_1_323' title='bbox 487 4308 585 4372; x_wconf 80' lang='lat' dir='ltr'>Bytho</span> <span class='ocrx_word' id='word_1_324' title='bbox 599 4308 708 4372; x_wconf 82' lang='lat' dir='ltr'>oopyist.</span> <span class='ocrx_word' id='word_1_325' title='bbox 741 4310 763 4359; x_wconf 91' lang='grc' dir='ltr'><strong>Β</strong></span> <span class='ocrx_word' id='word_1_326' title='bbox 779 4308 829 4360; x_wconf 82' lang='lat' dir='ltr'>has</span> <span class='ocrx_word' id='word_1_327' title='bbox 846 4316 892 4361; x_wconf 89' lang='lat' dir='ltr'>not</span> <span class='ocrx_word' id='word_1_328' title='bbox 909 4310 954 4361; x_wconf 85' lang='lat' dir='ltr'>the</span> <span class='ocrx_word' id='word_1_329' title='bbox 1036 4312 1047 4344; x_wconf 77' lang='lat'><strong>⁶</strong></span> <span class='ocrx_word' id='word_1_330' title='bbox 1064 4311 1186 4369; x_wconf 72' lang='lat' dir='ltr'>Bronton,</span> <span class='ocrx_word' id='word_1_331' title='bbox 1198 4312 1216 4360; x_wconf 75' lang='lat' dir='ltr'>l.</span> <span class='ocrx_word' id='word_1_332' title='bbox 1234 4312 1290 4368; x_wconf 77' lang='lat'><strong>304,</strong></span> <span class='ocrx_word' id='word_1_333' title='bbox 1307 4310 1372 4360; x_wconf 78' lang='lat' dir='ltr'>cites</span> <span class='ocrx_word' id='word_1_334' title='bbox 1387 4308 1441 4360; x_wconf 81' lang='lat' dir='ltr'>this</span> <span class='ocrx_word' id='word_1_335' title='bbox 1456 4324 1525 4370; x_wconf 74' lang='lat' dir='ltr'>osse3</span> 
     </span>
     <span class='ocr_line' id='line_1_39' title="bbox 425 4374 1526 4497; baseline 0.002 -74"><span class='ocrx_word' id='word_1_336' title='bbox 425 4374 586 4497; x_wconf 41' lang='lat' dir='ltr'>Judggigffi</span> <span class='ocrx_word' id='word_1_337' title='bbox 603 4454 667 4492; x_wconf 56' lang='lat' dir='ltr'><strong>m</strong></span> <span class='ocrx_word' id='word_1_338' title='bbox 686 4441 812 4491; x_wconf 49' lang='lat' dir='ltr'>mrim</span> <span class='ocrx_word' id='word_1_339' title='bbox 1004 4376 1050 4426; x_wconf 85' lang='lat' dir='ltr'>bnt</span> <span class='ocrx_word' id='word_1_340' title='bbox 1059 4376 1112 4427; x_wconf 83' lang='lat' dir='ltr'>this</span> <span class='ocrx_word' id='word_1_341' title='bbox 1120 4390 1198 4427; x_wconf 83' lang='lat' dir='ltr'>name</span> <span class='ocrx_word' id='word_1_342' title='bbox 1207 4375 1256 4426; x_wconf 84' lang='lat' dir='ltr'>has</span> <span class='ocrx_word' id='word_1_343' title='bbox 1264 4375 1366 4425; x_wconf 83' lang='lat' dir='ltr'>beoome</span> <span class='ocrx_word' id='word_1_344' title='bbox 1374 4376 1404 4424; x_wconf 81' lang='lat' dir='ltr'>de</span> <span class='ocrx_word' id='word_1_345' title='bbox 1417 4377 1526 4425; x_wconf 77' lang='lat' dir='ltr'>Canem.</span> 
     </span>
    </p>
   </div>
   <div class='ocr_carea' id='block_1_6' title="bbox 0 0 1676 5217">
    <p class='ocr_par' dir='ltr' id='par_1_10' title="bbox 0 0 1676 5217">
     <span class='ocr_line' id='line_1_40' title="bbox 0 0 1676 5217; baseline 0 2"><span class='ocrx_word' id='word_1_346' title='bbox 0 0 1676 5217; x_wconf 95' lang='lat' dir='ltr'> </span> 
     </span>
    </p>
   </div>
  </div>
 </body>
</html>
