3342 5217
209 159 315 215 totum
331 149 528 215 dominicum
542 172 638 214 suum
649 149 690 214 de
702 150 933 217 Tiuerscnmba
943 172 1016 216 cum
1027 124 1121 217 bosco
1133 152 1316 239 pertinente

209 255 251 319 ad
265 254 462 319 dominicum
477 253 559 318 illud
573 276 632 339 per
645 262 749 318 certas
763 263 876 333 metas,
888 255 937 319 ita
952 255 1038 341 quod
1053 255 1251 321 dominicum
1267 266 1317 321 est

208 358 353 423 clausum
369 356 545 444 quoddam¹
561 356 720 421 uallatum
742 358 869 435 fossato,
887 358 973 443 quod
996 381 1060 423 non
1081 369 1131 424 est
1151 358 1317 446 pertinens
1433 425 1438 433 ,

207 462 250 527 ad
278 462 445 527 ecclesiam
474 482 576 538 suam,
605 469 656 525 set
684 469 735 525 est
764 462 893 547 laycum
928 463 1059 528 feodum
1088 486 1192 529 suum.
1237 462 1317 529 Ideo

207 573 396 651 preceptum
426 565 611 629 uicecomiti
646 565 733 652 qnod
770 566 882 631 uenire
920 567 1018 632 faciat
1054 590 1162 632 coram
1195 568 1244 633 W.
1276 568 1316 633 de

208 668 396 755 Radelegha
410 678 445 734 et
459 670 552 735 sociis
567 669 634 734 suis
649 669 683 733 in
700 670 807 734 reditu
830 670 974 756 ipsorum
995 670 1036 735 de
1060 670 1241 737 Cornnbia²
1262 670 1316 758 xij.

207 780 276 837 tam
291 773 413 838 milites
427 782 486 838 etc
503 774 545 838 ad
558 775 851 861 recognoscendum
867 782 926 840 etc.
943 775 971 839 si
986 775 1032 840 ibi
1047 785 1132 839 esset
1143 777 1268 863 capella
1283 786 1318 842 et

208 877 338 943 silocus
353 886 387 943 et
401 879 507 964 placia
520 879 608 944 unde
622 879 747 965 capella
764 880 894 944 uallata*
908 887 958 945 est
978 880 1076 945 simul
1096 904 1170 946 cnm
1194 882 1318 967 capella

207 990 258 1048 est
272 983 439 1070 pertinens
458 982 500 1047 ad
520 982 686 1048 ecclesiam
710 982 800 1047 Petri
822 983 862 1048 de
885 982 1102 1069 Whytestona
1124 992 1158 1049 et
1180 985 1208 1050 si
1229 984 1316 1049 idem

209 1086 325 1150 Petrus
340 1092 425 1150 esset
444 1084 479 1149 in
500 1084 628 1160 neieina,
643 1084 697 1149 uel
714 1084 744 1148 si
765 1084 871 1169 placia
892 1085 949 1149 illa
971 1085 1014 1150 sit
1037 1086 1164 1171 laycnm
1186 1086 1316 1151 feodum

208 1189 309 1275 ipsius
329 1189 465 1254 Hemici
490 1197 525 1253 et
548 1189 589 1253 de
611 1189 695 1253 dono
717 1189 804 1276 qnod
825 1188 1006 1275 predictns⁸
1029 1189 1069 1254 de
1091 1189 1179 1254 Alba
1190 1178 1317 1255 'Marlia

208 1292 285 1357 fecit
300 1293 442 1358 Martino
458 1292 617 1379 patrisne
635 1300 673 1357 ut
693 1293 780 1357 idem
802 1290 965 1356 Henricns
984 1290 1073 1357 dicit.
1118 1292 1197 1357 Dies
1220 1292 1316 1357 datus

208 1402 258 1459 est
280 1394 327 1460 eis
344 1417 365 1459 a
384 1395 437 1460 die
458 1396 489 1460 S.
512 1396 608 1460 Mich.
630 1395 665 1460 in
688 1418 739 1461 xv.
762 1395 831 1459 dies
853 1401 887 1458 et
910 1394 1042 1458 interim
1065 1394 1123 1459 fiat
1145 1396 1315 1481 inquisicio

207 1499 277 1563 siue
292 1496 420 1562 uenerit
435 1498 505 1563 siue
521 1497 609 1564 n0n⁴.
647 1498 763 1563 Postea
774 1498 809 1562 in
820 1498 929 1563 redit-u
941 1498 1083 1584 ipsorum
1095 1498 1135 1562 de
1152 1498 1315 1563 Oornnbia

206 1608 302 1685 capta
316 1599 379 1664 fuit
393 1600 500 1664 iurata
514 1622 620 1664 coram
635 1600 780 1686 predicto
795 1600 863 1665 W.⁶
878 1608 912 1664 et
928 1599 1020 1665 sociis
1035 1600 1108 1664 suis
1146 1600 1315 1667 iuratores

206 1704 321 1769 dicunt
349 1703 435 1791 quod
464 1704 511 1768 ibi
540 1704 604 1769 fuit
626 1705 766 1791 quedam
791 1704 917 1791 capella
939 1712 973 1768 et
995 1703 1178 1789 pertinens⁶
1199 1705 1241 1769 ad
1263 1728 1314 1769 ec·

206 1810 336 1874 clesiam
361 1809 464 1895 ipsius
488 1808 577 1873 Petri
602 1808 644 1873 de
670 1808 895 1894 Whytestana‚
922 1814 957 1871 et
978 1807 1065 1893 quod
1087 1806 1174 1872 idem
1198 1808 1313 1873 Petrus

206 1912 269 1978 fuit
284 1919 318 1977 et
333 1921 384 1977 est
397 1911 474 1976 inde
488 1911 524 1976 in
538 1911 657 1976 seisina
675 1918 710 1975 et
730 1910 836 1996 placia
855 1909 912 1974 illa
935 1917 969 1973 et
992 1910 1148 1974 fossatum
1167 1911 1314 1975 ambiens

206 2012 363 2098 capellam
387 2011 477 2075 illam
503 2010 647 2096 pertinet
668 2009 711 2074 ad
733 2009 891 2094 capellam
914 2008 1013 2085 illam,
1035 2017 1070 2073 ct
1091 2009 1206 2074 dicunt
1228 2012 1314 2096 quod

207 2114 294 2181 idem
309 2114 471 2180 Henricus
484 2136 662 2200 numquam
678 2114 742 2177 fuit
756 2112 833 2176 inde
848 2112 883 2175 in
898 2111 1022 2177 saisina
1068 2112 1191 2178 Dicunt
1212 2114 1313 2178 eciam

207 2206 439 2305 quodquidam
455 2218 569 2283 boscus
584 2226 619 2283 et
639 2216 778 2304 quedam
800 2225 888 2281 terra
907 2217 1074 2303 pertinens
1095 2218 1136 2281 ad
1157 2219 1313 2303 capellam

207 2323 296 2387 illam
318 2330 354 2387 et
373 2322 475 2388 eciam
496 2321 613 2387 fraxini
635 2329 813 2387 crescentes
835 2344 933 2408 super
955 2322 1110 2387 fossatum
1133 2322 1216 2387 illud
1237 2330 1314 2386 sunt

207 2426 307 2491 libera
322 2425 497 2491 elemosina
510 2424 607 2489 simul
622 2447 697 2488 cum
712 2424 817 2510 placia
831 2424 888 2488 illa
902 2425 1069 2510 pertinens
1089 2424 1130 2489 ad
1146 2424 1312 2489 ecclesiam
1373 2514 1375 2518 Ι

206 2526 344 2615 predicti
372 2526 471 2591 Petri
515 2526 559 2590 Et
587 2525 661 2591 ideo
690 2525 928 2591 consideratum
958 2526 1118 2613 estquod
1148 2526 1312 2612 predictus

207 2631 323 2696 Petrus
352 2629 440 2694 licite
468 2629 637 2714 procedat⁷
666 2630 701 2692 in
730 2629 821 2694 curia
849 2629 1081 2707 cristianitatis,
1118 2630 1195 2715 quia
1230 2630 1312 2694 illud

206 2733 362 2820 placitum
377 2756 442 2797 non
457 2734 601 2820 pertinet
615 2734 658 2799 ad
671 2756 819 2799 coronam
836 2743 870 2799 et
883 2734 1079 2822 dignitatem
1094 2734 1187 2798 Dom.
1203 2734 1312 2821 Regis,

205 2847 240 2903 et
261 2837 423 2903 Henricus
446 2838 482 2902 in
504 2837 745 2904 misericordia⁸.
791 2840 835 2904 Et
857 2838 1024 2904 sciendum
1046 2838 1132 2925 qnod
1155 2838 1310 2903 iudicium
1405 2891 1410 2900 .

205 2943 348 3009 reditum
363 2951 414 3008 est
428 2953 510 3029 aput
525 2944 683 3008 Exoniam
698 2966 793 3029 prece
809 2944 956 3009 Henrici

103 3052 118 3066 ”
146 3098 153 3111 .
271 3047 457 3114 Gilebertus
471 3047 512 3111 de
528 3047 670 3112 Suttona
683 3045 884 3113 attachiatus
904 3049 967 3113 fuit
988 3048 1030 3113 ad
1052 3047 1312 3135 respondendum
1369 3016 1425 3103 *une
1441 3076 1456 3103 r·

206 3152 349 3218 Rcberto
363 3150 404 3216 de
419 3149 632 3215 Godefeuldia
646 3157 681 3213 et
696 3150 852 3215 Matillidi
866 3152 959 3216 nxori
974 3152 1044 3217 eius
1065 3174 1164 3239 quare
1182 3160 1313 3217 secutus

205 3257 363 3343 placitum
377 3256 414 3320 in
433 3254 523 3319 curia
541 3253 766 3319 cristianitatis
787 3255 827 3321 de
851 3257 976 3321 catallis
998 3257 1140 3343 ipsorum
1164 3278 1226 3341 que
1248 3277 1313 3318 non

205 3369 283 3425 snnt
298 3360 339 3425 de
353 3366 551 3424 testamento
565 3365 677 3423 contra
691 3368 762 3436 etc,
777 3368 812 3423 et
829 3359 916 3424 unde
936 3359 1084 3446 queritur
1104 3358 1190 3444 quod
1210 3358 1313 3422 trahit

238 3541 247 3571 ¹
265 3541 336 3589 Gerr.
349 3542 456 3603 quodam
467 3540 508 3604 (?).
784 3543 839 3589 siue
851 3555 909 3589 non.

238 3606 249 3638 ¹
276 3606 376 3655 Eodem
404 3621 475 3656 anno
511 3606 595 3667 (1233)
628 3606 734 3655 inerunt
816 3604 962 3654 *william
974 3604 1090 3666 Raleigh.

205 3670 359 3720 itinerantes
380 3668 516 3721 iusticiarii
538 3670 567 3719 in
587 3670 732 3728 (ternatim
816 3669 971 3733 'pertinens
984 3670 1110 3732 repeated.

205 3734 645 3862 q⁰⁰mmitit⁰ntit⁰⁸p⁸iii¹⁰⁸⁵
661 3736 732 3797 ‘¹¹⁸⁰'
815 3735 1124 3849 {striderent
1151 3799 1313 3850 ineant

205 3804 525 3928 mpthupplyhoml.
587 3839 593 3851 ι
784 3863 837 3914 snit
859 3864 985 3925 touching
1006 3879 1022 3914 a
1044 3814 1214 3927 chureiyard.
1249 3866 1312 3915 This

236 3932 248 3961 ⁴
264 3930 380 3992 Perhaps
390 3945 427 3979 we
438 3929 532 3980 should
544 3930 605 3980 read
616 3938 640 3979 et
654 3932 732 3979 inter·
783 3930 807 3978 is
818 3933 865 3978 not
877 3930 918 3992 lay
929 3929 977 3978 fec.
1011 3930 1054 3977 Br.
1067 3930 1085 3977 i.
1098 3932 1154 3981 407.

205 3999 239 4045 im
250 4004 297 4045 etc.
309 4004 334 4045 et
344 3997 396 4059 fiat
409 3997 545 4058 inquesita
553 3998 608 4044 sine
617 3998 732 4045 uenerint

297 4111 332 4158 ir.
1184 4096 1225 4161 37
