3342 5217
359 370 423 440 270
655 385 798 446 amana,
820 385 884 433 an.
910 370 1003 445 1229,
1024 384 1088 432 aa
1112 371 1162 432 13.

356 559 397 624 xl.
413 581 475 624 aar.
491 567 577 624 terra
592 583 667 625 oum
682 560 819 646 pertin
842 559 1011 624 Waskerle
1030 566 1070 623 ut
1091 558 1143 624 ius
1161 564 1307 623 suamet
1327 557 1364 621 in
1383 578 1466 642 quas

356 661 445 726 idem
459 661 645 728 Willelmus
658 686 724 728 non
740 663 840 728 habet
854 663 1036 750 ingaessum
1047 661 1110 726 nisi
1124 661 1303 747 peripsum
1318 659 1467 725 Rannal-

357 767 426 832 fum
442 768 499 855 qui
513 768 586 833 illas
608 767 638 832 ei
654 767 778 832 dimisit
793 766 835 831 ad
855 767 1061 830 uoluntatem
1080 788 1173 830 suam
1193 773 1252 829 eto.
1267 765 1355 829 unde
1374 763 1465 828 idem

357 871 542 936 Rannulfus
557 871 653 936 dicit¹
675 880 822 956 tempore
838 869 939 956 Regis
953 869 1089 934 Hearici
1104 869 1162 954 qui
1176 891 1263 933 nunc
1277 877 1328 934 est
1342 877 1464 932 temam

357 974 447 1038 illam
478 974 509 1038 ei
539 973 674 1039 tradidit
703 973 746 1038 ad
775 974 981 1038 uoluntatem
1010 994 1102 1038 suam
1132 980 1166 1037 et
1202 971 1279 1036 inde
1314 971 1467 1057 producit

357 1084 487 1142 sectam.

423 1181 468 1244 Et
483 1181 668 1246 Willelmus
682 1201 741 1265 per
755 1187 959 1244 attornatum
973 1202 1069 1244 suum
1084 1179 1177 1244 uenit
1198 1187 1232 1244 et
1252 1178 1397 1244 defendit
1411 1177 1466 1242 ius

358 1306 454 1348 suum
470 1284 604 1349 tenendi
623 1284 659 1348 in
678 1284 841 1349 dominico
858 1293 893 1348 et
916 1284 1100 1370 predictum
1122 1284 1303 1370 ingressum
1327 1292 1363 1348 et
1384 1283 1468 1347 dicit

359 1385 445 1473 quod
469 1387 634 1472 prediatus
658 1386 843 1450 Rannulfus
868 1393 944 1451 eum
970 1385 1117 1450 feoffauit
1142 1385 1183 1450 de
1207 1393 1294 1450 terra
1321 1385 1378 1449 illa
1405 1405 1468 1469 per

359 1498 481 1556 castam
512 1513 604 1554 suam
642 1499 693 1553 set
729 1489 841 1554 amisit
870 1498 993 1553 cartam
1022 1489 1113 1552 illam
1142 1497 1177 1552 et
1207 1488 1284 1553 feeit
1320 1487 1351 1553 ei
1386 1487 1467 1552 inde

360 1593 548 1682 homagium
563 1616 669 1670 suum,
684 1601 719 1658 et
734 1593 820 1679 quod
836 1594 885 1658 ita
899 1593 942 1657 sit
957 1593 1051 1679 ponit
1065 1615 1100 1657 se
1115 1593 1150 1656 in
1165 1615 1318 1679 magnam
1331 1592 1468 1656 assisam

360 1708 394 1764 et
417 1699 503 1786 petit
526 1698 781 1784 recognioionem
807 1698 888 1775 lieri,
912 1706 1024 1762 utrum
1049 1697 1119 1782 ipse
1145 1696 1250 1761 maius
1272 1697 1323 1761 ius
1345 1695 1470 1760 habeat

360 1801 494 1867 tenendi
509 1801 737 1866 terramillam
760 1801 799 1866 de
823 1801 894 1887 ipso
918 1800 1090 1878 Rannulfo‚
1105 1822 1147 1864 an
1171 1800 1259 1865 idem
1282 1799 1470 1865 Rannullua

360 1905 494 1972 tenendi
509 1889 735 1971 terramillam
750 1905 785 1969 in
801 1905 984 1971 dominioo¹.

425 2011 470 2075 Et
484 2011 668 2076 Rannulfus
683 2011 744 2075 hoo
759 2019 867 2075 totum
889 2010 1036 2075 defendit
1056 2018 1091 2074 et
1106 2009 1192 2097 quod
1206 2032 1373 2096 nunquam
1388 2031 1470 2074 eum

360 2115 506 2180 feoffauit
521 2115 561 2180 de
577 2123 664 2180 terra
677 2115 734 2180 illa
748 2138 807 2180 nec
822 2124 945 2180 cartam
967 2116 998 2180 ei
1018 2115 1094 2180 inde
1118 2116 1203 2193 feeit,
1217 2123 1253 2180 et
1276 2115 1352 2180 inde
1372 2114 1471 2200 ponit

360 2241 394 2283 se
410 2239 507 2303 super
520 2217 668 2303 patriam,
679 2217 707 2282 si
722 2227 810 2282 secta
820 2240 881 2283 sua
894 2219 925 2283 ei
936 2241 1002 2283 non
1013 2219 1133 2284 suffieit
1145 2227 1204 2284 eto
1217 2219 1470 2284 consideratum
1483 2281 1488 2290 ,

362 2329 412 2385 est
436 2321 522 2406 quod
545 2343 664 2408 magna
687 2321 787 2385 assisa
811 2320 877 2386 fiat.
923 2322 968 2385 Et
990 2322 1070 2386 ideo.

427 2421 606 2487 ’Isemania
635 2445 697 2509 que
728 2423 792 2487 fuit
822 2447 904 2489 uxor
933 2424 1078 2511 Philippi
1107 2425 1138 2490 le
1165 2424 1352 2489 Ameueske
1380 2424 1474 2510 petit

363 2547 476 2590 uersus
498 2525 677 2590 Dionisiam
707 2525 748 2590 de
778 2527 913 2612 Tydeby
941 2550 1041 2591 unam
1071 2535 1249 2591 mercatam
1277 2525 1451 2612 redditusl

362 2650 437 2693 oum
470 2627 679 2714 pertinenciis
711 2629 747 2693 in
784 2629 1012 2715 Suhamptona
1041 2638 1079 2694 ut
1108 2631 1219 2696 dotem
1248 2652 1350 2707 suam,
1378 2629 1473 2696 unde

362 2731 528 2818 predictus
542 2733 713 2819 Philippus
728 2734 891 2820 quondam
906 2734 958 2799 uir
972 2757 1051 2800 suus
1060 2743 1121 2800 eto.

426 2835 471 2900 Et
498 2835 648 2901 Dionisia
669 2837 764 2901 uenit
786 2845 821 2901 et
843 2837 923 2901 dicit
945 2837 1032 2923 quod
1053 2860 1117 2902 non
1140 2838 1238 2904 debet
1259 2838 1335 2903 inde
1357 2836 1475 2902 dotem

361 2939 491 3016 habere,
511 2939 589 3025 quia
608 2939 679 3026 ipsa
700 2939 763 3004 fuit
785 2962 868 3004 uxor
888 2941 991 3026 ipsius
1013 2941 1165 3027 Philippi,
1180 2951 1215 3007 et
1236 2965 1301 3006 non
1322 2941 1477 3027 predicta

361 3044 524 3108 Isemania
539 3051 573 3108 et
588 3043 649 3109 hoo
663 3043 747 3108 bene
767 3052 862 3129 patet
885 3044 963 3130 quia
983 3045 1055 3131 ipsa
1075 3046 1111 3110 in
1133 3045 1223 3110 curia
1243 3045 1477 3112 caistianitatis

362 3149 422 3213 hoc
436 3149 543 3234 ipsum
558 3147 711 3233 probauit
725 3169 832 3212 eoram
849 3148 1011 3214 iudicibus
1025 3149 1193 3238 delegatis.

427 3251 472 3315 Et
498 3250 662 3315 Isemania
687 3250 817 3336 quesita
842 3252 972 3337 quando
998 3253 1063 3316 fuit
1084 3253 1190 3318 eidem
1217 3252 1367 3340 Philippo
1395 3252 1476 3319 des·

361 3363 505 3442 pensata,
532 3355 612 3419 dicit
642 3354 728 3441 quod
757 3377 786 3419 x.
817 3356 895 3420 anni
925 3356 1026 3443 elapsi
1049 3365 1146 3421 emat
1171 3357 1276 3443 primo
1304 3358 1358 3422 die
1386 3357 1474 3445 Μαί]

361 3460 507 3546 proximo
522 3467 662 3523 uenturo
677 3459 764 3545 quod
778 3459 972 3545 desponsata
986 3461 1050 3525 suit
1064 3469 1145 3548 aput
1160 3458 1393 3547 Wyntoniam⁴.

428 3563 472 3627 Et
499 3561 657 3647 Dyonisia
679 3561 765 3647 petit
791 3561 851 3626 hoe
876 3562 940 3627 sibi
967 3563 1105 3640 allocari,
1129 3572 1164 3628 et
1185 3563 1266 3628 dicit
1288 3561 1373 3649 quod
1398 3562 1479 3649 ipsa

362 3665 558 3750 desponsata
572 3663 636 3728 fuit
650 3663 703 3728 die
720 3664 750 3728 S.
767 3663 899 3729 Andree
913 3665 1059 3750 proximo
1078 3673 1155 3730 ante
1175 3687 1326 3752 galenam
1345 3673 1476 3730 motam

362 3770 450 3834 inter
474 3768 658 3833 Johannem
682 3769 808 3855 Regem
834 3777 870 3834 et
894 3769 1030 3834 barones
1055 3792 1130 3834 suos
1154 3768 1298 3856 Anglie⁵,
1327 3778 1362 3834 et
1390 3769 1475 3837 inde

396 3944 405 3976 ¹
424 3943 523 4007 Supply
535 3945 609 4007 quod.
942 3944 966 3993 is
978 3943 1035 3994 that
1046 3943 1091 3993 the
1102 3947 1195 3994 tenant
1205 3942 1235 3993 in
1246 3942 1330 3994 aurit
1344 3944 1374 3993 of
1392 3947 1478 4010 enluy

396 4008 893 4071 ’Braoton‚f.819‚eiteslromaneyre
942 4009 966 4058 ia
988 4009 1095 4059 allowed
1117 4013 1145 4058 to
1166 4012 1214 4072 put
1236 4008 1343 4058 himself
1363 4023 1400 4058 on
1422 4009 1476 4062 the

364 4075 394 4124 ol'
407 4073 524 4123 william
539 4073 729 4136 Raleigh(date
743 4078 790 4123 not
805 4073 891 4137 given)
942 4073 1025 4136 grand
1052 4073 1143 4123 assiae.
1194 4073 1267 4137 This,
1297 4074 1405 4126 muse
1434 4074 1477 4128 he

365 4138 695 4202 iaNorlhamptonshiraor
706 4138 891 4188 Northumber-
940 4139 1031 4202 pleads
1043 4154 1059 4188 a
1069 4139 1212 4190 feoflment.

364 4203 427 4254 land
444 4218 461 4253 a
476 4219 535 4253 oasa
553 4203 666 4254 between
686 4203 760 4253 Pater
776 4203 807 4252 de
829 4204 891 4254 Gal·
974 4203 1132 4253 ³A.m.1a.

364 4270 475 4330 dington
492 4267 544 4317 and
555 4267 596 4317 W.
607 4267 639 4318 de
655 4268 752 4318 Braton
767 4267 851 4318 which
867 4269 891 4318 is
973 4269 984 4301 ⁴
1002 4272 1015 4317 1
1028 4269 1097 4332 May,
1109 4270 1180 4321 1219.

365 4349 426 4396 very
441 4334 493 4382 like
510 4332 573 4391 this,
591 4333 643 4384 and
658 4333 720 4382 hare
737 4333 791 4383 also
805 4333 846 4382 W.
858 4333 891 4382 de
973 4333 985 4366 ⁸
1001 4335 1033 4384 30
1045 4335 1109 4385 Nov.
1122 4335 1196 4384 1214.

365 4397 598 4448 Bmtonistenant.
631 4397 687 4448 The
695 4399 800 4449 notable
815 4398 891 4462 point
