3342 5217
488 451 629 514 unsrun,
651 451 714 504 An.
740 437 833 514 1227,
851 453 919 504 Aa
942 441 993 504 11.
1230 441 1293 504 205

185 629 344 694 iuratores
374 651 471 714 super
495 651 575 714 qnos
604 627 691 692 idem
715 627 875 694 Osbertns
895 650 931 693 se
952 629 1071 714 posuit,
1093 638 1128 694 et
1149 629 1297 715 preterea

185 741 344 798 testatum
373 741 424 798 est
453 741 488 798 et
516 733 681 819 predictus
711 733 870 799 Osbcrtus
899 734 1062 821 cognoscit
1091 735 1178 820 quod
1208 735 1296 799 idem

184 835 371 900 Alexander
392 835 493 900 frater
513 835 615 921 ipsius
638 835 701 900 luit
723 836 918 900 camerarius
938 835 1041 921 ipsius
1063 836 1246 922 Reginaldi,
1261 847 1296 902 et

185 939 265 1003 tulit
284 939 428 1025 sigillum
449 961 545 1002 suum
564 947 708 1024 tempore
729 938 784 1002 illo
805 961 869 1024 quo
891 949 982 1004 carta
994 939 1053 1002 illa
1071 941 1158 1003 facta
1174 939 1246 1015 luit,
1262 947 1297 1004 et

185 1043 272 1108 idem
304 1043 462 1108 Osbertus
491 1043 610 1108 defecit
639 1042 674 1106 in
696 1043 887 1129 probacione
910 1065 970 1107 sua
990 1043 1031 1107 de
1054 1043 1220 1129 probanda
1239 1044 1298 1108 illa

186 1155 275 1212 carta
289 1148 331 1212 ad
345 1171 466 1224 uerum,
483 1147 730 1213 Consideratum
746 1147 897 1234 estquod
916 1148 1081 1234 predictus
1097 1148 1296 1234 Reginaldus
1385 1189 1389 1196 -

184 1273 250 1316 non
265 1259 399 1316 tenetur
412 1260 531 1316 terram
547 1250 636 1316 illam
652 1253 860 1316 warantizare
876 1253 982 1317 cidem
999 1252 1145 1329 Osberto,
1161 1262 1195 1317 et
1210 1254 1297 1339 quod

184 1357 286 1422 assisa
300 1355 453 1443 procedat
468 1377 581 1420 uersus
596 1354 781 1431 Osbertum,
794 1363 828 1420 et
843 1364 981 1442 utraque
993 1363 1081 1420 carta
1092 1357 1297 1432 cancellatur,

185 1459 263 1546 quia
284 1458 471 1523 Alexander
500 1457 627 1522 nullum
657 1457 774 1522 habuit
796 1457 949 1522 heredem
971 1457 1013 1521 de
1034 1480 1134 1522 uxore
1156 1458 1219 1522 sibi
1240 1457 1296 1522 de-

184 1570 344 1648 sponsata
391 1561 435 1625 Et
464 1560 622 1624 iuratores
651 1559 692 1623 de
722 1559 837 1624 eadem
869 1559 970 1624 assisa
997 1560 1085 1624 inter
1112 1560 1296 1646 predictum

186 1666 369 1731 Galli-idum
399 1673 434 1730 et
465 1664 641 1730 Osbertum
671 1663 785 1728 dicunt
813 1687 912 1750 super
936 1673 1174 1730 sacramentum
1198 1687 1295 1729 suum

185 1771 300 1839 dicunt
326 1770 412 1856 quod
442 1769 582 1834 Thomas
609 1769 762 1853 Esturmy
787 1776 882 1853 pater
907 1767 1044 1854 predicti
1071 1767 1208 1834 Galfridi
1232 1769 1417 1838 finitumus

184 1875 316 1940 seisitus
339 1874 380 1940 de
406 1871 549 1937 manerio
574 1871 630 1935 illo
654 1894 729 1936 cum
756 1870 965 1956 pertinenciis
988 1880 1027 1936 ut
1053 1873 1094 1937 de
1122 1872 1179 1936 illo
1208 1871 1294 1958 quod
1306 1835 1452 1921 ‘idm

184 1977 371 2042 Willelmus
397 1975 437 2040 de
464 1973 556 2040 Bello
586 1973 710 2059 Campo
739 1973 817 2038 dum
844 1974 909 2039 fuit
933 1974 1019 2039 infra
1042 1983 1166 2040 etatem
1196 1984 1230 2040 et
1259 1928 1447 2061 inffolll‘ljo

184 2080 333 2146 custodia
347 2079 447 2165 Regis
461 2077 485 2142 J
485 2076 621 2142 ohannis
636 2076 667 2140 ei
681 2076 773 2141 dedit
787 2099 846 2163 pro
860 2077 1010 2164 homagio
1025 2087 1060 2143 et
1077 2079 1213 2144 seruicio
1227 2102 1294 2156 suo,
1306 2069 1429 2154 mli?

184 2186 276 2252 etde
296 2186 352 2250 illo
373 2183 458 2271 quod
479 2183 644 2248 Walterus
664 2182 704 2248 de
725 2183 817 2246 Bello
840 2182 964 2268 Campo
986 2191 1100 2268 postca
1120 2184 1241 2249 iterum
1264 2184 1295 2249 ei
1306 2167 1448 2250 &dial-'ia

184 2289 278 2354 dedit
307 2297 341 2355 et
371 2287 558 2373 homagium
582 2309 678 2351 suum
699 2286 776 2352 inde
798 2288 895 2373 cepit,
917 2297 951 2353 et
974 2288 1057 2353 bene
1079 2288 1187 2353 sciunt
1209 2287 1294 2374 quod
1306 2255 1450 2389 ffiidim

184 2391 267 2458 obiit
282 2399 355 2478 post
370 2389 546 2454 terminum
553 2387 571 2465 ¹,
587 2397 623 2452 et
641 2387 728 2484 quod
748 2389 914 2454 Galfn'dus
934 2398 984 2454 cst
1005 2390 1171 2475 proximus
1193 2390 1295 2467 heres,

185 2502 220 2559 et
245 2493 360 2558 dicunt
384 2491 470 2578 quod
498 2513 613 2555 reuera
639 2499 725 2554 terra
750 2490 806 2555 illa
835 2491 899 2555 fuit
925 2492 1082 2556 Willelmi
1107 2493 1149 2558 de
1173 2492 1297 2558 Brensa
1358 2519 1362 2526 ·

184 2598 289 2684 patris
318 2597 420 2682 ipsius
450 2594 625 2681 Reginaldi
654 2603 688 2658 et
723 2593 809 2659 idem
840 2593 1024 2660 Willelmus
1059 2595 1150 2660 illam
1186 2597 1297 2662 amisit

185 2701 351 2767 occasione
371 2701 401 2766 J.
419 2699 520 2786 Regis
541 2707 686 2785 tempore
710 2721 773 2784 quo
795 2699 976 2765 disseisitns
998 2700 1062 2764 fuit
1083 2699 1124 2766 de
1146 2701 1296 2766 omnibns

185 2806 281 2872 terris
304 2805 378 2870 suia
432 2805 477 2868 Et
501 2804 579 2890 quia
602 2803 760 2868 iuratores
786 2803 901 2868 dicunt
931 2804 1017 2890 quod
1046 2803 1186 2868 Thomas
1215 2805 1297 2869 obiit

185 2909 262 2974 inde
286 2909 415 2973 scisitus
435 2915 470 2972 et
491 2931 529 2972 ex
551 2907 634 2971 dono
649 2906 806 2972 Willelmi
821 2906 862 2971 de
877 2907 1086 2994 Beauchamp
1101 2916 1135 2973 et
1151 2908 1296 2984 Walteri,

185 3013 256 3078 siue
286 3011 452 3076 Walterus
485 3008 620 3074 habeat*
651 3007 727 3072 inde
760 3009 913 3073 seisinam
944 3010 1031 3074 iuste
1064 3010 1134 3074 sine
1166 3010 1296 3086 iniuste,

187 3115 436 3182 consideratum
452 3111 602 3198 estquod
618 3111 782 3176 Galfridus
797 3113 1002 3198 recuperauit
1022 3113 1174 3177 seisinam
1194 3135 1296 3190 suam,

186 3230 221 3286 et
237 3221 396 3287 Osbertus
411 3219 445 3282 in
459 3217 684 3282 misericordia

251 3325 297 3388 Et
326 3323 528 3408 Reginaldus
556 3321 597 3385 de
627 3321 752 3385 Breusa
780 3320 916 3406 apponit
944 3318 1098 3385 clamium
1126 3342 1223 3384 sunm
1254 3319 1296 3384 de

185 3428 300 3494 eadem
330 3435 417 3491 terra
446 3426 531 3491 sicut
560 3424 600 3490 de
629 3425 687 3489 illa
716 3445 780 3509 qne
802 3424 852 3496 ad¹
874 3447 949 3489 eum
975 3424 1074 3490 debet
1095 3425 1216 3489 reuerti
1238 3447 1295 3510 pro
1349 3487 1352 3494 .

184 3531 316 3596 defectu
331 3528 458 3594 heredis
473 3527 575 3613 ipsius
589 3525 768 3590 Alexandri
782 3525 822 3590 de
839 3549 938 3590 uxore
953 3526 1015 3591 sibi
1030 3527 1229 3612 desponsata.

83 3653 99 3668 ’
128 3699 134 3710 ,
250 3631 395 3719 'Magna
423 3630 523 3694 assisa
555 3629 648 3693 uenit
677 3629 884 3715 recognitum
911 3652 970 3716 per
998 3631 1161 3718 Rogemm
1190 3632 1231 3696 de
1262 3633 1293 3697 S

184 3735 337 3809 Martin0,
352 3732 534 3798 Alurednm
549 3731 589 3798 de
605 3732 792 3810 Glentham‚
803 3733 983 3799 Robertnm
998 3735 1039 3799 de
1053 3735 1295 3814 Amundenilla,

185 3840 363 3907 Osbertum
389 3837 490 3912 Amic,
514 3835 691 3900 Radullum
713 3835 754 3899 de
777 3836 906 3914 Gousle,
929 3838 1105 3902 Ricardum
1127 3839 1294 3916 Blancard,

184 3945 345 4010 Thomam
368 3941 408 4006 de
432 3940 638 4026 Escotingny,
661 3939 863 4004 Willelmum
885 3941 989 4006 filium
1012 3942 1180 4029 Drogonis,
1202 3943 1293 4008 Hen-

184 4049 289 4113 ricum
312 4045 353 4110 de
376 4045 574 4131 Langetona,
595 4042 772 4108 Radullum
792 4043 833 4107 de
856 4044 985 4109 Mortuo
1007 4045 1099 4126 Mari,
1114 4046 1293 4110 Robertnm

185 4152 292 4216 filium
315 4147 482 4226 willelmi,
504 4156 541 4212 et
569 4145 771 4211 Willelmum
793 4145 834 4211 de
857 4147 1041 4235 Rokewyla,
1064 4148 1106 4214 ad
1126 4171 1292 4238 recognos.

217 4355 301 4405 ¹The
320 4344 410 4418 period
432 4353 461 4403 οῖ
480 4351 623 4402 limitation
642 4351 683 4405 lor
700 4367 716 4401 a
798 4351 936 4413 ²haberet,
949 4351 979 4403 B.

183 4419 426 4538 {lamnam
443 4419 502 4468 first
518 4419 673 4469 coronation
689 4417 718 4466 ot
799 4417 810 4448 ³
826 4417 856 4467 B.
868 4432 902 4468 m.
917 4417 941 4466 6.
