3342 5217
403 405 464 466 132
713 420 855 482 armar,
875 420 941 470 ab.
965 408 1058 481 1222,
1080 421 1144 470 aa
1167 411 1195 470 6.

466 590 510 654 Et
524 591 624 678 Hugo
644 593 737 657 uenit
757 601 791 657 et
810 592 957 659 defendit
972 594 1059 679 quod
1078 596 1203 660 nullam
1222 605 1344 660 sectam
1359 597 1390 662 ei
1406 596 1503 661 debet

235 699 358 786 fffflffi
399 694 477 780 quia
501 696 666 781 predictus
689 697 874 763 Willelmus
898 697 1086 784 priusquam
1109 698 1251 764 dedisset
1274 699 1356 763 illud
1382 701 1502 764 molen-

233 797 380 887 lglfflffi.
398 800 513 865 diuum
542 802 649 867 eidem
679 803 822 868 Hamoni
851 803 944 867 dedit
973 803 1005 867 ei
1030 803 1199 867 dimidiam
1222 803 1334 867 hidam
1359 813 1444 867 terre
1467 803 1503 867 in

235 886 385 972 ssaffin.
398 905 511 970 eadem
535 907 616 971 uilla
645 915 679 972 et
709 909 818 993 plures
847 907 928 972 alias
957 916 1058 972 terras
1088 907 1245 972 tenendas
1273 917 1309 972 et
1338 908 1503 973 habendas

235 979 364 1026 ΝΜ
398 1006 432 1072 in
455 1008 547 1073 feodo
571 1018 605 1073 et
628 1009 810 1074 hereditate
834 1010 935 1074 libere
957 1017 1018 1073 etc.
1043 1009 1113 1073 sine
1138 1010 1249 1095 aliqua
1271 1011 1436 1075 mencione
1462 1010 1501 1075 de

397 1113 537 1178 moltura
559 1125 593 1178 et
614 1114 690 1179 inde
712 1115 833 1200 profert
855 1125 976 1178 cartam
1002 1137 1095 1178 suam
1121 1136 1185 1199 que
1211 1115 1271 1179 hoc
1297 1123 1438 1179 testatur
1463 1123 1499 1178 et

397 1213 476 1278 dicit
502 1215 588 1301 quod
613 1216 681 1302 ipse
706 1216 788 1281 liber
816 1216 912 1280 homo
941 1223 991 1279 est
1020 1224 1055 1279 et
1083 1216 1168 1301 petit
1197 1215 1355 1281 iudicium
1384 1216 1412 1280 si
1444 1238 1502 1301 per

397 1315 632 1384 districtionem
646 1320 764 1385 debeat
779 1329 901 1385 sectam
916 1321 1027 1386 facere.

462 1426 507 1489 Et
522 1425 652 1489 Hamon
670 1425 730 1489 hoc
744 1448 808 1490 non
822 1425 932 1511 potuit
946 1424 1094 1489 dedicere
1108 1433 1142 1489 et
1157 1425 1304 1490 concedit
1318 1425 1405 1510 quod
1418 1425 1501 1489 liber

397 1527 493 1593 homo
513 1539 569 1593 est.
615 1529 658 1594 Et
681 1529 753 1594 ideo
775 1529 1023 1596 Consideratum
1045 1529 1204 1615 estquod
1225 1531 1326 1617 Hugo
1347 1538 1402 1594 eat
1423 1529 1501 1593 inde

398 1633 528 1719 quietus
543 1643 577 1697 et
593 1635 724 1699 Hamon
739 1634 774 1698 in
789 1634 1013 1699 misericordia

463 1736 622 1800 Radulfus
650 1760 786 1822 persona
814 1737 855 1801 de
879 1735 1121 1822 Irtlingeburgo
1146 1736 1353 1801 athachiatus
1375 1736 1439 1800 fuit
1460 1736 1502 1800 ad

395 1840 653 1927 respondendum
676 1841 820 1907 Johanni
845 1842 886 1906 de
912 1841 1082 1927 Wigehale
1107 1851 1141 1906 et
1166 1842 1239 1906 aliis
1266 1865 1364 1927 quare
1391 1851 1502 1908 contra

395 1943 647 2029 prohibicionem
662 1953 721 2010 etc.
738 1954 868 2010 secutus
883 1954 932 2009 est
946 1945 1104 2030 placitum
1119 1946 1153 2009 in
1167 1947 1258 2010 cun'a
1277 1947 1501 2012 cristianitatis

395 2049 436 2114 de
453 2049 579 2114 catallis
599 2073 709 2116 eorum
726 2073 788 2135 que
812 2073 877 2114 non
899 2057 976 2114 sunt
996 2058 1055 2114 etc
1078 2050 1166 2115 unde
1188 2050 1257 2135 ipse
1279 2051 1446 2115 Johannes
1466 2061 1501 2116 et

395 2153 452 2218 alii
475 2153 589 2218 dicunt
614 2154 701 2240 quod
723 2154 810 2219 idem
835 2154 995 2218 Radulfus
1018 2155 1121 2218 trahit
1147 2177 1201 2219 eos
1224 2155 1259 2218 in
1284 2155 1442 2240 placitum
1466 2165 1501 2220 et

397 2257 482 2344 petit
503 2257 545 2321 ab
568 2257 614 2322 eis
635 2282 664 2322 x.
681 2258 750 2323 libr.
773 2280 831 2342 pro
854 2257 965 2322 debito
988 2257 1124 2322 Roberti
1146 2257 1187 2322 de
1210 2258 1319 2344 Burgo
1341 2258 1398 2343 qui
1419 2257 1502 2322 obiit

396 2360 489 2426 cuius
510 2369 696 2424 executores
718 2361 780 2446 ipsi
802 2369 888 2437 sunt,
902 2360 1028 2424 desicut
1049 2359 1119 2445 ipse
1134 2360 1298 2424 Robertus
1320 2359 1351 2424 ei
1372 2361 1500 2424 nullum

397 2464 565 2528 denarium
581 2463 711 2549 legauit.

462 2568 505 2631 Et
527 2567 686 2631 Radulfus
710 2567 802 2631 uenit
826 2576 861 2630 et
884 2565 1031 2631 defendit
1053 2565 1140 2651 quod
1165 2588 1333 2652 nunquam
1358 2565 1501 2651 prohibi·

395 2671 520 2736 cionem
542 2671 658 2736 habuit
688 2681 746 2736 etc.
770 2681 820 2736 set
849 2695 964 2738 uerum
994 2672 1068 2736 uult
1096 2671 1211 2749 dicere,
1233 2671 1311 2758 quia
1335 2671 1501 2757 predictus

394 2773 557 2838 Robertus
578 2773 693 2838 debuit
715 2774 746 2838 ei
768 2798 796 2839 x.
817 2774 886 2839 libr.
902 2783 937 2838 et
959 2774 999 2838 de
1022 2773 1087 2838 illis
1108 2797 1138 2838 x.
1159 2774 1229 2838 libr.
1253 2797 1307 2838 eos
1328 2774 1501 2860 inplacitat

394 2888 433 2943 ut
449 2886 635 2943 executores
650 2880 840 2943 testamenti
855 2901 893 2942 eo
908 2878 994 2964 quod
1008 2878 1096 2943 idem
1111 2879 1273 2943 Robertus
1291 2879 1434 2944 iniunxit
1453 2879 1502 2944 eis

395 2989 433 3045 ut
448 2980 620 3045 redderent
634 2981 665 3045 ei
679 2981 826 3046 denarios
841 2981 921 3046 illos

235 3110 356 3160 nouenos
461 3083 504 3148 Et
519 3083 576 3148 alii
598 3083 712 3148 dicunt
726 3084 813 3169 quod
833 3083 995 3148 Robertus
1016 3106 1184 3168 nunquam
1206 3084 1266 3148 boc
1288 3082 1430 3149 iniunxit
1453 3085 1502 3148 eis

235 3159 376 3291 lffillffil
396 3195 434 3251 ut
456 3187 528 3252 illos
549 3187 695 3252 denarios
724 3185 895 3251 redderent
924 3209 983 3250 nec
1012 3186 1048 3249 in
1077 3194 1275 3251 testamento
1304 3209 1362 3251 suo
1387 3186 1500 3271 aliqua

234 3262 481 3385 {ffieffiiffimfacta
503 3296 553 3353 est
579 3289 703 3353 mencio
728 3289 769 3353 de
794 3289 851 3353 illo
876 3288 987 3354 debito
1013 3296 1048 3352 et
1072 3289 1240 3373 proferunt
1264 3296 1499 3352 testamentum

233 3391 384 3486 ggffg'gffimd
396 3416 490 3458 suum
506 3401 540 3457 et
554 3402 672 3479 petunt
687 3415 784 3478 super
803 3393 863 3456 hoc
882 3392 1048 3458 iudicium.
1093 3392 1136 3456 Et
1156 3392 1230 3456 ideo
1251 3391 1499 3457 Consideratum

233 3483 371 3570 lffllud*
396 3505 445 3563 est
469 3497 554 3584 quod
577 3497 639 3582 ipsi
663 3497 828 3562 Johannes
854 3505 888 3560 et
913 3496 970 3561 alii
995 3496 1071 3561 inde
1093 3496 1198 3582 quieti
1221 3505 1255 3561 et
1278 3496 1439 3560 Radulfus
1464 3496 1500 3560 in

233 3578 377 3718 ffinigm
396 3602 612 3668 misericordia
626 3610 659 3666 et
674 3601 875 3686 prohibitum
891 3611 941 3666 est
955 3601 987 3665 ei
1001 3623 1042 3666 ne
1058 3600 1098 3665 de
1113 3611 1220 3666 cetero
1234 3609 1395 3686 sequatur.

232 3715 365 3804 ffiffiffipl]
462 3707 578 3773 Sibilla
591 3729 654 3792 que
670 3707 733 3771 fuit
749 3729 829 3770 uxor
845 3707 1001 3771 Willelmi
1016 3707 1056 3771 de
1071 3706 1262 3771 Utscistona
1281 3706 1366 3791 petit
1386 3728 1501 3772 uersus

274 3838 345 3902 163·
396 3813 538 3878 Priorem
576 3811 712 3876 Douore'
748 3811 959 3876 medietatem
992 3819 1124 3876 centum
1160 3833 1306 3876 acrarum
1342 3818 1427 3875 terre
1464 3811 1501 3876 in

275 3935 338 3978 nene
394 3917 569 3982 Utcistona
587 3923 625 3979 ut
645 3915 754 3979 dotem
777 3938 870 3979 suam
892 3925 951 3980 etc
967 3924 1002 3979 et
1024 3915 1115 3979 Prior
1136 3915 1230 3980 uenit
1251 3923 1286 3978 et
1308 3913 1388 3979 dicit
1409 3916 1499 4001 quod

393 4045 459 4086 non
480 4020 577 4084 debet
600 4020 630 4083 ei
652 4019 843 4104 respondere
858 4019 937 4104 quia
957 4018 1010 4082 uir
1030 4041 1109 4083 suus
1130 4017 1172 4082 ad
1194 4018 1258 4082 huc
1280 4017 1367 4081 uiuit
1390 4025 1425 4082 et
1447 4027 1500 4082 est

392 4125 427 4190 in
444 4132 529 4187 terra
544 4130 655 4186 sancta
670 4129 703 4185 et
719 4121 789 4207 ipsa
803 4121 864 4185 hoc
879 4143 943 4185 non
957 4121 1066 4207 potuit
1081 4120 1228 4185 dedicere
1249 4128 1299 4184 set
1314 4119 1499 4204 dicitquod

425 4259 433 4292 ¹
450 4259 495 4307 Br.
512 4257 531 4307 f.
550 4259 597 4310 407
614 4257 643 4306 b:
677 4261 703 4308 et
720 4257 788 4320 quod
805 4258 920 4308 actiones
971 4258 1103 4308 testatoris
1122 4272 1176 4307 non
1194 4261 1235 4306 cst
1250 4255 1420 4318 recognitum,
1442 4271 1503 4319 pro·

390 4324 469 4386 legari
491 4337 544 4372 non
561 4326 678 4385 possunt,
702 4337 748 4372 nco
765 4323 864 4373 iudices
880 4339 919 4372 ec·
970 4324 1046 4374 batur
1067 4323 1099 4372 de
1121 4327 1195 4372 term.
1214 4323 1239 4372 S.
1257 4323 1292 4374 H.
1311 4336 1336 4372 a.
1353 4336 1375 4371 r.
1392 4321 1427 4374 Η.
1447 4323 1502 4384 vj‘0.

390 4387 528 4440 clesicstici
536 4387 598 4437 inde
606 4401 792 4448 recognoscere,
806 4402 918 4438 necere·
970 4389 998 4438 in
1013 4403 1079 4438 oom.
1095 4386 1187 4437 North.
1199 4387 1231 4437 de
1242 4385 1378 4450 Radulpho
1389 4401 1504 4450 persona

390 4461 491 4505 cutores
504 4457 590 4515 petere
607 4452 722 4502 debitum
737 4451 806 4514 quod
823 4453 919 4504 inuita
969 4453 1001 4503 de
1013 4452 1214 4514 Irclinbourghe.
