3342 5217
491 10 628 72 unsrun,
650 8 717 60 An.
825 44 887 71 ‚.
973 23 996 59 ..

186 182 308 248 Frowic
323 167 353 267 'j.
380 205 441 248 acr.
468 192 554 248 terre
579 206 654 247 cum
680 189 762 267 pert.
788 180 842 245 in¹
870 181 975 245 ueteri
1005 180 1086 259 uico,
1116 190 1150 247 et
1179 172 1293 247 uersus

185 284 401 368 Laurencium
426 284 467 349 de
489 284 613 349 Frowic
634 284 699 349 duo
724 283 892 371 mesuugiu
913 305 987 348 cum
1013 292 1094 369 pert.
1120 284 1155 349 in
1179 283 1292 349 eodem

185 387 257 461 uico
280 396 320 451 ut
341 387 392 451 ius
414 410 511 451 suum
532 395 567 451 et
588 386 624 450 in
646 408 710 472 que
731 408 797 450 non
819 386 943 451 habent
961 384 1142 473 ingressum
1157 386 1221 451 nisi
1235 410 1294 473 per

184 491 363 555 Rudulfum
385 500 512 578 putrem
536 492 680 577 ipsorum
704 490 758 556 cui
786 491 874 556 idem
904 492 1068 557 Henricus
1090 492 1147 558 illu
1168 492 1293 558 dimisit

184 594 228 661 ud
242 594 418 659 terminum
433 595 504 661 uite
518 618 577 660 sue
592 602 651 660 etc

251 698 295 762 Et
313 697 512 762 Laurencius
533 698 626 762 uenit
648 704 683 762 et
705 696 785 762 dicit
807 697 894 782 quod
919 720 985 763 non
1009 707 1102 763 tenet
1127 700 1295 787 mesuagia

183 801 242 866 illa
255 801 291 867 in
302 802 463 867 dominico
477 801 578 866 immo
592 801 725 887 quidum
739 800 926 897 Alexander
939 802 1113 868 Aun'faber
1123 803 1181 869 illa
1192 812 1292 871 tenet.

185 908 229 971 Et
249 907 411 973 Henricus
430 930 496 971 nun
517 915 626 994 potest
648 906 709 972 hoc
730 907 885 974 dedicere.
932 909 976 973 Et
998 908 1071 975 ideo
1095 909 1293 975 Laurencius

183 1011 260 1077 inde
274 1012 344 1077 sine
360 1011 424 1077 die.

250 1117 294 1180 Et
316 1116 484 1182 Johannes
506 1117 599 1182 uenit
623 1124 658 1183 et
680 1115 761 1182 dicit
785 1116 871 1203 quod
896 1116 966 1203 ipse
992 1140 1057 1182 non
1084 1126 1176 1183 tenet
1200 1114 1308 1185 illum¹

183 1243 290 1287 acram
305 1245 412 1308 perse
426 1223 526 1288 immo
545 1231 639 1288 tenet
658 1223 749 1298 illam
772 1223 806 1287 in
828 1223 994 1287 communi
1016 1246 1090 1289 cum
1114 1224 1292 1291 Laurcncio

183 1334 218 1389 et
232 1326 305 1390 aliis
319 1326 428 1413 pueris
443 1326 619 1411 patrissui.
663 1328 741 1393 Post
756 1328 849 1393 uenit
864 1328 888 1393 J
888 1328 1031 1393 ohannes
1049 1336 1083 1393 et
1103 1328 1183 1394 dicit
1205 1331 1291 1417 quod

182 1431 311 1495 nullum
339 1432 521 1519 ingressum
549 1432 650 1497 habet
679 1456 738 1519 per
766 1432 950 1518 predictum
981 1432 1161 1497 Henricum
1191 1432 1292 1501 immo

182 1534 283 1599 hebet
306 1534 486 1621 ingressum
510 1557 568 1621 per
591 1535 796 1622 Stephanum
819 1534 910 1621 Toky
929 1534 986 1620 qui
1008 1544 1127 1601 tenum
1149 1536 1239 1601 illam
1260 1538 1291 1602 ei

182 1637 332 1703 uendidit
362 1646 396 1703 et
424 1638 501 1703 inde
530 1638 623 1724 ponit
652 1661 685 1703 se
716 1660 814 1724 super
841 1638 988 1724 patriam.
1049 1638 1093 1702 Et
1130 1639 1292 1705 Henricus

181 1742 340 1807 similiter.
385 1744 429 1807 Et
457 1742 530 1807 ideo
558 1751 749 1829 preceptum
778 1750 828 1806 est
857 1741 1041 1807 uicecomiti
1067 1742 1153 1829 quod
1178 1744 1291 1810 uenire

182 1846 280 1911 faciut
305 1846 360 1931 xij.
383 1869 442 1932 per
468 1870 548 1932 quos
573 1847 622 1912 rei
648 1846 769 1912 ueritus
794 1854 854 1911 etc.
881 1846 923 1911 ad
946 1847 1237 1934 recognoscendum
1261 1848 1292 1913 ei

181 1950 347 2034 predictus
368 1950 529 2015 Rudulfus
550 1949 639 2015 aliud
661 1950 713 2014 ius
734 1950 789 2014 uel
809 1949 910 2013 ulium
929 1948 1108 2034 ingressum
1124 1949 1241 2015 habuit
1255 1951 1291 2015 in

182 2060 303 2117 tenum
324 2053 414 2118 illam
436 2076 535 2139 quam
556 2075 615 2139 per
635 2052 817 2139 predictum
840 2051 1029 2129 Henricum‚
1044 2062 1079 2118 et
1098 2054 1185 2119 unde
1203 2054 1290 2119 idem

181 2155 349 2221 Jchannes
370 2156 450 2221 dicit
472 2157 559 2243 quod
580 2155 697 2222 hebuit
718 2156 899 2243 ingressum
922 2178 980 2242 per
1001 2156 1204 2243 Stephanum
1220 2166 1290 2237 etc,

178 2268 217 2325 ‚et
232 2259 365 2325 interim
379 2269 440 2326 etc.

119 2415 129 2430 .
246 2363 405 2429 Redulfus
427 2365 468 2429 de
490 2363 692 2429 Gloucestriu
705 2363 791 2449 petit
806 2384 920 2429 uersus
934 2363 1119 2429 Johannem
1134 2364 1175 2429 de
1191 2364 1290 2431 Oetes
1368 2386 1414 2416 ⁰¹¹0-

178 2469 298 2533 catella
327 2468 369 2532 ud
397 2467 578 2533 ualenciam
608 2491 680 2532 xxx.
705 2489 812 2544 marc,
838 2474 873 2531 et
899 2466 985 2531 uude
1016 2466 1104 2531 idem
1128 2466 1289 2533 Rudulfue

179 2571 329 2658 queritur
352 2571 438 2658 quod
461 2594 536 2658 cum
561 2571 632 2656 ipse
658 2568 793 2635 haberet
818 2569 998 2635 custodiam
1022 2569 1158 2635 duarum
1186 2594 1287 2637 carue

179 2682 266 2739 terre
288 2698 363 2739 cum
385 2683 465 2760 pert.
481 2675 516 2739 in
532 2674 631 2741 Cotes
645 2673 686 2739 de
701 2674 903 2739 concessione
918 2673 1054 2738 Roberti
1073 2675 1113 2740 de
1137 2675 1288 2741 Glouces-

178 2778 245 2843 tria
259 2778 487 2843 Archidiaconi
502 2776 703 2843 Gloucestrie
718 2778 776 2863 qui
792 2777 882 2842 illam
898 2777 1015 2841 habuit
1029 2777 1069 2842 de
1085 2778 1168 2843 dono
1182 2779 1288 2844 cuius·

178 2881 255 2947 dum
271 2882 406 2947 Henrici
421 2882 550 2946 Flandr’
566 2904 668 2968 usque
686 2881 728 2946 ad
748 2888 871 2945 etatem
894 2879 996 2966 ipsius
1017 2879 1041 2944 J
1043 2880 1186 2959 ohannis,
1201 2881 1288 2947 idem

178 2984 346 3051 «lohannes
367 2976 544 3073 autequam
566 2993 652 3051 esset
672 2984 768 3071 plene
783 2984 882 3049 etatis
897 2984 989 3049 uenit
1005 2992 1039 3048 et
1053 2984 1187 3050 intrusit
1203 3009 1236 3051 se
1253 2988 1289 3051 in

179 3096 301 3154 terram
326 3090 416 3155 illam
444 3098 479 3153 et
502 3089 631 3175 inuenit
654 3097 774 3153 terram
798 3088 889 3152 illum
911 3086 1112 3152 inbladatam
1133 3096 1168 3152 et
1191 3089 1289 3155 blada

177 3192 302 3257 ibidem
331 3193 469 3258 inuenta
496 3193 532 3258 in
561 3215 640 3257 usus
668 3214 743 3256 suos
773 3192 944 3270 conuertit,
971 3200 1005 3257 et
1033 3192 1109 3257 inde
1139 3194 1288 3279 producit

177 3305 312 3375 sectum,
326 3306 361 3362 et
376 3296 457 3362 dicit
474 3296 561 3382 quod
582 3296 646 3360 fuit
667 3295 702 3360 in
725 3294 844 3359 seisinc
865 3294 905 3359 de
927 3295 1040 3359 eudem
1063 3297 1209 3363 custodia
1231 3320 1289 3383 per

179 3411 246 3467 tres
261 3424 361 3467 annos
376 3411 449 3490 post
464 3410 602 3467 mortem
617 3401 719 3487 ipsius
734 3398 968 3465 Archidiuconi.

245 3507 289 3571 Et
303 3506 471 3572 Johanne's
486 3505 579 3570 uenit
594 3513 629 3569 et
644 3504 724 3570 dicit
739 3503 827 3590 quod
841 3526 906 3568 uon
920 3504 1054 3569 intrusit
1069 3528 1102 3571 se
1118 3506 1153 3570 in
1168 3514 1287 3571 terram
1300 3530 1450 3579 uonuuqun

1337 3580 1379 3618 itui
1389 3580 1450 3618 cuttu
1575 3608 1577 3613 .

177 3612 278 3688 illam,
300 3618 351 3674 set
377 3632 452 3673 cum
479 3617 564 3673 esset
589 3608 685 3694 plene
709 3606 807 3671 etatis
831 3606 926 3671 uenit
949 3607 1017 3693 ipse
1041 3607 1082 3673 ad
1106 3608 1288 3694 predictum
1299 3590 1441 3713 ffiffirpg

177 3714 361 3780 Henricum
384 3708 513 3777 Flandr'
529 3712 647 3798 etipse
663 3710 740 3775 fecit
760 3710 792 3775 ei
812 3710 963 3775 seisinam
985 3711 1070 3777 sicut
1093 3713 1123 3777 ei
1145 3713 1202 3799 qui
1225 3715 1433 3807 fuitfflegggm

177 3821 274 3908 plene
304 3818 404 3883 etatis
432 3826 467 3883 et
496 3816 572 3883 inde
602 3824 699 3881 uocat
727 3839 803 3881 eum
833 3816 876 3881 ud
906 3824 1092 3881 warantum.
1137 3818 1182 3882 Et
1211 3818 1288 3905 quia
1299 3814 1435 3901 mm

176 3920 312 3986 uidetur
335 3918 421 4006 quod
445 3918 532 3983 idem
555 3918 723 3983 Johannes
747 3917 854 3982 adhuc
876 3940 941 3981 non
963 3918 1006 3982 sit
1025 3919 1121 4005 plene
1139 3921 1237 3985 etatis
1253 3907 1431 4040 etffimollm

619 4041 628 4074 ¹
645 4027 743 4091 Froicr'c
754 4040 853 4093 erased.

264 4159 300 4207 K
1158 4147 1200 4209 34
1221 4166 1227 4175 ·
