3342 5217
509 438 661 501 rnrnrrr,
684 438 746 487 sn.
772 424 865 498 1218,
889 435 952 486 nn.
975 423 1004 486 2.
1290 424 1309 484 5

197 630 313 673 omnes
349 616 451 673 terras
487 607 559 673 illas
595 607 727 673 extendi
764 614 799 671 et
828 605 1006 692 appreciari
1040 604 1138 670 faciat
1173 614 1242 671 tam
1276 605 1311 669 in

197 712 370 777 dominicis
396 734 493 798 quam
520 712 555 775 in
578 711 722 777 seruiciis
748 710 929 775 redditibus
955 708 1132 795 vilenagiis,
1157 709 1192 773 in
1217 709 1312 773 bosco

197 826 237 881 et
259 818 356 903 pleno
377 824 412 882 et
434 816 469 880 in
490 816 640 881 omnibus
662 816 759 880 rebus
781 814 822 879 ad
845 823 948 879 terras
969 814 1042 877 illas
1063 814 1313 899 pertinentibus,

197 928 237 983 et
259 919 403 1005 precium
422 918 567 983 omnium
583 927 740 982 terrarum
756 917 885 980 illarum
900 915 946 980 sic
959 915 1218 1001 appreciatarum
1232 915 1313 981 scire

198 1022 301 1086 faciat
331 1029 391 1086 etc.
422 1020 593 1085 euidenter
620 1028 656 1084 et
685 1018 839 1083 distincte
868 1041 927 1104 per
958 1018 1068 1083 literas
1097 1026 1158 1083 etc.
1188 1027 1222 1083 et
1256 1040 1314 1103 per

197 1132 343 1209 quatuor
370 1123 524 1187 discretos
553 1122 700 1187 homines
737 1146 776 1187 ex
806 1122 872 1185 illis
901 1122 959 1208 qui
995 1122 1231 1208 appreciacioni
1265 1123 1314 1187 illi

196 1228 421 1293 interfuerunt
460 1236 521 1293 etc.
564 1236 598 1292 et
638 1226 725 1291 idem
766 1228 866 1291 breue
907 1226 985 1291 fiat¹
1026 1225 1068 1291 ad
1108 1226 1314 1291 uicecomites

198 1332 393 1397 Herefordie
431 1340 465 1397 et
499 1330 734 1417 Kantebrigie'
766 1340 800 1395 et
833 1330 876 1394 ad
910 1329 997 1394 diem
1030 1330 1122 1393 illum
1152 1340 1315 1395 uenerunt

198 1434 406 1499 extensiones
428 1442 462 1499 et
484 1433 619 1497 liberate
642 1440 720 1497 sunt
743 1432 911 1518 Stephano
933 1432 973 1497 de
995 1432 1163 1519 Segnme'.
1207 1433 1314 1498 Datus

198 1548 254 1604 est
270 1539 315 1603 eis
330 1539 398 1603 dies
413 1562 433 1603 a
448 1538 500 1603 die
517 1538 547 1603 S.
565 1536 661 1602 Mich.
677 1538 712 1600 in
727 1560 829 1601 unum
845 1559 990 1601 mensem
1006 1544 1040 1600 et
1055 1536 1188 1601 interim

269 1640 380 1705 Assisa
408 1640 502 1705 uenit
530 1640 734 1727 recognitum
760 1639 832 1725 quis
854 1639 1033 1703 aduncatus
1057 1646 1203 1724 tempore
1226 1638 1315 1724 pacis
1328 1658 1441 1699 susem

199 1746 405 1833 presentauit
424 1746 574 1810 ultimam
595 1767 763 1833 personam
782 1767 845 1829 que
865 1752 995 1807 mortua
1015 1750 1065 1807 est
1084 1743 1127 1807 ad
1146 1739 1314 1807 ecclesiam

200 1851 243 1915 de
281 1850 360 1935 Gyle
395 1872 457 1935 que
493 1858 589 1914 uocet
630 1858 690 1914 etc.
724 1848 816 1913 cuius
850 1846 1097 1911 aduocacionem
1131 1846 1314 1911 Willelmus

201 1952 343 2017 Briwere
365 1952 485 2017 clamat
506 1976 619 2017 uersus
641 1952 784 2017 Priorem
808 1952 841 2016 S.
860 1951 1011 2015 Nicholai
1031 1950 1072 2015 de
1094 1951 1224 2015 Exonia
1270 1952 1314 2015 Et
1328 1958 1462 1999 ⁸⁰¹⁸&ss

201 2056 296 2122 Prior
315 2079 379 2120 non
398 2057 491 2121 uenit
512 2066 571 2122 etc.
591 2065 625 2121 et
645 2057 765 2121 fecerat
785 2055 940 2120 defaltam
961 2078 981 2119 a
1002 2054 1055 2119 die
1075 2055 1198 2120 Pasche
1213 2056 1249 2119 in
1264 2072 1314 2120 xv
1323 2006 1474 2147 fflfl‘ffi'

201 2162 291 2241 dies;
318 2168 352 2225 et
371 2161 622 2225 resummonitus
638 2160 701 2225 fuit
716 2160 802 2246 quod
822 2169 908 2224 esset
927 2160 962 2223 in
977 2168 1036 2225 oct.
1054 2160 1086 2225 S.
1102 2160 1187 2224 Trin.
1203 2168 1263 2224 etc.
1279 2167 1314 2224 ct
1327 2146 1467 2240 liinilli‘m

199 2270 283 2326 tunc
312 2284 347 2325 se
375 2262 551 2326 essoniauit
577 2262 667 2326 Prior
692 2270 727 2326 et
753 2261 870 2326 habuit
894 2262 980 2325 diem
1004 2284 1063 2347 per
1086 2262 1314 2326 essoniatorem
1327 2238 1420 2278 “Mi

199 2386 299 2428 suum
325 2386 346 2427 a
370 2362 422 2427 die
451 2364 481 2428 S.
504 2363 578 2428 Joh.
602 2364 636 2427 in
662 2372 729 2428 tres
755 2364 954 2449 septimanas
976 2373 1011 2429 et
1034 2373 1113 2429 tunc
1134 2387 1199 2428 non
1221 2366 1315 2429 uenit

198 2474 264 2532 etc.
310 2466 370 2529 Set
395 2465 507 2529 Abbas
533 2465 573 2530 de
600 2466 692 2530 Bello
719 2467 812 2531 uenit
837 2476 871 2532 et
894 2467 975 2531 dicit
1001 2468 1086 2553 quod
1111 2465 1198 2532 idem
1225 2468 1317 2532 Prior

199 2592 267 2635 non
297 2576 408 2655 potest
435 2568 510 2633 inde
540 2570 696 2654 placitare
726 2570 803 2655 quia
832 2570 901 2657 ipse
928 2582 1036 2657 potest
1062 2596 1137 2637 eum
1164 2596 1313 2638 amouere

198 2674 333 2761 quando
359 2672 391 2738 ei
416 2673 583 2759 placuerit,
607 2682 641 2738 et
668 2696 732 2738 non
758 2684 866 2760 potest
893 2676 1042 2740 ecclesius
1068 2678 1210 2741 conferre
1239 2700 1313 2742 cum
1421 2700 1429 2713 ·

200 2776 397 2843 uaoeuerint
411 2776 480 2841 sine
496 2800 543 2854 eo,
558 2786 608 2842 set
623 2777 703 2841 dicit
718 2778 804 2863 quod
819 2778 888 2863 ipse
903 2788 954 2843 est
969 2779 1060 2843 Prior
1073 2788 1108 2844 et
1122 2780 1207 2844 sicut
1223 2780 1315 2845 Prior

199 2881 344 2947 intrauit
359 2880 395 2944 in
410 2903 607 2966 responsum,
622 2889 672 2945 set
687 2880 820 2965 ponitur
833 2882 869 2945 in
888 2891 1072 2969 respectum
1086 2905 1188 2968 usque
1203 2883 1238 2947 in
1252 2892 1314 2949 oct.

201 2986 236 3051 S.
261 2983 359 3049 Mich.
383 3007 477 3070 prece
501 2984 646 3069 parcium
670 2993 705 3049 et
731 3006 789 3069 pro
815 2984 944 3049 defectu
970 2985 1207 3073 recognitorum
1237 2988 1315 3072 quia

199 3097 335 3154 tantum
357 3088 422 3152 duo
444 3096 606 3153 uenerunt
628 3097 688 3153 etc.
704 3096 739 3152 et
760 3086 793 3151 ix
812 3110 847 3152 se
867 3088 1112 3153 essoniauerunt
1132 3098 1191 3153 etc.
1208 3090 1313 3154 etalii

199 3200 367 3278 ponantur
392 3213 450 3276 per
475 3191 624 3255 meliores
645 3190 768 3276 plegios
791 3198 825 3254 et
847 3190 945 3277 primi
964 3200 1024 3255 etc.
1040 3200 1075 3255 et
1094 3192 1163 3281 loco
1177 3192 1313 3257 Roberti

198 3294 243 3358 de
266 3292 432 3357 Norfolcia
458 3292 590 3358 Osberti
612 3292 653 3357 de
677 3291 841 3356 Bathonia
865 3300 924 3356 etc.
950 3292 1007 3377 qui
1032 3302 1226 3358 amouentur
1251 3304 1312 3360 etc.

201 3405 303 3485 ponat
319 3396 498 3461 uicecomes
513 3405 573 3461 etc.

267 3502 312 3565 Et
342 3500 384 3565 ad
413 3500 499 3565 diem
529 3498 621 3564 illum
651 3500 739 3565 dicat
768 3501 869 3565 abbas
895 3510 1007 3565 contra
1032 3501 1164 3566 assisam
1190 3502 1217 3566 si
1243 3504 1313 3567 uol-

201 3604 297 3671 uerit.

266 3707 380 3772 Assisa
406 3706 498 3770 uenit
524 3707 728 3793 recognitum
754 3708 826 3792 quis
849 3706 1027 3773 aduocatos
1052 3717 1198 3795 tempore
1224 3711 1312 3795 pacis
1325 3737 1408 3777 nuos.

201 3804 406 3894 presentauit
427 3805 577 3870 ultimam
600 3827 768 3890 personam
789 3829 853 3891 que
874 3814 1003 3871 mortua
1023 3808 1130 3872 estad
1145 3808 1311 3874 ecclesiam

233 3990 244 4023 ¹
263 3988 378 4051 Perhaps
390 3988 519 4037 corrected
529 3987 586 4038 into
598 3987 651 4037 this
663 3989 729 4038 lrom
780 3993 957 4053 presentment
968 3990 1027 4042 that
1042 4006 1077 4041 an
1088 3992 1174 4041 essoin
1185 3991 1233 4040 lies
1244 3994 1311 4044 efter

201 4056 323 4107 eremum
333 4056 504 4117 breciaflont.
780 4070 796 4104 a
818 4070 989 4105 resummons.
1022 4058 1095 4105 After
1113 4057 1158 4105 the
1179 4057 1264 4106 essoin
1286 4059 1310 4108 is

234 4120 340 4195 ¹From
363 4118 425 4167 here
447 4118 565 4168 onwards
590 4118 676 4168 would
698 4118 729 4171 be
780 4124 837 4169 cast
853 4120 897 4195 tlre
913 4121 998 4169 Abbot
1017 4122 1046 4170 oi
1061 4122 1148 4201 Battle
1164 4122 1309 4173 intervenes

202 4183 538 4310 Plfflpillslltllt.
781 4184 903 4298 snt?
923 4192 1014 4313 itt*
1036 4189 1255 4315 tffp‘go‘ss‘ngt
1279 4204 1309 4303 ἓῗ

235 4314 247 4347 ⁴
263 4314 377 4363 Bracton
397 4314 425 4378 (f.
443 4313 500 4377 239)
521 4314 584 4363 cites
601 4313 656 4363 this
675 4328 732 4362 case
782 4314 907 4364 Nicholas
921 4316 1016 4364 Exeter
1026 4330 1078 4364 was
1089 4330 1105 4364 e
1116 4317 1164 4365 cell
1180 4318 1209 4365 of
1222 4317 1310 4368 Battle

203 4395 233 4430 es
251 4380 317 4429 irom
334 4378 407 4427 Trin.
424 4377 453 4428 A.
465 4378 495 4427 R.
511 4380 536 4427 2.
570 4380 596 4428 It
615 4393 732 4427 seemsa
782 4379 879 4443 Abbcy.
912 4380 1024 4434 Monost.
1039 4381 1075 4433 iii.
1090 4383 1146 4434 375.

205 4444 358 4507 paeulnrity
376 4444 406 4492 os
424 4443 467 4492 the
486 4444 565 4493 assisa
584 4444 613 4493 ol
630 4442 732 4493 darrein
