3342 5217
489 440 639 501 Turnus,
662 441 725 489 an.
752 426 845 499 1231,
867 440 929 488 aa,
955 429 1003 489 15.
1232 428 1294 489 465

191 608 345 675 clamauit
369 616 407 673 ut
428 608 479 673 ius
501 632 596 673 suum
620 632 732 675 uersus
754 632 829 674 eum
853 619 887 675 et
914 610 999 675 unde
1025 610 1112 676 idem
1135 612 1296 676 Robertus
1356 654 1361 667 ·

190 714 231 781 de
247 712 461 800 Stradeleghe
475 715 583 799 posuit
598 737 632 779 se
647 714 681 779 in
696 737 848 801 magnam
868 716 1000 779 assisam
1021 716 1113 779 Dom.
1130 716 1230 803 Regis
1249 716 1298 780 ita

190 817 277 903 quod
291 818 345 903 xij.
360 817 456 882 electi
470 818 602 881 fuerunt
617 825 650 881 et
665 818 861 883 summoniti
907 820 952 883 Et
968 819 1130 884 Robertus
1144 820 1186 884 de
1202 820 1297 905 Moyz

190 944 254 987 non
270 922 371 999 uenit,
382 930 417 986 et
428 922 639 987 essoniatores
651 929 906 1007 expectauerunt
918 922 1076 988 iudicium
1087 946 1183 987 suum
1195 944 1297 1009 nsque

190 1024 232 1089 ad
244 1024 394 1110 quintum
410 1025 507 1101 diem,
523 1033 556 1088 et
571 1024 644 1089 ideo
660 1024 907 1090 Consideratum
923 1026 1071 1112 estquod
1086 1027 1298 1091 essoniatores

190 1129 342 1194 recedant
357 1129 460 1215 quieti
475 1129 516 1195 de
531 1129 591 1195 hoc
605 1129 725 1214 placito
740 1138 774 1193 et
789 1129 952 1195 Robertus
967 1130 1001 1195 in
1021 1130 1246 1207 misericordia,
1262 1139 1297 1194 et

191 1232 310 1298 habeat
325 1234 391 1299 tale
405 1255 593 1320 recuperare
610 1233 704 1319 quale
721 1233 841 1298 hebere
857 1233 1000 1299 debebit.

256 1336 301 1400 Et
330 1336 496 1402 sciendum
525 1336 612 1422 quod
641 1344 813 1422 postquem
851 1337 1062 1403 essoniatores
1097 1345 1296 1403 recesserunt

191 1441 284 1507 uenit
299 1442 460 1506 Robertus
475 1449 509 1505 et
523 1441 607 1505 dixit
622 1440 709 1526 quod
723 1441 788 1505 fuit
802 1440 952 1506 infirmus
966 1442 1002 1506 in
1017 1442 1097 1506 uilla
1112 1438 1284 1505 Londonie.

113 1550 141 1612 '.
257 1544 460 1609 ¹Willelmus
490 1543 626 1629 Crespin
654 1566 714 1628 per
749 1551 953 1608 attornatum
982 1566 1078 1607 suum
1108 1541 1232 1628 optulit
1260 1564 1295 1604 se

192 1751 262 1816 eius
281 1751 321 1816 de
342 1752 462 1838 placito
477 1750 562 1837 quod
578 1750 788 1815 warentizent
811 1750 842 1815 ei
859 1750 956 1815 sirnul
977 1773 1051 1815 cum
1067 1748 1241 1814 Eustochio
1255 1748 1296 1811 dc

192 1855 373 1921 Greinuilla
394 1864 428 1921 et
449 1854 603 1921 Johanna
624 1877 723 1919 uxore
746 1854 815 1919 eius
838 1854 971 1919 terciam
995 1864 1121 1941 partem
1142 1854 1166 1939 j.
1194 1874 1295 1917 carue.

192 1970 276 2025 terne
303 1984 377 2025 oum
401 1968 481 2045 pert.
504 1961 538 2025 in
565 1960 728 2025 Lisdunu⁸
757 1983 856 2045 quum
887 1961 1003 2026 Sibilla
1030 1982 1095 2045 que
1124 1958 1188 2022 fuit
1217 1979 1298 2020 uxor

193 2062 328 2128 Roberti
348 2063 582 2133 Arsieclemat
604 2063 639 2127 in
661 2064 772 2128 dotem
792 2086 905 2128 uersus
928 2063 1067 2128 eundem
1086 2060 1295 2126 Willelmum.

192 2166 237 2230 Et
257 2167 396 2233 Thomas
419 2176 453 2231 et
471 2168 657 2233 Alexandra
677 2190 742 2232 non
765 2176 925 2232 uenerunt
947 2176 982 2232 et
1003 2168 1188 2232 habuerunt
1210 2164 1296 2229 diem

192 2290 251 2355 per
279 2270 506 2335 essoniatorem
536 2294 639 2337 suum.
685 2272 729 2337 Et
754 2280 822 2335 tam
850 2271 966 2337 Sibilla
991 2293 1089 2357 quem
1113 2276 1297 2333 attumatus

190 2373 349 2438 Willelmi
379 2373 515 2461 Crespin
552 2383 749 2462 cognoscunt
778 2376 864 2462 quod
900 2376 957 2440 illa
985 2384 1135 2439 carucata
1166 2372 1295 2458 integra

191 2499 257 2541 non
280 2478 369 2541 ualet
391 2478 454 2543 nisi
475 2487 607 2543 centum
629 2480 683 2543 sol.
729 2480 773 2545 Et
795 2480 872 2565 quia
892 2479 955 2566 ipsi
978 2479 1117 2543 Thomas
1138 2486 1173 2543 et
1195 2476 1294 2541 mex-

189 2580 293 2645 andra
307 2582 429 2646 nullam
450 2590 568 2647 terram
592 2583 714 2648 habent
734 2583 768 2647 in
789 2584 946 2647 comitatu
962 2583 1086 2647 Kancie
1106 2588 1294 2667 preceptum
1369 2600 1382 2628 1

189 2694 241 2750 cst
268 2685 451 2751 uicecomiti
474 2687 599 2752 Oxonie
622 2688 707 2773 quod
734 2688 841 2773 c'apiat
864 2688 898 2751 in
920 2710 1053 2751 manum
1079 2688 1171 2751 Dom.
1196 2684 1296 2771 Regis

188 2790 232 2853 de
256 2789 349 2853 terris
373 2790 516 2874 ipsorum
539 2790 580 2855 ad
605 2791 783 2855 ualenciam
810 2792 955 2877 predicte
981 2791 1080 2855 tercie
1104 2789 1205 2876 partis
1229 2788 1296 2854 scil.

189 2892 255 2977 xvj.
275 2892 329 2956 sol.
355 2900 389 2957 et
409 2893 473 2979 viij.
490 2894 661 2959 deneratas
680 2905 740 2961 etc.
785 2897 829 2959 Et
848 2896 918 2960 dies
940 2905 999 2961 etc.
1015 2904 1050 2959 et
1071 2895 1134 2980 ipsi
1155 2916 1295 2958 summo-

189 3005 332 3061 ueantur
353 2997 438 3082 quod
461 2998 527 3063 sint
549 3008 608 3064 ete.
628 2998 703 3063 inde
726 3000 909 3085 responsuri
930 3000 1027 3064 simul
1048 3022 1123 3063 cum
1143 2996 1297 3084 predictis

190 3098 368 3163 Eustochio
392 3108 426 3163 et
447 3100 599 3165 Johauna
628 3111 662 3167 et
692 3102 860 3167 ostensuri.
904 3102 998 3166 Idem
1026 3101 1096 3165 dies
1124 3099 1221 3164 datus
1245 3107 1296 3163 est

189 3202 308 3267 Sibille
334 3212 369 3268 et
394 3203 568 3269 Eustachio
590 3214 625 3269 et
646 3205 796 3270 dohanne
823 3206 917 3269 uxori
946 3205 1016 3269 eius
1044 3204 1080 3268 in
1108 3204 1209 3268 banco
1238 3224 1297 3287 per

188 3315 395 3372 attornatnm
410 3307 513 3393 ipsius
526 3309 550 3373 J
551 3308 685 3374 ohanne.

258 3407 437 3473 ”Ricardus
458 3409 499 3474 de
521 3410 548 3475 F
550 3433 625 3476 erne
650 3412 867 3479 summonitus
889 3411 952 3476 fuit
974 3411 1017 3476 ad
1038 3409 1296 3496 respondendum

189 3512 350 3579 Nieholao
380 3513 586 3579 Malesmains
616 3539 679 3602 qno
709 3517 778 3581 iure
808 3538 1013 3581 communam
1039 3524 1170 3601 pasture
1194 3512 1297 3599 exigit

189 3619 227 3683 in
252 3626 339 3681 terra
367 3617 468 3702 ipsius
497 3619 649 3687 Nicholai
678 3620 719 3685 de
749 3620 827 3684 Pert
856 3620 982 3685 desicut
1008 3618 1094 3683 idem
1121 3614 1298 3680 Nicholaus

189 3720 317 3789 nullam
338 3742 543 3787 communem
566 3721 666 3788 habet
687 3724 722 3787 in
744 3731 831 3787 terra
853 3722 955 3808 ipsius
978 3720 1107 3785 Ricardi
1129 3742 1189 3783 nec
1210 3718 1297 3782 idem

189 3824 352 3890 Ricardus
371 3826 403 3890 ei
425 3826 599 3892 seruicium
614 3828 692 3893 facit
707 3850 806 3914 quare
825 3848 1031 3891 communem
1046 3824 1164 3889 habere
1179 3822 1298 3887 debeat

188 3937 253 3993 etc.

259 4030 304 4095 Et
327 4030 483 4099 Ricardus
506 4032 598 4097 uenit
624 4042 658 4097 et
686 4033 770 4119 petit
793 4031 869 4096 inde
892 4030 1010 4106 uisum,
1034 4028 1153 4093 habeat
1178 4036 1237 4091 etc.
1263 4035 1297 4090 et

188 4136 326 4203 interim
341 4136 414 4200 etc.⁴

227 4330 234 4361 ¹
252 4328 283 4377 B.
296 4344 331 4379 m.
346 4328 385 4377 11.
805 4327 883 4375 ⁴For
899 4326 964 4375 later
981 4324 1148 4387 proeeedings
1169 4338 1210 4373 see
1233 4324 1298 4373 case

225 4396 383 4509 :sseymii'i'
398 4394 428 4443 B.
614 4452 621 4463 .
773 4393 829 4444 673.
864 4390 1042 4441 rhisisruz.
1058 4392 1131 4447 t'r'ew,
1144 4391 1200 4439 175.

282 4571 315 4619 rr.
1170 4554 1211 4616 30
