3342 5217
361 432 425 497 636
665 447 808 510 nmini,
830 448 894 498 nn.
920 434 1013 510 1234,
1035 448 1098 498 ns„
1124 436 1174 498 18.

360 814 421 880 DE
453 815 661 880 TERMINO
691 816 723 881 S.
754 814 975 879 HYLLARY
1006 815 1139 881 ANNO
1176 816 1319 881 REGNI
1357 816 1473 881 ΗΕΝ-

499 918 596 983 ΒΙΟΙ
626 917 738 982 FILII
768 917 904 983 REGIS
933 918 1171 983 JOHANNIS
1201 918 1334 983 XVIIJ.

303 1206 309 1220 ,
424 1138 577 1204 Iohanne
591 1159 654 1224 que
669 1135 734 1202 fuit
753 1158 835 1201 uxor
855 1136 1006 1224 Hugonis
1025 1138 1057 1203 le
1079 1137 1233 1225 Moingne
1253 1139 1339 1225 petit
1358 1161 1473 1203 uersus

278 1266 311 1293 ou
359 1242 522 1328 Rogerum
550 1242 580 1306 le
604 1242 760 1329 Moingne
786 1242 920 1307 terciam
944 1252 1071 1329 partem
1098 1242 1184 1308 feodi
1205 1244 1230 1329 j.
1255 1244 1370 1307 militis
1395 1266 1472 1307 cnm

358 1353 439 1430 pert.
454 1346 489 1409 in
506 1345 721 1432 Estanostige,
731 1352 767 1409 et
781 1344 916 1409 terciam
932 1353 1059 1431 partem
1074 1354 1189 1431 quarte
1205 1347 1308 1432 pertis
1318 1346 1342 1433 j.
1356 1346 1473 1411 militis

357 1472 432 1513 cnm
447 1457 529 1536 pert.
543 1449 579 1513 in
593 1448 834 1537 Westanostige
849 1456 888 1513 ut
903 1448 1013 1514 dotem
1028 1472 1120 1515 suom
1136 1458 1196 1515 etc.

425 1554 468 1617 Et
483 1553 629 1640 Rogems
643 1552 737 1617 uenit
751 1560 786 1617 et
800 1552 882 1618 dicit
896 1553 982 1639 quod
1003 1576 1068 1618 non
1088 1553 1187 1619 debet
1207 1554 1317 1618 dotem
1339 1552 1470 1629 habere,

358 1656 436 1741 quis
457 1655 558 1720 hebet
579 1653 698 1732 dotem,
717 1656 783 1721 scil.
804 1656 934 1721 feodum
954 1657 1082 1723 dimidii
1104 1658 1219 1723 militis
1241 1680 1316 1723 cum
1339 1666 1418 1743 pert
1436 1658 1470 1723 in

360 1759 551 1825 Fotesdune

424 1864 468 1927 Et
482 1863 634 1928 Johanna
647 1885 707 1948 per
720 1871 922 1929 attornatum
939 1887 1034 1929 suum
1049 1864 1143 1929 uenit
1158 1872 1192 1929 et
1207 1863 1287 1929 dicit
1302 1864 1389 1951 quod
1403 1888 1471 1929 non

359 1976 450 2033 tenet
480 1976 600 2032 terrem
629 1967 719 2033 illem
748 1969 879 2033 nomine
906 1969 991 2034 dotis
1016 1969 1051 2034 in
1077 1969 1272 2047 Fotesdnna,
1298 1978 1349 2035 set
1375 1978 1470 2035 tenet

359 2073 583 2138 terramillam
597 2081 637 2136 ut
651 2072 741 2137 illem
756 2072 844 2139 unde
855 2074 920 2138 fuit
930 2074 1061 2139 feoffsta
1076 2096 1251 2159 perunum
1267 2076 1469 2161 quarterium

359 2178 437 2242 anni
451 2185 626 2262 antequem
641 2174 728 2241 idem
744 2177 845 2264 Hugo
866 2200 937 2243 eam
958 2178 1183 2264 desponsasset
1204 2187 1239 2243 et
1260 2178 1301 2244 de
1323 2179 1471 2264 predicto

360 2280 509 2365 Hugone.
554 2280 671 2344 Postea
688 2280 782 2344 uenit
801 2281 874 2366 ipsa
894 2282 1047 2347 Johonna
1068 2305 1127 2369 per
1147 2290 1349 2348 ettomatum
1372 2306 1470 2349 snum

359 2392 394 2448 et
412 2392 504 2448 tenet
523 2406 557 2447 se
577 2390 765 2448 contentam
785 2384 826 2449 de
847 2385 949 2450 tercie
970 2395 1062 2471 parte
1085 2387 1230 2452 omnium
1252 2396 1411 2453 terrarum
1435 2398 1471 2454 et

359 2496 620 2552 tenementorum
646 2509 710 2572 que
735 2487 807 2572 ipss
831 2495 925 2553 tenet
947 2498 981 2553 et
1008 2489 1094 2555 unde
1119 2490 1199 2555 dicit
1225 2490 1310 2577 quod
1337 2492 1472 2556 feoffats

360 2593 423 2658 fuit
443 2592 538 2657 etde
559 2592 660 2657 tercie
679 2600 772 2678 perte
792 2600 952 2658 tenerum
973 2601 1008 2658 et
1030 2601 1291 2659 tenementorum
1313 2618 1377 2681 que
1399 2596 1471 2681 ipse

359 2696 506 2782 Rogerus
521 2701 614 2759 tenet
629 2702 663 2758 et
680 2693 788 2759 reddit
808 2693 915 2759 eidem
937 2696 1064 2781 Rogero
1086 2696 1168 2760 duas
1189 2704 1297 2779 partes
1319 2696 1360 2761 de
1385 2704 1472 2761 terra

359 2822 457 2885 quem
472 2798 556 2885 ipsa¹
572 2807 664 2864 tenet
678 2798 728 2864 ito
741 2799 827 2885 quod
842 2799 919 2863 inde
935 2800 1055 2865 habeat
1069 2809 1182 2886 postea
1197 2800 1263 2865 tale
1280 2822 1471 2886 recuperare

360 2906 455 2990 quale
478 2905 597 2969 hebere
619 2904 725 2969 debet.
772 2905 816 2969 Et
838 2904 912 2970 ideo
933 2906 1079 2993 Rogems
1105 2906 1226 2970 habeat
1251 2905 1402 2970 seisinem
1428 2906 1471 2971 de

359 3007 424 3072 illis
454 3007 580 3072 duabus
609 3006 766 3093 partibus,
792 3015 827 3071 et
852 3008 924 3094 ipsa
950 3007 1101 3073 seisinem
1128 3030 1220 3073 suem
1246 3008 1286 3073 de
1315 3008 1472 3094 predictis

360 3113 468 3178 terciis
483 3112 631 3199 portibus
646 3135 705 3199 per
719 3120 827 3178 totum
843 3113 1020 3179 secundum
1036 3114 1121 3199 quod
1136 3112 1318 3199 predictum
1333 3122 1392 3178 est.

302 3296 308 3308 ·
425 3216 544 3281 Jurate
573 3217 666 3282 uenit
694 3217 901 3305 recognitum
930 3218 958 3283 si
987 3218 1134 3283 homines
1163 3218 1203 3283 de
1235 3218 1473 3285 crawemerse¹

258 3355 306 3384 1⁰11.
348 3338 487 3407 ‘semper
515 3322 620 3388 solent
650 3331 684 3387 et
713 3322 835 3388 debent
868 3324 972 3389 facere
1008 3344 1125 3410 penem
1161 3330 1195 3388 et
1230 3322 1398 3389 ceruisiam
1437 3334 1472 3389 et

359 3426 500 3491 uendere
531 3448 648 3511 panem
683 3433 718 3490 ct
751 3426 922 3492 ceruisiem
955 3426 990 3490 in
1025 3426 1248 3493 Orawemerse.
1309 3426 1352 3492 Et
1383 3428 1471 3492 unde

360 3530 536 3616 burgenses
561 3529 601 3594 de
625 3528 893 3616 Wellingefordie
919 3529 1033 3594 dicunt
1059 3530 1144 3616 quod
1172 3551 1236 3593 non
1262 3529 1384 3595 debent
1409 3552 1472 3595 nec

359 3636 464 3701 solent
485 3658 603 3722 penem
621 3635 627 3721 Ι
647 3644 682 3701 et
703 3635 875 3700 ceruisiam
898 3635 944 3701 ibi
967 3635 1117 3711 uendere,
1139 3643 1174 3699 et
1196 3635 1256 3699 hoc
1278 3642 1371 3720 patet
1393 3636 1473 3721 quis

360 3749 504 3826 tempore
534 3739 635 3826 Regis
662 3740 693 3805 J.
719 3738 921 3826 prohibitum
947 3738 1011 3804 fuit
1037 3738 1191 3824 predictis
1216 3739 1402 3805 hominibus
1429 3741 1471 3806 de

360 3844 574 3908 Grewemerse
590 3841 675 3927 quod
690 3865 750 3907 nee
761 3865 881 3928 panem
892 3865 951 3908 nec
962 3839 1132 3908 ceruisinm
1144 3842 1266 3908 ibidem
1280 3843 1471 3921 uenderent,

358 3946 407 4011 ite
421 3946 508 4033 quod
522 3944 610 4010 idem
625 3946 719 4011 Dom.
734 3946 763 4010 J.
780 3946 852 4011 Rex
868 3946 959 4011 misit
973 3946 1096 4012 ibidem
1117 3954 1258 4031 quotuor
1277 3946 1472 4014 iusticinrios

358 4072 433 4115 suos
466 4047 508 4113 sd
542 4048 795 4133 prohibicionem
828 4048 919 4113 illam
949 4048 1138 4126 faciendam,
1168 4057 1203 4113 et
1232 4049 1294 4135 ipsi
1323 4050 1472 4116 fecerunt

358 4150 468 4215 furnos
482 4149 596 4237 frangi
611 4157 645 4213 et
660 4149 810 4234 plumbos
830 4150 981 4215 emaciari
1001 4157 1035 4215 et
1056 4150 1174 4215 deferri
1194 4158 1276 4237 aput
1291 4149 1472 4240 Wellinge-

358 4254 494 4319 fordiam
509 4262 544 4318 et
557 4254 717 4339 prosterni
731 4254 879 4318 fecerunt
893 4252 1153 4319 twimberellum.

391 4407 402 4502 p
418 4408 471 4519 {pm
468 4403 580 4519 m
591 4403 648 4519 1320
641 4406 888 4532 sgpxwfflgford
938 4403 1096 4519 prptmpppsthe
1112 4403 1282 4455 Oxiordshire
1296 4404 1367 4456 bnnk
1382 4408 1412 4457 of
1427 4408 1472 4459 the

439 4486 468 4519 ro
582 4504 588 4527 ‚
1055 4506 1061 4519 ·
