3342 5217
426 409 659 473 mensurnis
683 415 746 466 an,
773 402 865 477 1220,
887 415 950 466 nn.
973 405 1066 466 4-5.
1234 404 1297 470 257

191 580 291 646 breue
303 579 346 646 de
363 589 451 646 recto
471 590 505 647 et
524 605 589 648 non
611 585 720 670 potuit
742 588 834 672 sequi
856 609 914 674 pro
935 588 1135 668 infirmitate,
1149 599 1200 656 set
1214 592 1297 656 bene

191 681 337 747 defendit
367 683 453 768 quod
489 707 656 771 nunquam
685 687 794 772 posuit
823 711 858 752 se
889 688 1053 756 Walterus
1081 691 1116 756 in
1145 715 1297 780 magnam

190 786 346 865 assisiam,
368 810 428 852 nec
448 789 548 854 assisa
569 791 767 856 summonita
796 794 860 858 fuit
889 817 949 859 neo
977 817 1083 860 coram
1112 796 1298 862 iustioiariis

190 888 345 955 defaltam
361 891 439 956 feeit
459 901 493 957 et
513 892 589 957 inde
610 894 703 979 ponit
725 917 759 960 se
780 919 879 983 super
897 897 1098 965 iusticiarios.
1143 900 1187 964 Et
1208 900 1296 966 Wal-

189 1001 280 1058 terus
302 995 460 1062 similiter.
505 996 686 1062 Justiciarii
709 998 919 1064 recordantur
941 1001 1027 1086 quod
1050 1001 1215 1068 Walterus
1239 1026 1295 1089 po-

176 1103 299 1167 suerat
321 1119 355 1160 se
378 1096 413 1161 in
434 1119 587 1184 magnam
606 1098 741 1163 assisam
763 1099 849 1166 siout
870 1100 957 1166 idem
974 1101 1140 1170 Walterus
1161 1102 1242 1168 dicit
1261 1112 1296 1168 et

188 1199 276 1284 quod
291 1200 345 1286 xij.
362 1202 551 1266 summoniti
566 1203 707 1281 fuerunt,
721 1212 758 1268 et
773 1203 870 1270 datus
885 1206 949 1270 fuit
964 1207 1033 1271 dies
1048 1208 1195 1293 partibus
1214 1217 1296 1293 aput

189 1301 442 1390 cantabrigiam,
456 1311 493 1368 et
508 1313 587 1370 tunc
602 1327 667 1370 non
684 1306 778 1370 uenit
797 1307 820 1372 J
822 1307 965 1373 ohannes
984 1332 1044 1374 neo
1065 1333 1100 1374 se
1121 1311 1296 1375 essoniauit

188 1406 275 1473 unde
298 1407 535 1473 consideratum
559 1408 623 1473 fuit
645 1431 751 1474 coram
770 1409 818 1476 eis
842 1412 928 1496 quod
949 1411 1113 1478 Walterus
1134 1413 1197 1478 iret
1219 1413 1295 1479 inde

187 1509 257 1574 sine
280 1511 333 1574 die
358 1521 392 1574 et
415 1510 553 1596 quietus,
578 1520 612 1576 et
635 1511 803 1577 Johannes
827 1513 862 1577 in
885 1514 1107 1580 misericordia
1152 1518 1197 1580 Et
1222 1516 1295 1582 ideo

186 1613 425 1678 consideratum
445 1624 496 1680 est
519 1615 604 1700 quod
628 1614 793 1680 Walterus
813 1625 849 1680 et
871 1616 1005 1682 heredes
1027 1618 1079 1682 sui
1102 1626 1236 1683 teneant
1259 1620 1293 1683 in

186 1739 266 1802 paee
282 1716 520 1802 inperpetuum,
534 1725 570 1781 et
585 1717 752 1782 Johannes
767 1718 888 1782 iterum
903 1719 937 1782 in
953 1720 1176 1786 misericordia

129 1872 136 1887 .
253 1817 379 1883 ¹Assisa
398 1818 491 1884 uenit
513 1820 718 1906 recognitum
740 1829 852 1885 utrum
873 1844 975 1886 unum
997 1823 1201 1909 mesuagium
1218 1847 1293 1889 curn

185 1932 266 2011 pert
283 1923 318 1988 in
334 1924 562 1988 Seandefordia
584 1925 628 1989 sit
650 1925 751 2006 libera
766 1924 941 1990 elemosina
955 1926 1120 2011 pertinens
1137 1926 1179 1990 ad
1194 1928 1292 1991 eccle-

185 2029 266 2092 siam
287 2025 292 2112 Ι
311 2027 429 2093 Prioris
443 2027 484 2092 da
499 2027 650 2092 Dauintr'
664 2026 704 2092 de
721 2028 951 2094 Soandefordia
964 2051 1007 2093 an
1022 2029 1146 2116 laycum
1163 2030 1293 2095 feodum

184 2133 322 2198 Roberti
344 2133 374 2198 le
395 2132 543 2218 Butyller
558 2131 615 2218 qui
637 2131 730 2195 uenit
752 2140 786 2196 et
801 2131 882 2196 dicit
896 2132 983 2218 quod
997 2132 1097 2197 assisa
1115 2155 1180 2196 non
1194 2132 1293 2199 debet

185 2235 262 2302 inde
283 2235 353 2300 fieri
373 2234 450 2321 quia
470 2233 512 2299 de
534 2233 646 2298 eodem
668 2235 834 2321 mesuagio
856 2235 1044 2300 arramiauit
1064 2235 1176 2301 eodem
1198 2239 1293 2303 modo

186 2339 320 2404 assisam
336 2338 509 2426 Gregorius
530 2338 571 2403 de
588 2338 742 2404 Cressone
762 2339 819 2423 qui
840 2345 889 2402 est
904 2360 1040 2423 persona
1053 2339 1142 2404 illius
1161 2342 1292 2406 ecclesie

185 2443 229 2508 ad
250 2443 541 2530 recognoscendum
563 2451 675 2508 utrum
697 2442 741 2507 sit
763 2441 880 2506 liberat
902 2441 1108 2508 elemosinat'
1127 2446 1292 2531 pertinens

184 2549 226 2614 ad
239 2548 405 2614 eeclesiam
420 2571 512 2614 suam
528 2547 567 2612 de
584 2547 820 2626 Scandefordia,
832 2548 887 2611 uel
901 2547 1029 2633 layoum
1043 2548 1173 2613 feodum
1188 2572 1292 2627 suum,

183 2663 219 2718 et
242 2654 327 2740 petit
347 2653 504 2718 iudicium
526 2653 554 2718 si
572 2653 691 2718 debeat
713 2652 753 2717 de
776 2675 844 2718 una
864 2660 899 2716 et
921 2651 1034 2716 eadem
1056 2661 1143 2718 terra
1163 2654 1205 2719 ad
1226 2654 1291 2721 duo

183 2758 298 2824 breuia
311 2757 352 2822 de
367 2757 467 2824 assisa
480 2757 680 2844 respondere,
695 2756 821 2821 desiout
841 2756 928 2821 idem
948 2756 1039 2820 Prior
1057 2779 1123 2820 non
1142 2765 1193 2822 est
1214 2757 1290 2822 inde

184 2885 322 2948 persona
342 2870 377 2926 et
399 2862 475 2926 licet
496 2870 581 2926 esset
602 2861 679 2926 inde
698 2861 876 2926 aduncatus
895 2883 961 2924 non
980 2869 1092 2924 tamen
1110 2861 1243 2926 uidetur
1259 2861 1290 2926 ei

184 2965 272 3052 quod
287 2966 392 3031 eidem
408 2966 510 3030 Priori
524 2966 658 3031 deberet
673 2965 748 3030 inde
764 2962 979 3050 respondere⁸.

250 3074 295 3138 Et
315 3073 406 3138 Prior
424 3074 504 3139 dicit
525 3073 611 3159 quod
630 3073 700 3159 ipse
715 3081 765 3136 est
780 3072 856 3136 inde
870 3093 1007 3156 persona
1020 3072 1201 3158 percipiens
1215 3072 1290 3137 inde

181 3178 353 3242 annuatim
368 3177 498 3242 nomine
513 3177 675 3264 pensionis
690 3200 739 3240 xx.
753 3167 816 3253 sol,
832 3184 867 3240 et
883 3176 1056 3262 Gregorius
1071 3198 1136 3241 non
1150 3185 1200 3241 est
1214 3176 1290 3241 inde

183 3280 247 3345 nisi
261 3281 422 3346 firmarius
437 3304 523 3348 suus.

250 3385 295 3449 Et
316 3385 479 3451 Robertus
500 3385 580 3450 dicit
602 3386 688 3471 quod
710 3385 801 3450 Prior
821 3407 886 3449 non
904 3393 956 3449 est
975 3384 1051 3448 inde
1065 3407 1202 3470 persona
1215 3385 1292 3470 quia

181 3489 353 3576 episeopus
364 3489 503 3554 eontulit
514 3489 680 3554 eeclesiam
692 3489 781 3553 illam
792 3487 937 3574 predicto
950 3488 1103 3573 Gregorio
1114 3489 1291 3553 autoritate

182 3593 412 3659 iateranensis
441 3593 566 3660 consilii
595 3616 651 3679 pro
676 3583 882 3658 contentione
905 3614 969 3678 que
991 3593 1055 3656 fuit
1076 3592 1163 3656 inter
1183 3593 1290 3679 ipsum

181 3695 364 3760 Robertum
380 3704 414 3761 et
428 3697 609 3783 predictum
625 3696 777 3772 Priorem,
792 3703 826 3759 et
840 3693 921 3759 dicit
941 3693 1027 3778 quod
1047 3693 1075 3758 si
1094 3693 1182 3758 idern
1201 3694 1292 3758 Prior

180 3801 349 3866 amitteret
364 3823 422 3886 per
435 3800 567 3865 assisam
585 3800 645 3864 hoe
664 3822 728 3863 non
749 3807 834 3864 esset
855 3798 972 3862 stabile
995 3821 1096 3884 quum
1117 3799 1290 3886 Gregorius

180 3906 303 3970 iterum
325 3926 401 3968 eum
423 3911 531 3989 posset
553 3901 749 3987 inplacitare.
796 3901 876 3965 Dies
895 3899 992 3964 datus
1012 3909 1062 3965 est
1076 3900 1123 3965 eis
1137 3901 1173 3965 in
1187 3901 1288 3966 octab.

182 4007 215 4074 S.
231 4007 331 4072 mich.
352 4016 433 4093 aput
452 4006 778 4072 Westmonasterium
797 4004 840 4070 de
858 4004 1021 4069 audiendo
1041 4003 1161 4069 iudicio
1182 4026 1240 4068 suo
1262 4005 1290 4068 si
1318 3991 1323 4000 ¹

214 4228 541 4289 1A.m.21;13.m.sa
761 4227 924 4278 [σπανίου.
957 4225 1287 4276 Buttherawasoontro-
1357 4258 1359 4261 -

213 4293 225 4326 ¹
242 4295 314 4346 Gorr.
330 4296 409 4344 litera
420 4297 559 4344 stararias
760 4307 835 4356 raray
842 4291 922 4342 about
930 4292 976 4342 the
987 4289 1068 4342 limita
1076 4293 1105 4342 ot
1114 4291 1168 4342 this
1176 4292 1288 4355 remady.

213 4360 225 4392 ²
241 4358 299 4408 Tha
319 4359 407 4410 assiae
423 4361 514 4412 Utrum
529 4359 553 4410 is
574 4359 710 4422 oremedy
760 4358 804 4407 Br.
817 4357 931 4414 ΜΘΗ).

181 4425 221 4474 for
232 4439 249 4474 a
260 4428 351 4480 rector,
364 4429 411 4474 not
421 4424 462 4475 tor
470 4439 489 4474 a
497 4428 592 4487 patron
603 4424 655 4474 ond
664 4427 710 4474 not

268 4543 301 4590 u.
1160 4523 1201 4589 17
