3342 5217
349 81 410 137 ete.
424 71 512 136 unde
526 69 614 134 idem
626 69 809 133 Willelmus
824 68 910 155 petit
925 68 1011 154 quod
1026 70 1125 136 faciat
1139 69 1171 136 ei
1186 92 1379 157 perannum
1396 73 1462 159 viij.

348 175 403 241 sol.
419 174 460 239 de
476 173 518 258 vj.
535 172 645 238 bouet.
663 180 747 237 terre
763 179 797 236 et
812 173 845 237 ei
859 180 936 237 sunt
951 181 1057 239 aretro
1078 174 1119 239 de
1139 184 1278 261 quatuor
1297 178 1391 244 annis
1410 201 1462 243 xx.

347 277 402 341 sol.
427 285 488 342 etc.
510 298 570 361 per
594 273 680 360 quod
706 273 922 339 deterioratus
948 283 998 339 est
1024 283 1059 340 et
1085 277 1264 364 dempuum
1293 280 1393 347 habet
1419 282 1462 347 ad

347 380 528 445 ualenciam
557 379 598 443 xl
628 378 694 455 sol,
722 385 758 443 et
786 378 873 464 petit
903 378 989 465 quod
1019 380 1116 445 saciat
1145 382 1177 447 ei
1206 382 1394 471 homagium
1427 394 1462 451 et

347 482 506 549 releuium
521 504 616 546 suum
631 488 692 545 ete.

412 584 458 649 Et
483 582 624 647 Thomas
650 580 774 667 Ooigne
804 580 899 646 uenit
928 588 963 645 et
988 580 1069 647 dicit
1098 583 1184 669 quod
1213 584 1313 651 nichil
1342 587 1463 653 clamat

348 697 459 754 tenere
473 687 514 753 de
529 686 643 752 eodem
658 685 822 750 Willelmo
838 708 897 750 nec
912 685 943 751 ei
958 686 1132 753 seruicium
1145 688 1244 755 debet
1255 690 1356 757 immo
1368 701 1462 759 tenet

346 792 388 857 de
418 791 562 857 Waltero
592 789 717 876 Coigne
745 789 813 853 filio
839 790 977 855 Roberti
1005 793 1162 858 auunculi
1188 794 1239 859 sui
1264 805 1300 860 et
1325 796 1357 861 ei
1382 796 1463 861 facit

347 897 520 963 seruicium
535 918 630 962 suum
646 903 681 961 et
695 895 771 961 iude
786 903 883 961 uocat
898 918 975 961 eum
991 896 1033 962 ad
1048 906 1237 980 warantum,
1249 900 1369 969 habeat
1384 924 1460 967 eum

348 1001 407 1066 tali
422 1000 475 1066 die
490 1009 549 1065 etc.
565 1000 649 1065 sicut
664 998 773 1087 diligit
788 1007 1014 1066 tenementum
1030 1024 1137 1070 suum.

224 1092 298 1162 708.
412 1101 589 1167 ¹Ranulfus
618 1100 736 1166 Comes
762 1100 888 1166 Cestrie
915 1109 950 1167 et
979 1101 1146 1169 Lincolnie
1171 1126 1229 1191 per
1257 1114 1459 1173 attornatum

226 1194 291 1237 Μ·
346 1228 442 1272 suum
456 1206 542 1292 petit
556 1228 669 1270 uersus
684 1204 860 1270 Ricardum
875 1205 916 1271 de
934 1206 1098 1272 Haiecurt
1121 1232 1218 1294 quem
1240 1210 1403 1277 Gelhidus
1418 1211 1459 1277 de

183 1258 304 1379 millio
346 1313 437 1399 Lucy
465 1310 597 1377 uocauit
624 1310 667 1377 ud
695 1319 876 1377 warantum
906 1319 941 1378 et
969 1313 1028 1400 qui
1058 1314 1090 1379 ei
1118 1315 1342 1382 warentizauit
1371 1316 1459 1403 quod

183 1384 288 1418 'arantur

181 1427 253 1465 Μ’·
263 1428 334 1512 gglffl
345 1416 460 1483 reddat
471 1417 502 1482 ei
513 1417 536 1482 J
536 1416 697 1481 ohannem
709 1416 813 1481 filium
825 1424 860 1481 et
872 1416 1024 1483 heredem
1035 1417 1059 1482 J
1060 1417 1196 1484 ohannis
1209 1418 1251 1484 de
1264 1420 1461 1506 Sprextone'

181 1471 262 1511 teani
290 1484 310 1512 m

182 1519 439 1607 fflstfficuius
461 1519 609 1586 custodia
631 1519 674 1585 ad
696 1542 773 1584 eum
798 1520 943 1606 pertinet
970 1544 1008 1587 eo
1035 1522 1122 1608 quod
1150 1523 1250 1590 habet
1279 1525 1459 1591 custodiam

182 1623 272 1699 {lm
280 1660 317 1700 ὦ.
347 1633 505 1690 termrum
534 1646 599 1709 que
627 1622 761 1688 fuerunt
789 1622 950 1688 Johannis
976 1624 1078 1709 petris
1104 1625 1206 1711 ipsius
1234 1627 1395 1692 Johsnnis
1420 1650 1460 1693 ee

183 1708 243 1746 culus
252 1708 288 1745 ubl

183 1754 196 1839 ιι)
217 1754 332 1841 ‘Qu'
347 1728 473 1846 ratione
493 1726 580 1813 quod
596 1726 705 1792 tenuit
722 1725 764 1791 de
784 1726 878 1792 feodo
899 1727 1037 1793 Comitis
1056 1729 1168 1796 Dauid
1187 1730 1280 1796 cuius
1298 1730 1393 1797 heres
1408 1740 1460 1797 est

184 1848 310 1935 ‘effla
348 1855 384 1897 1u
398 1831 546 1897 custodia
559 1854 625 1898 sua

67 1952 74 1961 ·
185 1946 291 1981 asma
412 1937 458 2001 Et
480 1936 637 2001 Ricardus
656 1934 750 2001 uenit
769 1958 828 2021 per
847 1928 1051 2001 attomatum
1072 1958 1167 2001 suum
1188 1946 1222 2003 et
1242 1937 1389 2004 defendit
1408 1939 1461 2005 ius

183 1989 326 2131 {ffil'h
347 2042 449 2129 ipsius
463 2041 601 2108 Comitis
615 2049 650 2106 et
664 2041 744 2107 dicit
758 2040 845 2128 quod
860 2042 883 2107 J
884 2042 1027 2107 ohannes
1047 2051 1141 2129 peter
1160 2066 1275 2110 reuera
1294 2046 1403 2110 tenuit
1418 2046 1459 2111 de

184 2130 328 2215 ffiffia
348 2147 476 2213 Gemite
491 2145 601 2212 Dauid
614 2155 665 2211 set
681 2144 797 2212 Comes
811 2145 923 2211 Dauid
942 2146 1035 2212 dedit
1049 2147 1214 2214 Willelmo
1234 2148 1276 2214 de
1296 2151 1460 2216 Hurecurt

185 2224 330 2263 scamnum
423 2252 430 2265 .
636 2250 643 2263 .
875 2250 882 2265 0
947 2250 954 2263 ·
998 2250 1005 2264 .
1199 2252 1206 2265 .

183 2270 319 2357 minoe
347 2260 433 2339 patri
447 2274 505 2316 suo
520 2250 699 2316 custodiam
719 2257 804 2315 terre
820 2259 924 2316 tocms
945 2273 1047 2336 ipsius
1064 2251 1088 2316 J
1089 2251 1225 2317 ohannis
1244 2274 1318 2317 cum
1340 2254 1459 2320 herede

346 2355 448 2443 ipsius
473 2353 633 2419 Johannis
658 2355 706 2419 ita
730 2354 819 2440 quod
841 2362 935 2440 pater
957 2353 1052 2419 suus³
1077 2355 1186 2421 tenuit
1209 2364 1280 2421 tota
1303 2356 1375 2423 uita
1399 2380 1461 2424 sue

347 2459 526 2527 custodiam
551 2459 641 2523 illam
664 2466 699 2523 et
720 2458 802 2523 obiit
823 2459 901 2523 inde
923 2458 1052 2524 saisitus
1075 2468 1110 2525 et
1132 2468 1365 2546 postmortem
1387 2462 1459 2527 eius

171 2629 176 2641 ,
220 2581 298 2632 nuh]
346 2588 460 2631 reuera
478 2548 548 2649 ipse
568 2562 573 2651 Ι
591 2561 749 2626 Ricardus
768 2562 925 2628 concessit
945 2562 1007 2648 ipsi
1029 2563 1151 2629 Comiti
1172 2563 1297 2630 Cestrie
1320 2562 1457 2628 eandem

346 2668 525 2735 custodiam
540 2674 625 2731 terre
639 2666 724 2731 sicut
738 2666 828 2730 illam
844 2666 952 2731 tenuit
967 2673 1002 2730 et
1016 2688 1081 2731 non
1093 2666 1200 2732 tenuit
1213 2674 1291 2731 tune
1302 2666 1456 2732 heredem

346 2772 381 2836 in
396 2771 541 2837 custodia
556 2792 594 2835 eo
608 2767 694 2856 quod
708 2769 873 2854 predictus
888 2768 1064 2834 (laufridus
1077 2770 1171 2835 illum
1187 2770 1303 2835 habuit
1318 2793 1358 2836 ex
1372 2770 1458 2836 dono

347 2875 503 2941 Willelmi
532 2874 634 2960 patris
663 2873 714 2937 sui
743 2879 778 2938 et
806 2872 880 2937 ideo
906 2872 1022 2939 Comes
1051 2873 1176 2937 nullum
1205 2874 1386 2937 custodium
1416 2873 1458 2939 de

346 2978 464 3044 herede
478 2986 590 3063 petere
604 2982 721 3061 potest.

411 3082 456 3146 Et
482 3081 599 3147 Comes
621 3102 679 3165 per
704 3087 906 3144 attornatum
936 3102 1032 3145 suum
1062 3080 1209 3167 quesitus
1235 3104 1301 3167 qua
1328 3082 1457 3147 racione

346 3189 466 3252 clamat
480 3184 659 3249 custodiam
674 3181 801 3247 heredis
815 3182 896 3247 dicit
911 3183 996 3268 quod
1011 3205 1049 3248 eo
1064 3183 1150 3270 quod
1162 3182 1262 3248 habet
1273 3184 1455 3249 custodium

381 3350 390 3382 ¹
408 3350 438 3398 A.
450 3364 486 3397 m.
498 3347 555 3406 2d;
572 3346 603 3395 B.
615 3362 650 3395 m.
663 3344 713 3394 sd.
926 3344 1057 3407 wurdship
1068 3348 1095 3395 to
1106 3343 1151 3395 the
1163 3345 1226 3395 Earl
1237 3346 1267 3395 ol
1280 3345 1395 3406 Ghester,
1409 3346 1457 3396 but

380 3414 463 3463 ’The
485 3427 563 3462 nome
585 3411 680 3461 should
701 3409 828 3473 probably
845 3410 876 3460 he
927 3408 1043 3485 william
1055 3410 1107 3459 had
1118 3410 1305 3498 alreadygiren
1316 3410 1363 3461 the
1373 3412 1457 3461 ward·

349 3476 695 3593 Sploxvloilliahissllaroourt
728 3540 815 3591 father
848 3540 877 3589 ot
925 3474 1027 3603 ilddylf
1041 3474 1457 3605 th'l'liehdiisiiliseriliiiiiillehliddffidi

348 3606 641 3660 Richardtherouchee.
664 3604 735 3655 John
743 3606 772 3653 ol
779 3606 874 3666 Sprox-
926 3604 981 3653 this
997 3603 1056 3655 that
1072 3604 1117 3656 the
1132 3605 1189 3655 heir
1205 3606 1234 3655 ot
1248 3606 1332 3655 David
1349 3606 1413 3655 Euri
1428 3608 1459 3655 ol

348 3681 396 3726 ton
406 3674 468 3724 held
479 3674 508 3722 ot
523 3672 607 3722 David
617 3671 681 3720 Earl
698 3672 727 3719 ol
741 3670 874 3727 Huntina-
928 3668 1103 3731 Huntingdon
1114 3670 1136 3719 is
1149 3671 1193 3720 the
1205 3670 1274 3720 ward
1289 3672 1318 3720 ol
1332 3670 1377 3721 the
1391 3672 1456 3721 Earl

347 3742 409 3799 don.
436 3738 489 3789 and
516 3736 583 3786 died.
617 3735 672 3785 The
699 3734 763 3784 Eerl
788 3734 875 3785 David
926 3735 955 3783 of
975 3735 1090 3794 chester,
1107 3735 1165 3784 who
1185 3738 1212 3785 st
1235 3736 1294 3785 first
1314 3736 1390 3786 bases
1412 3736 1455 3785 hia

346 3804 456 3869 granted
472 3803 517 3853 the
527 3800 656 3862 wardship
672 3800 700 3850 ot
715 3800 809 3849 John’s
826 3815 874 3849 son
926 3798 1002 3848 claim
1014 3814 1048 3849 on
1060 3799 1114 3849 this
1125 3800 1186 3857 laet,
1198 3800 1321 3863 claiming
1332 3800 1403 3851 ward
1419 3801 1455 3865 by

347 3868 570 3922 JohntoWilliam
576 3867 716 3916 Hercourt.
734 3863 874 3914 William's
924 3864 994 3925 right
1005 3864 1034 3914 ol
1045 3864 1124 3915 ward.
1157 3864 1243 3927 Dugd.
1255 3868 1349 3918 Boron.
1364 3866 1414 3917 vol
1429 3868 1452 3929 1,

344 3936 403 3987 heir
423 3932 536 3983 Riehurd
558 3930 690 3981 Horconrt
705 3929 812 3993 granted
828 3930 874 3980 the
924 3944 950 3993 p.
962 3929 1019 3981 610.
