3342 5217
541 23 681 85 nasrna,
702 21 768 73 nn.
792 10 885 83 1232,
909 24 972 72 aa.
997 12 1046 73 16.
1282 12 1346 75 523

238 191 301 257 nisi
315 192 385 278 ipse
400 191 579 257 Nicholaus
593 191 743 256 redderet
758 190 906 255 denarios
926 190 998 255 illos
1019 191 1061 256 ad
1083 192 1239 257 terminos
1260 192 1347 257 inter
1360 202 1512 251 Nounuoddo

1360 260 1462 289 conwnm
1470 250 1505 288 ds·

238 317 292 359 eos
315 302 456 363 statutos
485 293 571 379 quod
600 292 739 357 subiecit
761 314 795 357 se
821 291 1039 357 iurisdiccioni
1064 292 1201 357 ordinar’
1228 293 1288 358 loci
1313 302 1347 358 et
1360 296 1510 390 ffiffigfflg‘

237 397 416 462 cohercioni
430 396 652 462 ecclesiastice.
1359 388 1499 474 mma.

302 502 346 566 Et
369 501 546 566 Nicholaus
568 500 661 565 uenit
683 507 719 563 et
743 498 907 586 cognoscit
932 498 1081 564 debitum
1105 507 1140 564 et
1166 508 1288 565 cartam
1312 508 1346 565 et
1360 482 1506 577 llhll'ldlll

1423 575 1449 613 dc
1457 585 1489 613 cn·

236 602 322 688 quod
337 603 385 667 ita
398 625 433 668 se
448 601 614 687 obligauit.
659 601 704 665 Et
718 600 791 665 ideo
806 600 930 665 dictum
946 609 996 665 est
1012 601 1246 666 Archidiacono
1261 602 1347 687 quod
1360 575 1511 668 &liquem

1360 674 1409 705 sunt
1417 668 1443 706 do
1451 672 1512 707 terta·

236 708 396 794 procedat
1360 714 1473 753 ”¹2⁰⁸⁰¹¹2¹

303 812 402 897 Hugo
417 810 457 875 dc
472 809 627 875 Ncouilla
640 816 675 873 et
690 809 853 873 Beatricia
873 832 954 874 uxor
973 810 1044 873 eius
1066 832 1124 895 per
1145 818 1346 875 attornatum
1407 796 1471 899 {¹2:1¹2

200 898 204 905 ¹
237 914 340 999 ipsius
363 913 522 978 Beatricic
549 920 668 999 petunt
691 934 804 977 uersus
825 912 1010 976 Johannem
1034 913 1074 978 de
1096 914 1165 999 Fay
1187 914 1290 977 filium
1313 922 1347 979 ct
1360 921 1499 1016 milli!

238 1016 390 1081 heredem
405 1016 534 1081 Radulfi
550 1016 590 1081 de
609 1016 679 1100 Fay
698 1038 796 1100 quem
816 1016 963 1101 Rogems
982 1016 1023 1079 de
1044 1015 1138 1081 Clere
1158 1025 1192 1081 et
1213 1017 1348 1082 Matillis
1360 1016 1511 1101 {fflgffi

238 1142 318 1185 uxor
340 1121 409 1184 eius
431 1127 550 1183 uocant
571 1118 613 1182 ad
635 1127 816 1183 warantum
839 1128 874 1183 et
896 1119 953 1204 qui
975 1108 1507 1193 coswarentizatl.,sol.{¹1¹'„⁰‚⁸·¹‘1’3{1⁰{l¹¹'

238 1234 322 1287 terre
344 1246 418 1288 cum
440 1230 522 1308 pert.
542 1222 577 1286 in
599 1222 785 1286 Turneham
805 1220 840 1285 in
862 1243 940 1287 corn.
957 1222 1081 1286 Kancie
1103 1232 1136 1287 ct
1147 1223 1172 1307 j.
1187 1222 1297 1287 hidam
1313 1233 1347 1288 et
1360 1202 1511 1288 lhlltlll*

234 1327 258 1410 j.
281 1326 361 1413 uirg.
388 1334 472 1391 terre
500 1348 574 1390 cum
600 1333 681 1411 pert.
705 1326 739 1389 in
765 1324 966 1410 Brumlegha
991 1326 1025 1389 in
1049 1348 1128 1391 com.
1156 1328 1284 1392 Surrcie
1308 1335 1347 1393 ut
1360 1294 1463 1333 “mm

238 1432 289 1495 ins
303 1431 405 1518 ipsius
420 1430 581 1495 Beatricie
597 1440 631 1494 et
646 1430 681 1493 in
696 1452 777 1516 ques
797 1430 885 1495 idem
906 1431 1052 1516 Rogatus
1072 1439 1107 1495 et
1127 1431 1263 1497 Matillis
1283 1454 1347 1497 non

238 1534 361 1599 habent
375 1534 554 1619 ingressum
569 1533 632 1598 nisi
646 1556 704 1619 per
719 1534 898 1598 Radulfum
914 1534 954 1599 de
970 1536 1041 1619 Fay
1055 1534 1216 1620 quondam
1238 1536 1347 1600 uirum

238 1637 340 1722 ipsius
355 1637 515 1702 Beatricie
530 1637 583 1702 cui
598 1638 669 1722 ipae
683 1638 717 1701 in
733 1638 804 1702 uita
819 1661 878 1702 sna
892 1639 1110 1703 contradicere
1126 1662 1190 1703 non
1206 1640 1324 1724 potuit.

303 1740 348 1805 Et
361 1741 384 1805 J
386 1741 527 1805 ohannes
542 1741 636 1805 uenit
650 1749 685 1805 et
700 1741 780 1806 dicit
799 1742 886 1826 quod
907 1741 969 1827 ipsi
990 1741 1136 1827 Rogcms
1157 1748 1191 1805 et
1212 1742 1348 1807 Matillis

237 1868 302 1909 non
318 1845 439 1910 habent
454 1846 635 1932 ingressum
650 1846 686 1909 in
707 1853 827 1909 terram
848 1845 938 1909 illam
960 1867 1018 1929 per
1039 1845 1147 1929 ipsum
1169 1846 1346 1911 Radulfum

237 1948 337 2011 immo
357 1970 414 2033 per
433 1948 536 2034 ipsam
558 1947 752 2012 Beatriciam
772 1948 808 2011 in
828 1947 993 2033 legittima
1012 1946 1176 2012 uiduitate
1196 1970 1255 2012 sua
1274 1958 1348 2034 post

237 2059 375 2115 mortem
396 2051 534 2136 predicti
556 2050 687 2115 Radulfi
708 2049 806 2135 primi
827 2050 891 2114 uiri
913 2050 964 2114 sui
986 2058 1021 2114 et
1043 2050 1125 2115 bene
1148 2060 1256 2136 potest
1279 2076 1347 2118 esse

238 2155 324 2241 quod
349 2155 534 2220 habuerunt
559 2156 739 2241 ingressum
761 2155 866 2239 primo
888 2153 1074 2240 peripsum
1097 2156 1275 2221 Radulfum
1297 2164 1348 2222 set

238 2269 351 2345 postea
364 2260 544 2345 peripsam
566 2259 762 2324 Beatriciam
782 2259 962 2323 secundum
984 2258 1070 2344 quod
1092 2260 1274 2345 predictum
1297 2272 1347 2327 est

237 2373 272 2427 et
286 2372 458 2449 postquam
473 2364 544 2449 ipsa
557 2363 707 2427 scisinam
724 2362 841 2427 habuit
855 2362 896 2425 de
919 2371 1006 2426 terra
1025 2363 1082 2427 illa
1101 2372 1140 2427 ut
1160 2364 1201 2429 dc
1221 2366 1291 2429 iure
1312 2375 1346 2431 et

238 2466 409 2553 maritagio
423 2490 491 2544 sno,
505 2476 539 2531 ct
554 2467 630 2531 inde
650 2467 743 2552 ponit
763 2488 797 2531 se
818 2488 916 2551 super
937 2466 1076 2551 patriam
1098 2468 1147 2531 ita
1168 2468 1254 2553 quod
1276 2468 1347 2555 ipsa

238 2570 302 2633 fuit
317 2569 352 2633 in
365 2568 484 2633 saisina
498 2591 557 2653 per
570 2591 598 2633 v.
614 2590 715 2633 annos
730 2568 784 2631 uel
800 2568 840 2653 vj.
857 2576 892 2632 et
907 2568 978 2653 ipsa
997 2568 1082 2632 bona
1102 2568 1272 2634 uoluntate
1287 2594 1347 2637 sua

239 2681 319 2737 tunc
334 2680 451 2737 terram
468 2671 563 2736 illam'
573 2671 621 2735 eis
635 2670 799 2735 concessit.

304 2776 349 2839 Et
374 2775 474 2860 Hugo
500 2781 534 2837 et
558 2772 720 2837 Beatricia
744 2771 883 2836 ueniunt
906 2779 940 2835 et
964 2770 1143 2836 defendunt
1166 2774 1253 2858 quod
1276 2775 1347 2861 ipsa

239 2878 401 2943 Beatricia
429 2900 596 2963 nunquam
625 2876 660 2941 in
691 2875 855 2940 uiduitate
879 2898 939 2939 sua
964 2874 1011 2939 eis
1040 2877 1196 2941 concessit
1226 2887 1345 2944 terram

238 2982 328 3045 illam
343 3004 403 3046 nec
417 2982 502 3046 bona
516 2980 686 3044 uoluntate
701 3002 761 3043 sua
780 2987 831 3043 set
851 3000 965 3043 reuera
986 2979 1057 3064 ipsa
1077 2980 1250 3065 aliquando
1272 2992 1345 3068 post

272 3196 364 3247 ¹‘l'hic
379 3194 404 3246 is
418 3196 571 3257 important.
604 3190 765 3254 Glearlytlre
815 3190 928 3239 Bracton
946 3192 1026 3239 states
1049 3185 1094 3241 the
1117 3206 1188 3241 same
1209 3192 1274 3251 mle,
1296 3193 1344 3245 but

239 3267 387 3320 annotator,
404 3261 461 3309 who
471 3259 557 3309 writes
571 3272 588 3307 a
601 3257 672 3318 larga
683 3260 766 3305 Error
814 3254 879 3305 adds
897 3254 954 3305 that
972 3255 1017 3304 the
1034 3258 1156 3319 contrary
1167 3272 1220 3307 was
1235 3258 1343 3310 decided

238 3329 267 3378 in
289 3328 335 3377 the
351 3324 461 3387 margin.
481 3323 572 3373 thinks
589 3322 633 3372 the
649 3321 764 3371 decision
814 3326 844 3370 in
857 3324 939 3369 rotulo
956 3322 985 3369 dr
1001 3327 1069 3369 terra.
1084 3322 1175 3370 Pasch.
1192 3338 1217 3370 a.
1232 3338 1253 3374 r.
1268 3340 1288 3375 r.
1302 3327 1339 3377 H.

238 3409 335 3455 wrong.
364 3390 451 3441 Sodid
461 3390 584 3437 Bracton.
613 3387 765 3435 0nf.401b
814 3388 865 3447 xvj.
888 3388 917 3434 in
942 3401 1003 3435 conr.
1026 3388 1123 3435 Derion.
1146 3388 1176 3435 de
1198 3390 1292 3437 Thema
1312 3392 1342 3440 de

239 3460 273 3508 ha
284 3459 342 3519 lnys
352 3456 428 3505 down
439 3456 484 3503 the
495 3454 550 3502 rulo
563 3452 624 3501 that
640 3466 655 3500 a
670 3466 764 3513 person
815 3452 1097 3513 Battylearllsrr'dodr
1112 3454 1210 3501 Cotton.
1245 3452 1342 3503 Thisia

238 3528 335 3573 cannot
351 3526 411 3571 onst
426 3519 471 3569 the
491 3517 653 3581 jurisdiction
670 3517 699 3565 ol
720 3516 765 3565 the
815 3529 832 3565 a
859 3514 985 3563 distorted
1011 3516 1119 3565 citation
1143 3517 1172 3566 ol
1192 3516 1236 3566 the
1262 3518 1343 3570 above

238 3589 323 3650 king’s
344 3590 419 3636 court
440 3589 468 3634 to
484 3583 599 3646 prohibit
615 3581 661 3630 the
677 3585 765 3630 courts
815 3594 883 3637 case,
894 3581 1079 3629 Archidr'acoao
1094 3582 1124 3629 cle
1141 3582 1230 3631 Tottorr
1246 3582 1342 3648 having

240 3652 374 3702 Christian
385 3652 452 3699 from
468 3648 576 3709 holding
591 3648 663 3709 plens
679 3646 764 3694 which
815 3644 920 3693 become
931 3646 1033 3707 Alsrido
1049 3646 1079 3693 cle
1095 3646 1193 3695 Cotton.
1227 3646 1342 3699 Thomas

238 3718 273 3768 do
284 3721 331 3767 not
341 3717 388 3765 fall
398 3714 491 3763 within
502 3713 571 3762 their
586 3725 679 3774 proper
695 3724 764 3759 ccm-
815 3709 951 3767 Pincerna,
961 3709 1112 3767 orThomss
1121 3710 1219 3771 Butler,
1228 3727 1279 3761 wes
1289 3714 1341 3777 (aee

237 3788 352 3845 patenae
388 3779 533 3837 Therclore,
550 3776 650 3841 despite
665 3790 700 3824 an
722 3791 764 3824 ex·
815 3773 928 3835 Hardy's
950 3774 988 3823 Le
1013 3774 1089 3832 Neve,
1113 3776 1164 3824 rol.
1192 3777 1215 3833 1,
1238 3791 1264 3839 p.
1281 3781 1340 3844 401)

238 3863 311 3910 precs
322 3844 478 3895 submission
490 3848 518 3893 to
529 3842 574 3891 thc
583 3840 764 3891 ecclesiastical
814 3839 982 3888 Archdeccon
994 3840 1022 3888 ol
1032 3840 1128 3889 Totton
1139 3841 1167 3889 in
1180 3842 1251 3903 1238,
1267 3844 1339 3905 1242,

238 3915 333 3969 lorum,
346 3909 532 3974 aprohibition
542 3908 596 3956 will
610 3907 642 3955 bc
656 3904 765 3968 vested
816 3906 898 3955 1254:
925 3904 1047 3962 Bracton‚
1072 3904 1179 3955 himself
1205 3922 1221 3955 a
1242 3908 1341 3957 Devon-

239 3977 291 4027 and
307 3976 397 4040 judgcs
408 3975 465 4024 who
476 3971 665 4034 disrcgsrdthe
677 3970 763 4033 prohi-
815 3968 884 4017 chire
907 3969 1078 4030 ischaemon,
1099 3971 1183 4021 would
1203 3972 1231 4021 ol
1251 3988 1342 4024 course

238 4042 321 4093 bition
338 4041 391 4089 will
407 4040 438 4089 be
454 4038 592 4102 punished.
627 4038 667 4085 0n
685 4036 764 4085 1401
815 4034 881 4084 have
892 4034 986 4083 known
998 4034 1040 4083 his
1052 4050 1136 4087 name.
