3342 5217
236 814 309 877 935.
360 876 365 886 .

246 915 301 955 ihc.

236 1213 309 1277 936.

241 1322 307 1365 11111

365 405 429 476 711
597 419 833 482 mentumis,
854 420 919 473 sn.
944 406 1038 483 1224,
1059 420 1123 471 sn
1146 406 1239 471 8-9.

363 593 512 660 concedit
525 594 612 682 quod
626 595 685 661 illa
698 595 779 682 uirg.
795 602 881 660 terre
903 617 1002 681 quam
1025 602 1140 661 tenent
1161 602 1302 681 ponatur
1323 593 1357 659 iu
1380 598 1473 679 parte

362 698 450 763 inter
464 720 527 776 eos,
541 706 576 764 et
590 698 664 763 ideo
678 696 738 763 fiat
752 698 889 784 particio
903 698 991 764 inter
1004 720 1065 765 eos

429 803 568 891 ¹Magna
602 802 703 868 111111
738 802 826 867 inter
865 802 1046 869 Robcrtum
1086 802 1190 889 Arsye
1229 810 1399 890 petentem
1439 807 1475 865 et

363 905 539 971 Osbertum
553 905 656 992 Arsyc
669 902 902 971 deforcientem
916 904 958 971 de
976 904 1114 971 seruicio
1131 912 1166 969 et
1183 902 1476 970 consuetudinibus

362 1016 422 1073 etc.
437 1008 571 1095 ponitur
584 1007 620 1072 in
640 1014 824 1094 respectum
845 1028 948 1094 usque
968 1006 1153 1073 concordati
1172 1006 1239 1073 sint
1258 1015 1295 1073 et
1315 1004 1475 1073 Osbertus

361 1113 420 1178 dat
434 1113 466 1199 ij.
482 1135 607 1178 marces
620 1135 680 1199 pro
693 1112 829 1177 licencia
843 1111 1066 1179 concordandi

427 1216 605 1283 'Henrious
634 1216 768 1283 Bucunt
803 1216 890 1303 petit
926 1238 1040 1282 uersus
1075 1215 1260 1282 Johaunem
1289 1214 1475 1282 Welerand‘

362 1329 504 1407 quatuor
526 1320 649 1408 uiginti
673 1343 735 1387 aar.
759 1328 846 1385 tene
871 1342 947 1385 cum
976 1327 1057 1405 pert
1087 1319 1123 1386 in
1149 1316 1337 1387 Stanmere'
1358 1340 1474 1387 uersus

361 1423 547 1490 Johannem
578 1423 619 1488 de
649 1423 826 1512 Stapinges
855 1430 891 1489 et
920 1423 1028 1489 Gilsm
1058 1410 1191 1489 uxorem
1219 1423 1290 1489 eius
1319 1430 1385 1488 tres
1417 1422 1473 1487 sol

362 1528 509 1593 redditus
529 1536 564 1593 11
584 1527 666 1593 duas
686 1550 748 1593 scr.
764 1536 851 1593 terre
873 1548 949 1593 cum
968 1535 1051 1614 pert
1066 1527 1101 1594 in
1123 1528 1237 1596 cadem
1259 1528 1340 1593 uilla
1360 1534 1400 1593 ut
1421 1526 1475 1593 ius

361 1654 468 1697 suum.

428 1737 473 1803 Et
494 1734 661 1802 Johannes
682 1734 850 1815 Johannes
869 1743 905 1801 et
926 1734 1002 1801 Gila
1023 1756 1081 1821 per
1102 1742 1304 1801 attornatum
1326 1735 1473 1801 eiusdem

363 1842 436 1906 Gile
458 1840 600 1906 ueniunt
619 1848 654 1905 11
674 1846 794 1926 petunt
813 1839 891 1906 inde
911 1840 1029 1905 uisum.
1073 1839 1236 1905 Habeant
1281 1838 1361 1905 Dies
1375 1839 1474 1907 datus

362 1952 413 2009 est
427 1944 474 2010 eis
488 1944 567 2011 talis
580 1952 643 2011 etc

427 2049 521 2114 Idem
536 2048 698 2115 Henricus
708 2047 794 2134 petit
805 2070 920 2113 uersus
929 2048 1038 2135 ipsum
1049 2048 1073 2114 J
1073 2047 1233 2113 ohannem
1244 2046 1285 2113 de
1298 2047 1473 2134 Stepinges

362 2152 448 2238 quod
462 2152 578 2217 reddat
592 2152 624 2217 ei
638 2175 666 2219 v.
682 2171 806 2217 marces
820 2159 856 2217 et
866 2152 891 2237 j.
907 2150 1053 2239 gladium
1069 2173 1132 2239 que
1152 2152 1184 2217 ei
1203 2150 1323 2217 iniuste
1343 2150 1473 2217 detinet

362 2262 401 2319 ut
422 2254 504 2320 dicit
524 2254 602 2340 quia
620 2255 657 2319 in
675 2254 772 2341 pleno
791 2254 950 2320 comitatu
971 2276 1030 2341 pro
1049 2254 1301 2341 transgressione
1321 2277 1420 2341 quam
1440 2254 1473 2320 ei

361 2358 439 2424 fecit
460 2358 617 2424 concessit
637 2358 670 2424 ei
691 2359 764 2425 illas
784 2380 814 2423 v.
836 2380 960 2425 marcas
986 2366 1021 2425 et
1042 2358 1149 2447 ipsum
1170 2359 1317 2447 gladium
1339 2358 1473 2425 atinde

361 2462 511 2549 producit
524 2470 647 2528 sectam
662 2470 724 2528 etc.

425 2565 472 2630 Et
499 2564 667 2630 Johsnnes
694 2564 790 2631 uenit
818 2574 854 2631 et
883 2564 1031 2632 defendit
1059 2572 1173 2631 contre
1197 2586 1273 2630 eum
1299 2572 1335 2629 et
1359 2573 1474 2631 contra

361 2676 485 2734 sectam
499 2690 593 2733 suem
607 2667 658 2733 et‘
672 2668 760 2755 quod
773 2670 903 2735 nullum
916 2668 1086 2735 denarium
1102 2668 1134 2734 ei
1144 2668 1243 2735 debet
1254 2691 1314 2734 nec
1324 2668 1472 2756 gladium

361 2781 397 2837 et
419 2772 514 2837 offert
538 2771 599 2837 hoc
623 2771 797 2839 defendere
822 2773 910 2838 sicut
934 2773 1025 2839 curia
1054 2772 1307 2838 considerauerit
1335 2780 1370 2837 et
1398 2773 1474 2839 ideo

361 2875 523 2942 defendit‘
536 2898 571 2941 se
585 2876 639 2962 xij.
655 2898 756 2942 manu
770 2885 805 2942 et
820 2876 933 2942 ueniat
948 2898 1022 2942 cum
1037 2877 1109 2964 lego
1124 2900 1144 2943 a
1158 2877 1211 2943 die
1226 2876 1348 2943 Pascha
1367 2876 1402 2941 iu
1417 2900 1471 2943 xv.

361 2978 438 3045 dies
483 2979 649 3046 Johannes
671 2979 766 3045 uenit
787 2987 828 3045 et·
845 2979 924 3046 feeit
945 2980 1052 3066 legem
1072 2988 1107 3045 et
1126 2978 1200 3045 ideo
1220 2987 1271 3045 est
1290 2979 1423 3065 quietus
1437 2988 1474 3045 11

363 3082 525 3149 fleur-icus
539 3083 574 3148 in
589 3082 815 3149 misericordia

426 3187 561 3253 'Emma
573 3210 638 3274 que
653 3188 717 3254 fuit
736 3211 818 3253 uxor
831 3188 971 3254 Welteri
990 3186 1050 3253 filii
1069 3186 1201 3253 Ricardi
1219 3187 1260 3253 de
1281 3188 1472 3275 Felebrigge

361 3315 421 3379 per
444 3299 647 3358 attornatum
668 3315 766 3358 suum
789 3292 876 3379 petit
897 3314 1012 3359 uersus
1035 3292 1211 3358 Ricardum
1237 3292 1278 3358 de
1302 3292 1474 3380 Felebrige

362 3404 513 3483 quartem
526 3404 654 3482 partem
669 3396 809 3463 duarum
823 3420 927 3465 carue.
941 3405 1028 3463 terre
1042 3419 1117 3462 cum
1131 3403 1213 3483 pert
1224 3396 1260 3461 in
1270 3395 1474 3483 Felebrigge,

363 3500 558 3579 Stauntona‚
581 3498 805 3585 Aylmertona,
829 3499 1023 3565 Suthstcdis
1050 3507 1086 3565 et
1115 3500 1266 3565 Mortona
1295 3506 1334 3563 ut
1362 3498 1474 3563 dotem

362 3625 455 3669 suem
484 3603 572 3668 unde
601 3604 767 3689 predictus
792 3604 959 3669 Walterus
988 3626 1062 3669 eom
1090 3602 1220 3671 dotauit
1249 3602 1302 3668 die
1328 3610 1388 3668 etc
1413 3624 1475 3688 per

362 3730 528 3773 assensum
551 3717 586 3774 et
608 3708 813 3775 uoluntatem
836 3708 982 3775 eiusdem
1004 3708 1137 3775 Ricardi
1157 3708 1259 3795 patris
1281 3707 1333 3773 sui
1354 3716 1415 3773 etc.
1437 3716 1474 3773 et

362 3810 440 3877 inde
453 3811 576 3897 profert
590 3819 713 3878 cartam
732 3812 879 3879 eiusdem
899 3814 1032 3879 Ricardi
1050 3836 1114 3901 que
1135 3813 1195 3879 hoc
1214 3812 1302 3879 idem
1322 3819 1473 3890 testatur,

363 3916 449 4003 quod
474 3915 631 3981 concessit
655 3914 762 3982 eidem
785 3916 930 3983 Walters
955 3917 1022 3983 filio
1048 3939 1106 3983 suo
1131 3917 1299 4003 adipeam
1322 3916 1472 3983 Emmam

363 4019 539 4085 dotandum
553 4018 658 4105 ipsam
672 4028 823 4106 quartam
838 4028 974 4107 partem.

398 4188 566 4240 1111110.
599 4166 665 4239 uuis
680 4190 787 4255 entryis
803 4190 893 4255 copied
975 4190 1102 4255 ³Supply
1112 4198 1144 4253 11,
1158 4190 1189 4240 Δ.

365 4254 463 4315 merely
478 4254 587 4304 besam
600 4254 630 4304 in
646 4254 669 4304 Δ
689 4255 736 4305 the
756 4255 831 4306 mark
853 4261 894 4307 set
974 4256 986 4289 ⁴
1003 4256 1062 4306 Om.
1073 4263 1105 4317 et,
1120 4257 1150 4309 Δ.

365 4316 468 4435 fficium
478 4318 524 4371 1111
534 4320 597 4372 next
607 4320 893 4383 casegoesalittletoo
975 4321 986 4419 Ζ
1002 4321 1211 4437 ffissfflm’
1225 4320 1255 4372 A.

398 4447 557 4499 ’.1111111
592 4450 781 4504 8110111711.
