3342 5217
493 18 634 92 11111111,
657 30 720 80 au.
744 18 838 93 1233,
861 28 922 81 aa.
949 14 1010 83 17.¹
1239 20 1299 79 581

194 204 284 270 illam
300 205 331 269 ei
346 204 437 269 dedit
451 205 505 269 uel
521 213 677 290 tanquam
695 202 700 290 Ι
720 204 852 268 domina
874 204 961 268 illius
984 203 1069 269 feodi
1091 206 1248 281 uendidit,
1264 214 1302 269 ut
1349 215 1395 265 [¹10
1404 214 1434 264 ti

195 310 371 374 Abbatissa
393 309 434 373 dc
458 310 621 396 Berkinge
645 308 733 385 dicit,
753 308 806 373 uel
830 332 887 394 per
905 309 1106 373 Willelmum
1133 309 1173 373 de
1196 310 1302 395 Ayete

194 413 395 476 auunculum
417 412 520 498 ipsius
542 412 686 490 Henrici‚
701 412 758 497 qui
776 412 957 476 custodiam
972 413 1061 477 illem
1078 413 1194 477 habuit
1209 422 1247 476 ut
1262 414 1303 477 de

196 524 283 580 terra
303 537 401 601 quam
425 530 519 600 pater
539 514 641 600 ipsius
664 515 799 578 Henrici
819 515 928 579 tenuit
948 515 983 579 111
997 516 1150 603 socca-gio,
1165 540 1203 580 eo
1219 516 1303 601 quod

195 618 283 683 idem
305 619 489 684 Willelmus
509 620 550 683 de
578 620 662 683 Aeto
686 618 896 705 propinquior
920 619 983 683 fuit
1010 620 1072 705 ipsi
1099 620 1240 684 Henrico
1264 644 1302 685 ex

195 731 288 807 parte
322 723 436 787 mat-ris
464 745 522 787 sue
552 732 587 788 et
616 731 730 808 postea
763 722 900 786 eundem
938 724 1118 788 custodiam
1155 724 1304 789 uendidit

195 825 339 909 predicto
368 825 507 889 Ricardo
533 833 572 889 ut
601 824 715 889 eadem
745 826 857 910 Agnes
885 824 975 901 dicit,
1001 834 1035 889 et
1064 827 1178 891 dicunt
1207 848 1304 912 super

193 937 433 993 sacramentum
455 929 573 993 011111ιῦΙ
623 928 722 1014 [quod
744 929 909 1013 predictus
929 930 1086 995 Ricardus
1102 931 1217 995 habuit
1232 954 1302 995 cus-

195 1032 317 1096 todiam
347 1032 491 1118 predicte
517 1041 601 1095 terre
628 1040 662 1095 et
687 1032 897 1118 maritagium
927 1034 1064 1118 predicti
1088 1034 1222 1098 Henrici
1246 1058 1303 1120 per

194 1137 297 1221 ipsam
314 1136 509 1202 Oristianam
525 1136 687 1222 quondam
703 1136 911 1200 Abbatissam
926 1138 983 1201 sed
998 1138 1162 1222 predictus
1177 1138 1301 1203 Willel-

194 1262 268 1303 mus
289 1238 331 1303 de
354 1238 439 1303 Aete
465 1237 628 1302 subtraxit
653 1237 835 1322 predictum
860 1238 1040 1303 Henricum
1066 1247 1138 1325 post
1164 1250 1301 1305 mortem

195 1342 354 1407 Gileberti
383 1343 486 1428 patris
513 1342 616 1427 ipsius
647 1342 781 1406 Henrici
809 1341 895 1407 sicut
925 1352 1078 1427 nepotem
1108 1364 1212 1407 suum.
1257 1345 1302 1409 Et

193 1447 315 1533 quesiti
342 1447 371 1511 si
400 1447 605 1512 addiscerent
633 1469 779 1532 unquam
809 1446 895 1532 quod
924 1447 1089 1531 prodictus
1117 1448 1301 1513 Willelmus

193 1551 329 1615 haberet
353 1550 534 1615 custodiam
558 1572 617 1635 per
637 1550 816 1635 predictam
840 1550 1058 1627 Abbatissam‚
1080 1552 1192 1617 dicunt
1215 1554 1301 1637 quod

192 1678 267 1731 non,
282 1654 359 1740 quia
381 1654 467 1718 idem
484 1653 666 1718 Willelmus
688 1676 856 1739 nunquam
878 1653 995 1717 habuit
1015 1655 1194 1720 custodiam
1213 1657 1301 1721 illius
1373 1720 1377 1729 ,

192 1768 279 1823 terre
294 1781 353 1822 nec
368 1757 506 1843 predicti
524 1757 658 1821 Henrici
676 1757 739 1821 nisi
759 1780 817 1843 per
838 1758 1091 1851 subtractionem
1113 1760 1300 1845 predictum.

193 1865 239 1927 Et
265 1863 386 1949 quesiti
407 1863 435 1927 si
457 1862 588 1948 aliquod
610 1862 767 1948 placitum
793 1871 878 1926 esset
905 1862 939 1927 in
965 1864 1054 1929 curia
1080 1866 1172 1929 Dom.
1202 1865 1301 1952 Regis

190 1968 225 2033 J.
241 1968 328 2032 inter
340 1967 542 2033 Willelmum
558 1966 599 2031 de
614 1966 712 2032 Aetio
727 1975 761 2031 et
776 1967 956 2053 predictam
976 1968 1172 2033 Cristianam
1191 1970 1301 2035 Abba-

193 2073 307 2137 tissam
333 2072 447 2135 dicunt
477 2072 564 2156 quod
591 2071 741 2136 nesciunt
766 2070 853 2157 quod
879 2072 1009 2158 aliquod
1035 2080 1119 2137 esset
1145 2074 1302 2159 placitum

192 2177 282 2240 inter
309 2198 372 2239 eos
438 2174 556 2239 Postea
585 2174 663 2259 quia
691 2174 902 2239 conuinctum
932 2182 981 2239 est
1015 2176 1103 2261 quod
1139 2176 1302 2263 predictus

192 2277 356 2342 Henricus
378 2278 441 2341 fuit
463 2276 497 2339 111
519 2276 666 2341 custodia
688 2276 849 2342 Oristiane
872 2264 1045 2343 Abbatisse
1063 2285 1098 2343 et
1119 2301 1177 2363 per
1198 2280 1303 2365 ipsam

191 2384 376 2459 maritatus,
406 2381 654 2447 Consideratum
684 2389 735 2445 cst
768 2382 856 2467 quod
889 2382 1064 2447 Abbatissa
1100 2383 1304 2467 recuperauit

189 2486 348 2550 saisinam
377 2506 470 2549 suam
500 2491 534 2548 et
564 2484 675 2569 Agnes
705 2485 739 2547 in
768 2484 993 2551 misericordia.
1056 2485 1099 2549 Et
1129 2485 1240 2571 Agnes
1270 2494 1304 2549 et

191 2591 355 2657 Osbertus
377 2591 477 2654 frater
497 2613 576 2654 suus
598 2597 795 2676 cognoscunt
816 2589 901 2674 quod
922 2589 1022 2654 nichil
1037 2589 1117 2653 iuris
1132 2590 1254 2653 habent
1268 2590 1303 2653 in

188 2694 344 2761 custodia
357 2694 414 2759 illa
428 2702 462 2758 et
482 2693 624 2758 reddunt
646 2693 752 2757 eidem
775 2693 949 2757 Abbatisse
974 2693 1176 2757 Gilebertum
1198 2692 1302 2757 filium

189 2800 334 2887 predicti
357 2798 492 2863 Henrici
514 2797 767 2885 primogenitum
791 2807 825 2862 et
847 2798 1031 2862 Johannam
1054 2797 1303 2884 primogenitam

188 2904 297 2968 filiam
330 2910 364 2966 et
397 2903 560 2988 Agnetem
599 2908 784 2987 postnatam
820 2900 922 2965 filiam
959 2899 1060 2985 ipsius
1097 2900 1239 2976 Henrici,
1269 2912 1303 2965 et

187 3007 360 3094 Dymania
388 3006 456 3071 filia
481 3006 587 3070 iunior
611 3009 757 3069 remanet
784 3004 818 3067 in
845 3004 992 3068 custodia
1017 3005 1130 3070 matris
1157 3029 1194 3071 oo
1219 3008 1304 3093 quod

186 3122 307 3179 tenere
323 3120 372 3175 est
388 3111 508 3194 etatis]

221 3266 230 3297 ¹
251 3266 324 3314 Here
339 3263 384 3312 the
401 3278 460 3312 cese
477 3262 505 3312 in
522 3262 567 3311 the
583 3262 722 3312 notebool(
772 3262 897 3323 0111101110
912 3279 973 3326 year
990 3263 1121 3325 specilied)
1138 3268 1210 3327 reyai
1228 3266 1303 3326 Rcyir

184 3331 267 3389 ends,
281 3328 722 3391 butositisinterastinglsnpply
774 3331 883 3377 Hernici
919 3329 1004 3378 beiore
1035 3328 1151 3379 Willinm
1186 3329 1303 3391 Raleigh.

184 3397 234 3447 tlre
253 3394 355 3445 verdict
371 3394 439 3442 from
460 3393 505 3442 the
527 3393 576 3443 roll
599 3393 639 3441 ior
660 3397 723 3441 next
774 3393 829 3442 The
852 3394 949 3443 Abbess
972 3394 1103 3442 recovered
1127 3394 1257 3457 uardship
1277 3396 1305 3442 oi

185 3459 368 3510 Michaelmas
379 3459 465 3518 Tem,
479 3458 572 3507 Coram
583 3458 652 3519 Rege
663 3458 723 3507 Boll
774 3459 818 3507 the
839 3458 896 3507 heir
918 3460 946 3508 oi
972 3474 1021 3507 oue
1043 3460 1101 3507 who
1123 3458 1184 3508 held
1206 3460 1303 3521 bytho

184 3530 237 3576 No.
250 3528 296 3581 40,
310 3540 345 3573 m.
359 3526 398 3575 17.
421 3524 543 3579 Bronton,
552 3525 570 3571 t.
583 3524 614 3571 35
624 3524 648 3580 b,
662 3537 722 3585 says
774 3522 869 3572 service
877 3523 905 3570 01
915 3524 1000 3585 riding
1010 3524 1071 3572 with
1080 3524 1127 3573 her
1136 3525 1202 3573 irom
1211 3540 1304 3573 monor

182 3594 248 3642 that
266 3590 344 3639 when
361 3588 424 3638 land
441 3588 464 3636 is
480 3588 542 3636 held
558 3588 588 3637 oi
602 3602 618 3636 a
634 3602 723 3636 mesne
774 3593 802 3637 to
819 3603 920 3637 monor.
955 3588 1016 3648 But,
1038 3588 1072 3637 he
1092 3605 1159 3651 seys,
1186 3589 1301 3651 Stephon

182 3657 245 3707 iord
257 3656 296 3719 by
308 3669 380 3704 some
396 3654 473 3703 small
490 3652 680 3714 serjeantydue
696 3657 724 3701 to
776 3654 885 3713 Segrave
901 3653 947 3702 did
964 3658 1010 3703 not
1028 3654 1179 3716 approvooi
1195 3654 1257 3703 this.
1292 3654 1305 3702 I

182 3724 254 3779 him,
268 3720 317 3770 tha
328 3718 386 3768 lord
396 3719 420 3767 is
431 3723 478 3768 not
489 3718 597 3767 entitled
608 3722 635 3767 10
644 3717 723 3767 ward·
776 3718 852 3766 think
870 3718 928 3768 that
946 3718 1000 3767 this
1016 3722 1086 3768 must
1103 3719 1134 3767 be
1147 3719 1192 3767 the
1204 3734 1262 3768 case
1274 3720 1302 3768 in

182 3790 259 3850 strip.
304 3785 347 3834 He
379 3785 444 3833 adds
477 3787 522 3845 (an
552 3782 724 3844 interpolated
775 3784 895 3844 question
924 3783 975 3832 and
1004 3783 1061 3833 that
1089 3800 1126 3833 wo
1154 3784 1214 3833 here
1240 3784 1304 3834 have

181 3856 268 3915 gloss,
294 3855 344 3900 not
366 3850 395 3898 in
417 3849 461 3897 the
484 3850 539 3898 best
561 3848 647 3905 MSS..
664 3849 725 3897 hera
775 3848 905 3910 Raloigli's
921 3848 1043 3898 deoision.
1079 3850 1188 3911 Segrave
1205 3853 1233 3899 at
1250 3850 1304 3898 this

181 3920 334 3968 ‹lislocatea
346 3914 390 3964 the
401 3915 466 3975 tert)
478 3913 536 3962 that
548 3913 592 3961 tha
603 3916 724 3974 contrary
776 3912 839 3962 time
851 3928 903 3962 uus
915 3913 958 3963 the
969 3913 1086 3975 justicinr
1103 3914 1196 3975 (primo
1213 3915 1302 3963 minis-

181 4000 240 4033 was
251 3981 319 4032 held
331 3979 411 4029 about
422 3994 457 4028 an
467 3977 601 4027 Abbessof
610 3977 725 4037 Barkiuq
774 3981 824 4037 ter)
843 3978 894 4026 and
912 3979 1035 4041 probably
1053 3979 1097 4028 did
1114 3984 1161 4028 1101
1185 3980 1303 4041 frequent

181 4055 256 4101 inter
269 4048 377 4111 placita
396 4060 460 4107 qaae
476 4050 616 4106 rrqrurntur
632 4045 723 4105 Reycru
775 4043 818 4092 the
830 4043 928 4093 Beuolr.
