3342 5217
477 104 596 161 etc.
686 96 774 161 Et
832 104 1213 183 preceptum
1272 104 1373 163 est
1421 94 1793 162 uicecomiti
1843 97 2016 183 quod
2078 98 2307 163 mittat
2351 98 2436 163 ad
2478 99 2693 187 ipsum

476 198 814 265 Herueum
858 200 972 287 iiij.
1026 201 1271 265 milites
1320 201 1405 266 ad
1464 201 1862 267 audiendum
1922 202 1979 266 si
2037 211 2245 267 ratam
2305 202 2538 268 habuit
2593 224 2694 268 re-

475 303 883 387 sponsionem
912 325 1108 388 quam
1154 303 1330 368 idem
1360 303 1678 369 Richerus
1707 304 1862 369 fecit
1902 327 2018 389 pro
2048 327 2125 369 eo
2155 312 2225 369 et
2267 305 2410 370 illos
2454 305 2694 370 habeat

475 413 640 488 aput
662 404 1317 470 westmonasterium
1347 406 1427 469 ad
1448 405 1817 491 predictum
1849 406 2202 471 terminum
2226 407 2309 472 ad
2340 408 2692 472 testifican-

476 506 652 583 dum,
700 516 767 572 et
818 507 875 573 si
932 508 1147 595 ipsum
1206 530 1443 593 ponere
1506 508 1791 573 uoluerit
1849 509 1988 573 1000
2047 531 2164 573 suo
2215 510 2324 574 uel
2371 510 2572 575 alium
2626 518 2694 575 et

478 634 677 698 quem
697 612 730 675 ¹.

230 726 377 788 845.
610 716 912 781 Oliuerus
954 716 1036 781 (16
1081 716 1421 782 Auencurt
1463 716 1676 803 petit²
1712 717 2074 782 Robertum
2120 719 2575 784 Marescallum
2619 727 2690 784 et
2802 730 2936 771 Buch-

480 818 796 884 Leticiam
825 842 1091 885 uxorem
1122 820 1263 884 eius
1291 821 1656 885 custodiam
1687 822 1733 887 J
1734 821 2007 888 ohannis
2036 821 2158 886 filii
2181 830 2250 886 et
2272 821 2527 888 heredis
2547 821 2693 886 Ade
2796 885 2801 889 .

479 922 561 987 de
592 923 657 987 la
687 923 891 988 Stoke
923 922 1108 987 cuius
1152 923 1449 987 custodia
1490 924 1574 988 ad
1617 924 1834 1010 ipsum
1863 925 2168 1010 pertinet,
2198 949 2274 991 eo
2304 926 2476 1012 quod
2518 926 2694 991 idem

477 1027 627 1091 Ada
667 1027 749 1092 de
794 1050 872 1091 eo
916 1028 1135 1092 tenuit
1178 1034 1295 1113 per
1337 1028 1687 1092 seruicium
1735 1029 2033 1095 militare.
2124 1031 2213 1096 Et
2257 1030 2585 1095 Robertus
2625 1037 2695 1094 et

478 1130 729 1195 Leticia
785 1139 1189 1195 uocauerunt
1242 1130 1394 1195 inde
1438 1130 1524 1196 ad
1567 1140 1928 1197 warantum
1973 1132 2330 1197 Radulfum
2372 1133 2581 1197 filium
2626 1140 2695 1197 et

477 1233 782 1299 heredem
827 1234 1103 1300 Galfridi
1160 1233 1241 1299 de
1300 1235 1750 1316 Querendona,
1801 1236 1914 1323 qui
1966 1245 2064 1301 est
2115 1236 2285 1302 infra
2334 1245 2578 1302 etatem
2627 1245 2695 1301 et

475 1337 547 1404 in
575 1338 869 1403 custodia
896 1338 1215 1425 Margerie
1246 1339 1472 1404 matris
1512 1362 1645 1418 sue,
1676 1364 1804 1426 que
1848 1341 2036 1405 uenit
2079 1349 2148 1406 et
2191 1340 2536 1427 respondet
2579 1361 2694 1425 pro

477 1465 571 1520 eo,
600 1451 671 1508 et
698 1443 858 1507 dicit
888 1443 1061 1529 quod
1091 1444 1422 1530 predictus
1452 1446 1599 1510 Ada
1628 1445 1733 1511 die
1766 1468 1894 1531 quo
1917 1445 2044 1510 fuit
2073 1444 2269 1510 uiuus
2299 1452 2368 1509 et
2398 1453 2693 1509 mortuus

477 1547 679 1610 ullam
696 1545 718 1577 ⁸
761 1555 1003 1612 terram
1046 1569 1177 1612 non
1220 1549 1439 1614 tenuit
1468 1551 1550 1615 de
1594 1550 1736 1636 ipso
1782 1550 2048 1615 01111610
2077 1549 2149 1614 111
2177 1547 2546 1613 Wuburnia
2572 1568 2694 1612 nec

477 1649 657 1727 alibi,
687 1672 807 1715 nec
836 1650 905 1714 in
935 1649 1272 1728 (1011110100,
1305 1674 1424 1717 1160
1452 1652 1522 1716 111
1551 1652 1839 1719 561111010.

609 1754 697 1818 Et
728 1753 1032 1819 Oliuerus
1060 1754 1220 1819 dicit
1252 1755 1425 1841 quod
1453 1755 1628 1819 idem
1658 1754 1808 1819 Ada
1853 1755 2072 1819 tenuit
2100 1754 2182 1820 de
2229 1777 2305 1820 eo
2346 1754 2693 1840 aliquando

476 1865 728 1921 sextam
756 1865 1009 1942 partem
1033 1856 1203 1922 feodi
1232 1857 1427 1921 unius
1455 1857 1687 1922 militis
1715 1857 1785 1921 in
1809 1857 2177 1922 Wubumia
2204 1880 2321 1944 per
2347 1856 2694 1923 seruicium

476 1960 775 2039 militare,
806 1969 875 2025 et
913 1961 1051 2046 ipse
1081 1970 1308 2048 postea
1349 1962 1419 2027 id
1449 1962 1621 2048 quod
1665 1962 1900 2028 habuit
1943 1963 2013 2027 in
2056 1961 2377 2028 dominico
2423 1960 2696 2026 tradidit

477 2071 757 2148 quatuor
785 2063 1156 2128 hominibus
1185 2086 1302 2150 per
1330 2072 1581 2129 certum
1625 2065 1991 2143 semicium,
2024 2065 2153 2130 scil.
2186 2066 2477 2130 Waltero
2505 2064 2587 2129 de
2632 2064 2697 2129 la

477 2163 660 2228 Lude
701 2171 772 2229 et
800 2164 1106 2229 fratribus
1145 2166 1298 2243 suis,
1326 2166 1423 2230 ita
1467 2166 1639 2253 quod
1684 2190 1852 2232 anno
1896 2176 1966 2233 et
2010 2167 2116 2232 die
2161 2190 2289 2254 quo
2332 2166 2506 2232 idem
2548 2165 2697 2231 Ada

475 2267 603 2332 suit
646 2266 842 2331 uiuus
889 2274 959 2331 et
1019 2275 1317 2333 mortuus
1376 2269 1669 2334 fecerunt
1728 2269 1854 2355 ipsi
1905 2278 2184 2356 quatuor
2239 2270 2569 2335 Walterus
2628 2278 2697 2334 et

475 2372 589 2438 6111
646 2372 993 2436 5611110111111
1052 2394 1245 2437 51111111
1303 2374 1593 2459 predicto
1650 2373 1815 2450 Ade,
1859 2381 1928 2437 et
1987 2373 2162 2437 idem
2207 2372 2358 2438 Ada
2402 2373 2693 2458 predicto

479 2474 761 2551 Oliuero,
790 2483 860 2539 et
888 2474 1041 2540 inde
1072 2475 1259 2561 ponit
1287 2498 1357 2539 se
1386 2498 1581 2561 super
1608 2474 1906 2560 patriam.

609 2580 697 2643 Et
741 2580 1067 2666 Margeria
1095 2579 1257 2644 dicit
1285 2580 1459 2665 quod
1494 2581 1660 2645 bene
1704 2586 1923 2665 potest
1968 2601 2105 2644 esse
2150 2579 2324 2665 quod
2366 2579 2696 2665 predictus

77 2686 78 2713 ¹
477 2681 629 2746 Ada
666 2680 1015 2768 aliquando
1050 2683 1269 2747 tenuit
1310 2683 1391 2748 de
1435 2683 1576 2769 ipso
1617 2682 1900 2760 Oliuer0‚
1929 2681 2043 2746 sed
2073 2704 2301 2747 reuera
2328 2704 2445 2767 per
2471 2681 2696 2746 decem

72 2730 78 2889 Ι
480 2808 681 2850 6111105
740 2793 896 2850 ante
954 2793 1233 2850 mortem
1291 2808 1494 2862 suam,
1538 2785 1695 2871 quia
1752 2792 2202 2850 tenementum
2253 2784 2418 2849 illud
2463 2784 2592 2848 fuit
2635 2783 2700 2848 ei

480 2912 835 2968 onerosum,
864 2889 1051 2954 uenit
1097 2890 1182 2954 ad
1224 2890 1441 2976 ipsum
1487 2890 1828 2956 Oliuerum
1874 2898 1942 2954 et
1986 2887 2270 2953 reddidit
2313 2888 2376 2953 ei
2420 2895 2490 2952 et
2519 2886 2698 2973 quie-

479 3001 626 3057 tum
655 2992 966 3057 clamauit
996 3000 1214 3056 totum
1245 2999 1698 3058 tenementum
1730 2993 1901 3079 quod
1942 2992 2174 3058 habuit
2217 2992 2288 3057 in
2318 2991 2701 3067 Wuburnia,

75 3137 76 3140 =
480 3104 751 3182 excepto
795 3118 926 3160 uno
977 3095 1347 3161 molendino
1393 3096 1567 3182 quod
1614 3095 1834 3161 tenuit
1885 3096 1954 3160 in
1998 3095 2360 3182 soccagium
2413 3103 2482 3160 et
2529 3094 2701 3180 quod

72 3211 77 3266 1
477 3199 893 3287 postmodum
938 3199 1123 3265 dedit
1165 3200 1457 3266 Abbacie
1502 3200 1584 3266 de
1630 3200 2055 3265 Messendene
2100 3209 2243 3279 etc„
2275 3207 2345 3263 et
2386 3198 2486 3264 ita
2527 3196 2701 3284 quod

479 3326 649 3369 anno
694 3311 763 3369 et
802 3303 909 3368 die
949 3326 1079 3390 quo
1118 3303 1247 3367 fuit
1292 3303 1489 3369 uiuus
1530 3312 1600 3368 et
1633 3311 1931 3369 mortuus
1966 3302 2221 3367 nullum
2262 3300 2478 3366 tenuit
2519 3308 2699 3365 tene-

479 3414 777 3472 mentum
802 3404 882 3471 de
905 3405 1046 3492 ipso
1070 3406 1336 3472 Oliuero
1356 3429 1474 3492 per
1489 3406 1837 3471 seruicium
1860 3406 2158 3471 militare.
2235 3404 2324 3469 Et
2344 3403 2496 3468 inde
2513 3403 2701 3489 ponit

478 3532 549 3575 se
580 3530 777 3595 super
810 3508 1091 3594 patriam
1136 3517 1207 3573 et
1246 3509 1552 3574 Oliuerus
1591 3508 1906 3578 similiter.
1999 3510 2088 3574 Et
2130 3508 2276 3573 ideo
2320 3514 2700 3593 preceptum

478 3613 851 3679 uicecomiti
896 3612 1071 3699 quod
1114 3635 1328 3678 coram
1375 3636 1452 3679 eo
1498 3621 1569 3678 et
1620 3637 1835 3679 coram
1893 3612 2270 3679 custodibus
2314 3611 2700 3697 placitorum

480 3739 707 3782 corone
739 3716 963 3781 uenire
994 3715 1189 3782 faciat
1218 3716 1327 3802 xij.
1359 3716 1441 3781 de
1472 3717 1730 3805 uisneto
1760 3717 1842 3782 de
1871 3714 2242 3781 Wuburnia
2269 3736 2386 3801 per
2414 3736 2574 3801 quos
2601 3713 2699 3779 rei

73 3818 74 3827 ’
481 3821 726 3887 ueritas
755 3829 874 3887 etc.
907 3821 992 3886 ad
1026 3821 1611 3913 recognoscendum
1652 3843 1849 3907 super
1886 3827 2361 3887 sacramentum
2405 3840 2597 3883 suum
2643 3818 2699 3882 si

721 3948 742 3981 ¹
776 3948 866 4000 Br.
892 3948 926 4001 f.
957 3948 1053 3999 861
1070 3948 1121 3999 b.
1383 3948 1405 3981 ²
1439 3948 1637 4013 Supply
1659 3965 1850 4000 ueram.
2111 3947 2134 3981 ⁸
2167 3948 2240 3999 01·
2258 3949 2468 3999 nullam.

3217 4449 3267 4495 ,1
