3342 5217
393 448 454 508 100
578 459 708 510 mmai
730 461 803 510 ssu
826 463 962 524 nassas,
985 464 1049 513 au.
1074 451 1167 525 1220,
1189 464 1254 512 aa.
1280 451 1308 511 4.

389 631 519 696 clesiam
540 630 581 696 de
606 630 859 697 Fulmodestona
881 655 944 719 que
968 641 1064 698 uacat
1086 641 1125 698 ut
1147 633 1274 711 dicitur,
1297 633 1385 698 unde
1406 632 1490 698 idem

391 734 481 799 Prior
508 734 655 820 queritur
678 734 765 820 quod
791 757 867 800 eum
893 735 1014 800 iniuste
1038 735 1165 822 inpedit
1188 759 1226 801 eo
1250 735 1335 822 quod
1361 735 1492 801 donacio

390 837 478 903 illius
493 836 624 902 ecclesie
640 836 681 902 ad
696 859 773 901 eum
788 845 921 923 spectat.
942 837 947 923 Ι

279 957 330 1006 [ιδ-1
456 943 500 1006 Et
515 943 679 1006 Walterus
694 943 786 1006 uenit
807 952 841 1008 et
861 942 941 1007 dicit
956 942 1042 1028 quod
1062 966 1127 1007 non
1144 942 1242 1007 debet
1262 942 1303 1008 ad
1321 942 1380 1007 hoc
1394 941 1492 1006 breue

229 1060 351 1146 {illm
390 1044 589 1131 respondere,
605 1046 681 1132 quia
702 1045 802 1111 breue
824 1046 905 1111 dicit
926 1045 969 1111 ad
990 1046 1239 1133 ecclesiamque
1261 1057 1356 1113 uacat
1378 1056 1437 1112 etc
1459 1057 1492 1111 et

227 1148 523 1214 srancodecelesia
544 1172 609 1214 non
634 1157 731 1214 uacat
759 1149 859 1214 immo
889 1150 1064 1216 (laufridus
1092 1151 1133 1215 de
1163 1151 1313 1238 Hasting'
1338 1161 1389 1216 est
1417 1150 1491 1216 inde

229 1201 327 1238 rescribat
335 1201 352 1239 sl

227 1247 347 1350 ffiilssffl‘
389 1275 524 1339 persona
548 1263 582 1318 et
608 1252 761 1318 initiam
784 1275 841 1318 sex
864 1254 957 1318 annis
981 1254 1151 1319 transactis
1177 1263 1212 1319 et
1236 1255 1307 1319 ideo
1331 1278 1395 1319 non
1419 1255 1492 1319 uult

228 1341 369 1426 ili⁵‘⁰¹¹¹¹¹'⁰'
389 1360 579 1447 respondere
595 1361 657 1426 nisi
673 1361 762 1425 curia
776 1361 1033 1426 considerauen't.

454 1463 498 1527 Et
520 1462 611 1527 Prior
632 1461 712 1526 dicit
734 1462 820 1548 quod
843 1472 939 1527 uacat
961 1470 995 1526 et
1017 1463 1045 1526 si
1064 1463 1181 1549 aliquis
1204 1463 1293 1527 illam
1313 1471 1413 1537 tenet,
1434 1461 1492 1526 hoc

388 1587 453 1629 non
474 1573 525 1629 est
546 1587 605 1651 per
623 1565 768 1650 aliquem
790 1564 995 1642 aduocatum,
1010 1588 1068 1629 nec
1090 1587 1149 1651 per
1170 1565 1355 1650 episcopum
1375 1564 1436 1629 loci
1458 1573 1492 1628 et

388 1667 460 1732 ideo
475 1667 571 1732 datus
586 1674 636 1732 est
651 1667 698 1731 eis
713 1666 782 1731 dies
797 1676 856 1731 etc
872 1666 913 1730 de
927 1666 1088 1731 audiendo
1103 1665 1222 1730 iudicio
1236 1689 1294 1731 suo
1309 1675 1343 1731 et
1360 1667 1491 1731 interim

388 1771 553 1857 perquirat
576 1771 741 1836 Walterus
761 1771 814 1836 uel
832 1794 969 1858 persona
987 1772 1096 1836 literas
1117 1770 1257 1856 episcopi
1280 1779 1431 1856 patentes
1449 1770 1491 1835 ad

388 1874 628 1940 testificandum
643 1884 754 1938 utrum
771 1882 867 1938 uacat
882 1896 941 1938 nec
955 1896 1003 1938 ne.

452 1979 577 2044 ’Abbas
606 1979 646 2044 de
676 1979 933 2043 Theokesburia⁸
960 2001 1019 2064 per
1047 1986 1248 2043 attornatum
1278 2001 1374 2043 suum
1406 1978 1491 2064 petit

277 2083 343 2112 ”⁸³⁰⁸
387 2105 499 2148 uersus
535 2084 573 2148 R
604 2083 798 2169 Episcopum
829 2082 984 2148 Cicestrie
1021 2083 1265 2148 aduocationem
1300 2084 1422 2170 capelle
1450 2083 1491 2148 de

387 2188 590 2274 Kingestona
604 2197 643 2252 ut
660 2188 712 2252 ius
732 2187 864 2252 ecclesie
886 2210 944 2252 sue
967 2196 1026 2251 etc.
1043 2201 1078 2252 et
1099 2196 1138 2252 ut
1159 2189 1249 2252 illam
1271 2189 1358 2253 unde
1381 2188 1491 2253 Abbas

386 2292 590 2357 Fromundus
604 2291 807 2378 predecessor
821 2315 899 2357 suus
914 2292 978 2357 fuit
999 2291 1129 2357 seisitus
1150 2301 1189 2357 ut
1204 2292 1245 2357 de
1267 2292 1336 2357 iure
1359 2294 1491 2358 ecclesie

386 2417 443 2459 sue
480 2403 624 2480 tempore
655 2394 789 2459 Hemici
822 2394 922 2480 Regis
950 2395 1006 2458 aui
1034 2394 1157 2459 domini
1191 2395 1300 2481 Regis,
1328 2394 1377 2460 ita
1406 2396 1492 2481 quod

387 2499 590 2583 presentauit
618 2497 791 2585 quemdam
822 2499 987 2585 Rogerum
1016 2498 1168 2563 clericum
1198 2499 1256 2585 qui
1284 2499 1326 2564 ad
1361 2522 1490 2585 presen-

388 2603 547 2667 tacionem
585 2625 676 2666 suam
710 2602 774 2666 fuit
803 2601 972 2678 admissus,
1000 2601 1156 2686 capiendo
1185 2603 1261 2667 inde
1290 2604 1421 2689 expleta
1449 2603 1490 2669 ad

388 2707 567 2772 ualenciam
583 2706 691 2772 dimid
708 2729 749 2771 m.
765 2715 804 2770 ut
819 2728 859 2770 ex
881 2705 1100 2771 oblacionibus
1115 2715 1150 2771 ct
1170 2707 1355 2772 huiusmodi
1375 2717 1410 2773 et
1432 2709 1491 2772 hoc

388 2810 482 2874 offert
497 2809 693 2874 diracionarc
709 2817 768 2874 etc.

453 2914 497 2979 Et
513 2913 690 3000 Episcopus
704 2935 762 2999 per
775 2921 978 2977 attornatum
993 2935 1089 2977 suum
1109 2912 1202 2977 uenit
1224 2921 1259 2977 et
1273 2912 1419 2979 defendit
1440 2915 1492 2979 ius

387 3039 483 3082 suum
510 3027 544 3082 et
569 3017 658 3093 dicit,
685 3015 771 3103 quod
797 3016 932 3080 ecclesia
956 3015 1013 3080 illa
1038 3023 1089 3080 est
1112 3015 1236 3100 capella
1260 3016 1426 3102 pertinens
1449 3017 1491 3083 ad

388 3122 554 3187 eeclesiam
583 3121 623 3186 de
654 3121 809 3206 Feringes
839 3143 902 3206 que
932 3128 982 3183 est
1010 3117 1175 3204 prebenda
1203 3120 1335 3185 ecclesie
1364 3144 1422 3186 sue
1451 3121 1491 3186 de

388 3225 545 3292 Oicestria
557 3224 599 3289 de
614 3223 789 3288 donacione
809 3245 877 3299 sua,
891 3222 978 3287 unde
1001 3221 1134 3286 uidetur
1155 3221 1186 3286 ei
1201 3222 1287 3308 quod
1307 3246 1371 3287 non
1393 3224 1492 3289 debet

388 3331 419 3394 ei
433 3327 632 3414 respondere,
649 3349 686 3391 eo
701 3325 787 3412 quod
802 3333 898 3390 uocat
913 3347 985 3389 eam
1000 3325 1156 3410 capellam
1171 3325 1205 3389 in
1220 3324 1313 3390 breui
1330 3350 1389 3391 suo
1408 3335 1443 3392 et
1462 3329 1491 3393 si

387 3432 446 3497 hoc
461 3454 525 3496 non
541 3430 667 3506 sufficit,
682 3429 775 3515 ponit
789 3451 823 3494 se
838 3429 875 3493 in
889 3451 1041 3516 magnam
1056 3429 1188 3494 assisam
1203 3428 1326 3494 domini
1341 3431 1441 3518 Regis
1455 3442 1491 3498 ct

387 3534 471 3620 petit
497 3533 751 3620 recognicionem
777 3531 848 3596 fieri
873 3540 986 3596 utrum
1009 3531 1078 3617 ipse
1104 3531 1209 3596 maius
1234 3532 1286 3596 ius
1311 3532 1430 3598 habeat
1455 3535 1491 3599 in

386 3637 599 3702 aduocacione
624 3636 712 3701 illius
741 3637 864 3722 capelle
895 3644 934 3700 ut
959 3635 1153 3721 pertinentis
1181 3635 1223 3700 ad
1253 3637 1419 3702 ecclesiam
1448 3639 1490 3704 de

386 3742 541 3828 Feringes
555 3741 609 3805 uel
624 3740 711 3805 idem
726 3739 846 3804 Abbas

451 3847 495 3910 Et
531 3843 643 3910 Abbas
676 3866 734 3931 per
762 3851 965 3908 attornatum
994 3865 1090 3907 suum
1118 3841 1198 3907 dicit
1227 3844 1314 3929 quod
1342 3844 1396 3908 die
1426 3868 1490 3931 quo

386 3948 589 4014 Fromundus
619 3947 731 4012 Abbss
757 3948 820 4012 fuit
850 3946 981 4011 seisitus
1010 3945 1051 4011 de
1079 3946 1292 4011 aduocacione
1320 3947 1377 4011 illa
1405 3948 1491 4013 sicut

386 4054 569 4140 predictum
605 4060 664 4129 est,
694 4051 758 4116 fuit
787 4051 911 4136 capella
938 4049 996 4114 illa
1025 4049 1158 4115 eeclesia
1186 4049 1308 4114 habens
1337 4051 1492 4138 quicquid

385 4157 502 4222 matrix
525 4154 658 4220 ecclesia
680 4153 798 4218 habere
819 4151 942 4229 debuit,
958 4161 992 4216 et
1014 4152 1042 4216 si
1066 4151 1242 4237 Episcopus
1266 4161 1379 4238 postea
1400 4154 1491 4219 illam

418 4341 426 4373 ¹
444 4341 466 4390 Δ
483 4341 551 4390 word
570 4341 709 4407 (donbtless
724 4341 845 4406 episcopo)
861 4341 911 4392 has
960 4339 1082 4404 bringing
1098 4355 1133 4389 an
1149 4340 1233 4391 assiae
1249 4340 1290 4390 lor
1306 4355 1322 4391 a
1338 4341 1430 4404 chapel
1447 4357 1490 4392 see

385 4406 461 4458 {adad
472 4421 552 4469 away.
960 4405 1003 4454 Br.
1017 4406 1036 4454 l.
1048 4407 1094 4453 241
1107 4406 1132 4454 b.

417 4473 428 4504 ²
443 4473 473 4520 Δ.
486 4487 521 4520 m.
534 4473 564 4520 24
577 4471 610 4532 d;
627 4471 657 4520 B.
670 4485 704 4520 m.
724 4473 754 4521 19
771 4471 796 4522 d.
829 4473 865 4519 As
882 4476 909 4520 to
993 4472 1003 4502 ³
1022 4472 1193 4535 Tytvkuttr',
1206 4471 1237 4520 B.
