3342 5217
361 347 424 411 328
656 356 793 415 unsrun,
816 355 880 404 no.
905 341 998 416 1230,
1021 355 1084 405 sn
1108 343 1156 406 14.

361 535 413 602 sui
442 542 477 600 et
505 539 684 620 antequam¹
710 538 829 598 terrem
858 531 949 597 illam
978 531 1146 598 amitteret
1175 539 1210 597 et
1238 532 1318 598 dum
1343 531 1407 597 fuit
1427 530 1463 596 in

361 639 479 704 seisino
506 637 639 703 uocauit
660 636 767 723 ipsum
789 635 954 702 Abbntem
983 635 1025 701 ad
1054 643 1234 702 warantum
1263 637 1349 724 petit
1377 634 1463 723 quod

362 743 460 808 societ
474 741 504 807 ei
519 741 717 807 escambium
732 740 774 806 od
788 740 970 806 uolenciom
985 747 1044 806 etc

427 846 471 910 Et
485 845 597 910 Abbos
611 867 668 931 per
682 852 884 910 attornstum
899 867 995 910 suum
1010 845 1103 910 uenit
1123 853 1157 910 et
1176 843 1338 931 cognoscit
1359 850 1464 908 certos

361 951 433 1015 illas
448 958 482 1015 et
496 949 576 1015 dicit
591 949 677 1037 quod
691 972 756 1016 non
770 949 870 1014 debet
884 957 1004 1015 terram
1019 950 1109 1022 illam
1124 949 1156 1016 ei
1166 949 1372 1016 warentizore
1387 948 1465 1034 quis

362 1055 526 1140 predictus
545 1055 691 1141 Rogerus
710 1077 878 1140 nunquam
900 1054 964 1120 fuit
985 1055 1020 1120 in
1042 1055 1161 1121 seisins
1181 1055 1222 1121 de
1244 1053 1357 1120 endem
1379 1061 1466 1116 term

362 1179 420 1243 per
434 1163 538 1221 cartas
552 1156 624 1221 illos
639 1163 674 1220 et
694 1180 753 1243 per
771 1155 894 1221 donum
916 1157 998 1222 illud
1019 1157 1083 1223 nisi
1104 1180 1162 1244 per
1183 1155 1344 1244 quendam
1366 1156 1464 1220 finem

363 1283 460 1347 quem
481 1261 549 1348 ipse
569 1261 714 1347 Rogerus
737 1261 814 1327 fecit
837 1284 911 1326 oum
934 1261 1073 1348 quodem
1096 1262 1237 1349 Hugone
1259 1260 1373 1325 clerico
1394 1282 1465 1346 pre-

362 1364 525 1432 decessore
540 1365 676 1452 predicti
691 1366 848 1431 Willelmi
862 1365 903 1432 de
919 1366 1015 1432 Kouc
1029 1365 1070 1432 de
1085 1367 1232 1453 predicto
1245 1374 1337 1432 terra

429 1472 473 1536 Et
492 1471 648 1536 Paulinus
669 1470 762 1536 uenit
782 1479 817 1536 et
837 1471 1000 1559 cognoscit
1014 1471 1113 1537 finem
1128 1479 1178 1538 set
1192 1471 1272 1537 dicit
1287 1469 1373 1558 quod
1392 1469 1467 1534 finis

364 1576 468 1640 factus
496 1575 560 1639 fuit
591 1582 736 1660 tempore
766 1574 865 1662 Regis
894 1573 1024 1640 Ricardi
1054 1597 1117 1662 quo
1138 1574 1226 1641 idem
1248 1574 1359 1639 Abbns
1380 1572 1469 1658 oepit

365 1687 482 1746 terram
497 1678 587 1743 illsm
602 1678 637 1743 in
651 1701 784 1743 manum
799 1701 892 1744 suam
906 1700 981 1744 cum
996 1679 1130 1744 ecclesio
1142 1678 1184 1744 de
1204 1677 1469 1765 Thuddingduno

364 1791 398 1849 et
427 1790 516 1850 carto
543 1783 584 1848 de
613 1783 807 1848 feofamento
837 1784 923 1849 facts
951 1785 1077 1872 Rogero
1106 1783 1192 1870 patri
1216 1806 1275 1849 suo
1297 1785 1383 1849 facta
1403 1782 1469 1847 fuit

364 1897 509 1974 tempore
525 1888 625 1976 Regis
639 1888 663 1953 J
663 1888 797 1954 ohannis
813 1897 872 1954 etc

308 2047 315 2062 .
428 1992 452 2057 J
452 1992 594 2058 ohannes
614 1992 655 2057 de
669 1992 763 2057 Valle
784 1993 883 2058 Torta
897 1993 982 2078 petit
1000 2014 1113 2057 uersus
1127 1991 1306 2059 Robertum
1320 1990 1361 2056 de
1377 1990 1471 2056 Bello

365 2096 489 2183 Campo
510 2095 591 2162 duas
613 2117 713 2161 carue.
737 2103 821 2161 terre
844 2119 919 2162 cum
948 2104 1029 2182 pert
1052 2097 1087 2161 in
1118 2095 1321 2182 Shepertonn
1349 2102 1388 2160 ut
1416 2095 1470 2160 ius

365 2223 460 2266 suum
490 2207 549 2266 otc
580 2198 666 2265 unde
695 2199 862 2265 Johnnnes
890 2199 931 2266 de
956 2200 1150 2265 Wolletorto
1177 2206 1271 2286 peter
1298 2222 1377 2265 suus
1406 2199 1472 2265 fuit

365 2304 494 2370 seisitus
508 2305 542 2369 in
557 2303 717 2370 dominico
732 2327 790 2370 suo
804 2310 845 2370 ut
858 2304 899 2370 de
915 2303 1008 2370 feodo
1022 2312 1056 2370 et
1071 2305 1142 2370 iure
1157 2312 1302 2391 tempore
1321 2304 1353 2370 J.
1368 2304 1471 2391 Regis

365 2409 466 2496 patris
485 2410 577 2476 Dom
594 2411 701 2497 Regis,
716 2418 750 2476 et
770 2418 915 2497 tempore
935 2411 1024 2498 pacis
1043 2419 1113 2488 etc,
1132 2410 1289 2497 capiendo
1310 2410 1385 2475 inde
1407 2418 1470 2475 etc

366 2520 400 2578 et
429 2512 469 2578 de
498 2512 642 2600 predicto
672 2513 822 2579 Johanne
853 2514 1020 2579 descendit
1048 2513 1099 2579 ius
1124 2521 1210 2579 tenc
1230 2513 1319 2579 illius
1339 2513 1470 2579 cuidam

366 2617 503 2682 Ricordo
533 2624 571 2683 ut
600 2617 666 2683 filio
695 2640 753 2683 suo
782 2617 998 2704 primogenito
1027 2624 1062 2682 et
1087 2616 1207 2694 heredi,
1229 2625 1264 2681 et
1285 2617 1363 2704 quin
1382 2616 1470 2682 idem

203 2731 355 2828 maffi-
367 2721 523 2786 Ricardus
546 2721 626 2787 obiit
648 2722 717 2788 sine
738 2722 855 2787 herede
876 2722 917 2787 de
938 2744 1067 2808 corpore
1087 2744 1154 2799 suo,
1169 2722 1245 2786 huic
1265 2721 1409 2787 Johauni
1430 2728 1472 2785 ut

204 2827 355 2914 fflgffi
367 2825 459 2890 fratri
487 2834 522 2890 et
551 2825 663 2891 heredi
688 2837 755 2903 suo,
778 2834 812 2891 et
834 2825 921 2912 quod
943 2825 1109 2891 Johennes
1130 2825 1195 2890 fuit
1215 2825 1265 2890 ita
1285 2824 1414 2890 seisitus
1434 2833 1473 2889 et

204 2919 348 3008 mii*
368 2928 453 3016 quod
468 2931 533 2995 tole
548 2930 657 2996 eitius
672 2952 767 2996 suum
780 2931 874 2996 offert
885 2930 1098 2996 dismcionorc
1109 2951 1292 3015 percorpus
1302 2927 1472 2994 cuiusdam

205 3014 355 3102 tim&
368 3035 461 3102 uses
472 3036 611 3102 homnis
626 3036 677 3102 sui
691 3036 822 3102 meam
837 3037 877 3103 de
893 3037 1095 3102 newercam
1110 3036 1167 3123 qui
1182 3035 1267 3101 uidit
1286 3035 1471 3121 prensum

205 3109 352 3204 iridoffin·
368 3139 550 3205 Johannem
565 3138 641 3205 inde
655 3139 802 3204 seisitum
817 3140 874 3226 qui
888 3140 948 3206 hoc
963 3140 1057 3205 offert
1071 3138 1283 3204 disracionore
1294 3147 1330 3204 et
1340 3137 1419 3203 side
1431 3159 1471 3202 eo

205 3202 349 3336 {fgffiu‘ffi‘
368 3243 452 3309 male
467 3243 639 3330 contigerit
652 3265 710 3329 per
724 3244 824 3309 olium
841 3253 900 3310 etc.

205 3342 356 3429 mim
434 3346 478 3411 Et
492 3346 653 3412 Robertus
668 3348 761 3412 uenit
775 3356 810 3414 et
826 3347 1043 3420 defenditius
1057 3369 1154 3413 suum
1173 3367 1259 3412 nunc
1278 3353 1314 3411 et
1334 3345 1415 3411 ulios
1435 3355 1473 3411 et

206 3435 346 3568 3ῗῶἙῶ
369 3448 519 3516 seisinam
539 3451 563 3516 J
563 3451 698 3516 ohannis
717 3460 751 3517 et
765 3452 903 3538 predicti
918 3451 1049 3518 Ricordi
1062 3459 1102 3516 ut
1117 3451 1157 3516 de
1172 3451 1242 3517 iure
1256 3459 1292 3515 et
1306 3444 1415 3516 totum
1428 3450 1472 3516 de

207 3532 352 3616 ttnt‘tmt.
370 3555 469 3620 uerbo
497 3554 533 3619 in
563 3556 699 3621 uerbum
726 3578 785 3642 per
809 3579 924 3642 corpus
946 3555 1114 3623 cuiusdam
1136 3555 1230 3621 liberi
1251 3553 1390 3619 hominis
1411 3553 1473 3631 sui,

207 3622 349 3756 &effi
369 3659 544 3725 nouerant
559 3659 655 3737 seon,
670 3660 728 3745 qui
742 3660 802 3726 hoc
816 3661 910 3726 offert
924 3660 1096 3727 defendere
1111 3668 1170 3726 ets
1187 3668 1221 3726 et
1235 3659 1264 3724 si
1277 3658 1318 3724 de
1333 3680 1372 3723 eo
1386 3657 1472 3723 mne

207 3727 356 3850 mi,
369 3763 541 3850 contigerit
555 3785 614 3849 per
628 3763 729 3829 olium
744 3773 804 3832 etc.

436 3868 478 3932 Et
494 3867 570 3955 quic
584 3868 693 3934 nullus
707 3891 818 3936 eorum
832 3870 957 3958 aliquid
971 3871 1051 3936 dicit
1070 3879 1202 3957 propter
1220 3868 1306 3956 quod
1326 3867 1473 3935 duellum

368 3971 487 4037 debent
506 3995 679 4052 remouere,
694 3973 942 4041 consideratum
962 3983 1013 4041 cst
1032 3975 1120 4062 quod
1140 3958 1286 4041 duellum
1306 3973 1366 4040 fist
1385 3973 1474 4039 inter

369 4099 431 4154 eos,
447 4084 481 4142 et
500 4076 573 4142 ideo
592 4077 790 4144 Duneconus
809 4079 867 4145 det
886 4078 1020 4145 uodium
1041 4078 1236 4144 defendendi
1257 4085 1292 4144 et
1313 4077 1472 4144 Rioordus

368 4181 611 4248 dismoionondi

401 4341 412 4374 1
428 4341 554 4406 Compare
574 4344 619 4395 Br.
643 4343 662 4394 f.
686 4344 733 4396 1³9
755 4309 788 4395 ss·
806 4347 834 4394 to
851 4342 897 4395 the
945 4343 1057 4394 Dunosn
1069 4338 1471 4405 Sootwossppsrentlyshimd

368 4407 507 4474 procedure
534 4407 563 4463 in
597 4410 702 4476 opponis
736 4411 765 4460 of
794 4409 891 4473 folony.
945 4408 1101 4477 champion3
1119 4406 1396 4460 seesbovocssotffl.
