3342 5217
369 431 431 491 150
668 433 818 492 Temni,
841 430 905 479 nn.
929 415 1023 489 1222,
1045 428 1108 478 nn
1132 417 1163 479 6.

433 613 477 677 Et
491 612 638 698 Rogems
652 607 745 673 uenit
762 614 797 670 et
817 602 897 669 dicit
920 601 1007 687 quod
1030 622 1095 665 non
1117 600 1239 665 debent
1260 601 1337 668 inde
1359 603 1471 669 dotem

370 718 488 782 hebere
503 714 566 780 nisi
580 722 710 779 tentum
725 711 765 776 de
780 707 926 783 semino,
935 705 1014 792 quia
1023 704 1086 792 ipei
1101 713 1216 772 tenent
1230 715 1334 772 totam
1350 717 1472 773 tertam

370 822 460 885 illam
482 820 517 884 in
539 819 646 884 dotem
671 813 815 900 exceptis
836 810 901 875 illis
923 809 997 896 xvij.
1013 809 1095 874 actis
1108 817 1194 876 terre
1209 820 1244 876 et
1259 810 1300 876 de
1314 812 1373 877 illa
1386 821 1475 878 terra

371 931 562 1011 receperunt
577 921 639 1008 ipsi
654 940 782 1005 semper
795 915 968 982 eemicium
983 936 1079 980 suum
1091 924 1125 980 et
1139 915 1334 982 fidelitatem
1350 917 1472 982 eisdem
1534 978 1538 986 .

373 1025 449 1091 fecit
464 1034 498 1090 et
513 1023 590 1089 inde
604 1021 754 1109 producit
768 1027 890 1084 sectam
906 1040 969 1102 que
983 1017 1044 1082 hoc
1058 1026 1206 1084 testetur.

438 1131 482 1194 Et
496 1128 679 1193 Willelmus
702 1133 737 1190 et
760 1123 868 1190 Alicia
888 1122 1068 1188 defendunt
1090 1133 1202 1188 contin
1221 1147 1297 1188 eum
1312 1133 1347 1190 et
1362 1132 1476 1191 contra

373 1243 494 1300 sectam
523 1255 615 1298 suam
645 1230 730 1318 quod
756 1250 924 1314 nunquam
949 1226 1122 1292 seruicium
1148 1228 1189 1293 de
1214 1251 1253 1294 eo
1281 1237 1476 1314 receperunt

374 1336 503 1402 nomine
526 1333 611 1401 dotis
631 1354 691 1398 nec
711 1331 906 1397 fidelitatem
928 1330 976 1395 eis
997 1330 1074 1395 fecit
1096 1331 1223 1397 racione
1245 1331 1332 1396 dotis
1355 1340 1390 1396 et
1413 1331 1475 1396 hoc

374 1441 467 1505 offert
488 1448 547 1506 etc.
570 1438 654 1504 sicut
676 1436 766 1502 curia
786 1433 1037 1500 considerauerit
1058 1455 1172 1497 uersus
1194 1455 1270 1497 eum
1294 1441 1329 1498 et
1351 1442 1476 1500 sectam

374 1565 474 1608 suam.
1220 1552 1224 1561 '

440 1645 687 1714 Consideretum
708 1653 758 1711 est
780 1643 866 1730 quod
880 1642 943 1729 ipsi
958 1641 1133 1706 defendant
1147 1662 1181 1705 se
1196 1641 1251 1727 xij.
1267 1663 1376 1719 manu,
1389 1642 1475 1706 ecili-

375 1760 427 1816 cet
441 1750 624 1816 willelmus
639 1773 672 1815 se
688 1748 742 1835 xij.
757 1771 857 1814 manu
879 1755 914 1810 et
934 1744 1039 1810 Alicia
1053 1767 1088 1810 se
1102 1744 1159 1828 xij.
1174 1767 1273 1810 menn
1289 1755 1324 1810 et
1338 1745 1477 1812 ueniant

375 1879 449 1922 cum
464 1855 591 1941 legibus
605 1851 672 1918 suis
686 1876 707 1918 a
720 1853 773 1917 die
789 1859 849 1916 etc.
888 1848 1080 1916 concordati
1094 1857 1172 1912 sunt
1186 1870 1244 1933 per
1258 1848 1425 1914 licenciam
1440 1859 1477 1914 et

375 1967 425 2023 est
448 1955 615 2022 conconiie
638 1955 710 2020 telis
733 1955 818 2041 quod
841 1954 928 2019 idem
950 1953 1097 2038 cherus
1116 1951 1209 2017 debit
1229 1951 1276 2016 eis
1290 1974 1348 2038 pro
1363 1953 1479 2040 quiete

376 2168 460 2232 rium
476 2174 510 2230 et
525 2165 554 2230 si
574 2187 637 2229 non
658 2164 834 2229 reddiden't
857 2163 967 2229 taliter
988 2171 1154 2228 remaneat
1176 2161 1299 2226 eisdem
1312 2161 1479 2228 Willelmo

377 2281 411 2338 et
426 2271 530 2337 Alicie
546 2280 633 2336 terne
647 2270 704 2335 ille
718 2278 780 2335 etc.

465 2675 657 2742 PLAOITA
686 2673 811 2740 APUD
841 2673 1302 2740 WESTMONASTERIUM
1330 2675 1391 2740 DE
1480 2689 1484 2694 ’

474 2780 680 2846 TERMINO
712 2781 743 2845 S.
774 2779 1035 2845 TRINITATIS
1064 2780 1129 2843 AN
1132 2780 1163 2843 N
1167 2780 1196 2846 Ο
1227 2781 1379 2848 SEXTO.

306 3025 330 3084 ⁹.
445 3005 653 3090 ¹Preceptum
678 3003 741 3069 fuit
765 3004 950 3070 uicecomiti
973 3005 1059 3091 quod
1080 3027 1187 3070 coram
1208 3030 1247 3072 eo
1267 3007 1301 3071 in
1321 3008 1480 3074 comitatu

265 3131 298 3159 Δο
317 3149 323 3160 ·
380 3131 437 3173 suo
452 3109 523 3174 fieri
538 3110 657 3173 faceret
671 3109 839 3174 recoidum
854 3109 894 3173 de
907 3108 1034 3195 loquela
1048 3131 1111 3195 que
1126 3110 1190 3174 fuit
1203 3111 1238 3175 in
1253 3111 1365 3177 eodem
1381 3109 1481 3179 comi·

380 3219 453 3278 tatu
475 3212 562 3277 inter
583 3211 757 3276 Ricardum
781 3209 821 3275 de
845 3210 987 3276 (tattone
1008 3219 1176 3298 petentem
1202 3225 1238 3279 et
1264 3215 1411 3280 Odonem
1437 3217 1480 3282 de

381 3314 613 3380 Deunmnrtin²
628 3321 795 3380 tenentem
810 3312 851 3377 de
866 3336 895 3377 x.
911 3313 993 3378 amis
1014 3323 1102 3379 terre
1122 3338 1196 3380 cum
1218 3317 1426 3402 pertinenciis
1444 3319 1481 3383 in

382 3421 636 3508 Hemelingtona
657 3418 743 3484 unde
767 3418 911 3482 duellum
934 3419 1103 3484 uadietum
1123 3421 1187 3486 fuit
1201 3423 1288 3488 inter
1302 3423 1429 3488 eosdem
1445 3423 1481 3488 in

381 3523 494 3588 eodem
516 3521 689 3588 comitatu³
709 3522 749 3586 de
771 3521 914 3607 quinque
935 3523 1016 3587 acris
1035 3531 1121 3589 terre
1135 3547 1210 3590 cum
1224 3525 1432 3612 pertinenciis
1446 3526 1483 3592 in
1591 3553 1597 3564 ·

382 3627 524 3692 Oettone
545 3625 631 3689 unde
654 3624 799 3690 duellum
821 3623 991 3690 uadietum
1013 3635 1064 3690 est
1086 3636 1145 3692 etc
1161 3637 1196 3692 et
1213 3628 1299 3714 quod
1314 3629 1481 3694 recordum

382 3729 462 3794 illud
478 3728 612 3793 haberet
633 3751 691 3814 per
704 3728 814 3793 literas
829 3750 904 3793 suas
919 3737 953 3793 et
968 3751 1026 3815 per
1041 3738 1180 3815 quatuor
1193 3730 1314 3796 milites
1328 3731 1369 3796 de
1384 3733 1484 3797 comi·

382 3843 455 3899 tntu
489 3842 548 3899 etc.
580 3842 613 3898 et
643 3834 751 3899 nullus
787 3843 927 3920 quatuor
963 3835 1106 3900 militum
1136 3835 1230 3901 uenit
1258 3836 1320 3901 nisi
1350 3834 1486 3904 tantum

384 3938 535 4003 Metheus
550 3936 590 4002 de
611 3936 748 4002 Morlee‘
767 3945 802 4002 et
824 3936 897 4002 ideo
919 3938 962 4003 ad
983 3939 1140 4004 iudicium
1163 3941 1204 4004 de
1228 3942 1392 4006 comitatu,
1438 3943 1484 4008 Et

382 4041 560 4108 uicecomes
585 4039 675 4104 misit
701 4041 868 4106 recentum
895 4043 981 4127 quod
1003 4043 1069 4108 tale
1092 4044 1249 4128 estquod
1270 4044 1426 4109 Ricnndus
1440 4045 1484 4112 de

383 4146 525 4212 Oettona
546 4144 645 4231 peciit
661 4169 688 4209 1.
705 4167 794 4210 acrae
809 4153 895 4211 terre
910 4169 984 4210 cum
1004 4147 1213 4232 pertinenciis
1234 4147 1269 4212 in
1292 4148 1486 4236 Hemeling-

414 4311 424 4408 ξ
442 4311 472 4360 Β.
485 4327 523 4366 m„
533 4313 555 4361 1.
782 4382 786 4391 Ι
954 4323 1078 4430 petentem
1094 4326 1118 4366 et
1137 4319 1241 4367 Orionem
1259 4319 1288 4368 de
1308 4319 1484 4379 Mnntnoertin,

443 4378 589 4428 Odonemde
601 4378 694 4427 Sancto
705 4380 826 4438 Met-tcto,
838 4379 869 4428 B.
981 4418 987 4430 .

414 4439 425 4472 ³
443 4442 571 4505 Supplyet
581 4444 647 4492 inter
658 4445 760 4492 eundem
769 4446 906 4494 Ricardum
989 4447 999 4478 ⁴
1015 4448 1146 4508 Morleqh'‚
1159 4449 1189 4497 B.
