3342 5217
488 406 637 470 rnrmrr,
660 406 725 457 An.
749 393 928 469 113111
953 396 1001 456 15.
1233 392 1294 460 471

192 574 292 666 ipsius
307 579 402 645 Lecie
414 579 565 665 capiatur
578 578 613 643 in
629 600 763 643 manum
778 576 872 643 Dom.
888 578 989 665 Regis
1002 578 1045 643 ad
1058 578 1122 643 uai
1135 578 1176 643 xi
1191 578 1246 643 sol.
1262 587 1298 643 61

190 685 259 750 dies
281 682 367 772 6161
387 692 422 750 61
443 684 516 770 ipsa
534 690 778 748 summoneatur
799 682 885 768 quod
904 682 948 747 sit
967 690 1027 747 etc
1071 680 1185 747 Idem¹
1200 681 1297 747 datus

190 796 240 853 est
255 788 352 853 Petro
366 788 402 853 in
415 787 527 853 banco,
572 787 616 851 Et
630 786 796 852 sciendum
812 786 899 873 quod
918 785 1035 851 Petrus
1049 786 1143 851 uenit
1156 785 1229 871 ffija
1242 785 1296 851 die
1397 787 1408 811 ⁸

191 892 303 976 placiti
319 900 370 957 set
385 891 570 957 Willelmus
584 890 710 955 remisit
725 890 756 955 ei
771 890 926 955 defaltam
945 912 1039 955 suam
1054 899 1088 954 et
1102 890 1190 975 cepit
1205 912 1239 954 se
1253 889 1296 955 ad

190 994 344 1060 defaltum
360 994 464 1060 Lecie.

117 1104 140 1165 '.
253 1096 349 1163 'Dies
364 1097 460 1163 datus
475 1105 524 1162 est
541 1096 722 1163 Simonide
737 1098 822 1163 Hale
837 1105 872 1162 61
887 1097 1028 1163 Ernaldo
1045 1097 1086 1163 de
1105 1097 1298 1163 Buckeuilla
1427 1130 1434 1143 ·

189 1223 248 1287 per
268 1210 449 1267 attomatos
471 1224 545 1266 suos
562 1202 732 1287 petentes³
745 1209 781 1267 61
797 1201 961 1267 Willelmo
975 1201 1102 1265 Pater-iz
1117 1202 1241 1266 tenent'
1255 1201 1296 1266 de

189 1304 351 1370 audiendo
371 1305 490 1370 iudicio
512 1328 571 1371 suo
593 1304 621 1369 si
643 1327 761 1391 magna
782 1306 882 1370 assisa
901 1306 1073 1391 procedere
1098 1305 1217 1371 debeat
1242 1306 1297 1371 uel
1342 1314 1346 1319 '

189 1430 254 1471 non
269 1430 307 1473 eo
324 1409 411 1495 quod
432 1409 505 1473 Elia
526 1408 567 1473 de
589 1408 822 1473 Amundeuilla
843 1416 878 1473 61
900 1409 1019 1494 Rcysia
1040 1409 1081 1474 de
1104 1409 1298 1475 Brunfcrdia

190 1533 270 1597 quos
284 1510 371 1576 idem
386 1511 571 1577 Willelmus
586 1512 718 1577 uocauit
732 1512 775 1576 ad
789 1521 968 1577 warantum
984 1521 1019 1578 et
1033 1513 1091 1599 qui
1105 1514 1136 1579 ei
1148 1515 1295 1579 warenti-

189 1623 348 1680 zauerunt
381 1623 417 1680 et
445 1638 480 1681 se
509 1623 688 1701 posuerunt
717 1615 752 1679 in
781 1637 933 1702 magnam
962 1616 1095 1682 assisam
1123 1626 1295 1703 postquam

189 1718 347 1784 waranti⁴
361 1720 483 1786 mortui
497 1728 581 1783 sunt.

130 1896 136 1909 Ι
254 1822 430 1887 ⁶Radulfus
443 1824 529 1888 filins
541 1822 719 1888 Baldewini
731 1823 889 1889 Ricardus
903 1824 934 1888 16
945 1824 1053 1889 Wiide
1068 1833 1103 1890 61
1116 1825 1190 1889 alii·
1203 1826 1296 1891 atha·
1406 1862 1412 1875 ·

190 1925 292 1991 chiati
318 1928 450 1991 suerunt
475 1926 517 1991 ad
543 1925 802 2012 respondendum
828 1927 973 1993 Raffensi
997 1928 1173 2015 Episcopo²
1197 1952 1296 2015 quare

190 2039 347 2115 ceperunt
369 2031 454 2095 recia
476 2053 535 2095 sua
557 2031 592 2095 in
618 2030 755 2117 piscaria
779 2054 839 2097 sua
863 2031 904 2097 de
930 2032 1112 2125 Frakeham
1137 2042 1172 2099 61
1197 2056 1296 2120 quare

189 2134 433 2219 impediuerant
462 2156 538 2199 sum
567 2134 684 2221 piscari
712 2135 747 2199 in
776 2135 891 2201 eadem
919 2135 1064 2221 piscaria,
1093 2137 1180 2203 unde
1208 2136 1296 2201 idem

191 2238 368 2324 Episcopus
393 2238 541 2324 queritur
563 2238 649 2325 qnod
675 2238 797 2305 iniuste
819 2248 976 2325 ceperunt
997 2240 1084 2305 recia
1107 2263 1167 2306 sua
1191 2249 1226 2306 61
1247 2240 1296 2305 in·

190 2342 329 2428 pediuut
344 2364 420 2406 eum
441 2341 557 2427 piscari
576 2342 611 2405 in
633 2341 747 2407 eadem
767 2349 837 2418 616.,
852 2351 887 2406 61
906 2343 993 2407 unde
1013 2343 1100 2408 idem
1120 2344 1298 2445 Episcopus

192 2446 341 2531 queritur
362 2444 447 2530 quod
469 2444 607 2530 predicti
628 2444 789 2508 nominati
810 2444 958 2531 superius
980 2455 1142 2511 uenerunt
1166 2447 1209 2512 ad
1232 2448 1298 2533 pis·

191 2548 311 2615 cariam
331 2548 433 2634 ipsius
448 2547 598 2633 Episcopi
612 2547 653 2613 de
669 2546 851 2611 Frakeham
865 2548 924 2613 ubi
938 2549 1051 2615 Abbas
1066 2551 1098 2616 S.
1114 2551 1299 2616 Eadmundi

190 2675 251 2719 nec
281 2660 400 2716 terram
430 2650 529 2715 habet
559 2672 619 2715 nec
647 2648 771 2735 aliquid
800 2650 880 2715 iuris
908 2652 944 2716 in
972 2676 1058 2739 aqua
1079 2654 1143 2719 illa
1170 2677 1231 2720 nec
1263 2655 1298 2720 in

78 2798 82 2805 ·
189 2754 328 2842 piscaria
356 2754 413 2819 illa
441 2763 476 2819 61
505 2761 663 2840 ceperunt
692 2753 735 2839 lij.
759 2754 846 2819 recia
870 2763 905 2820 et
929 2756 988 2821 illa
1012 2757 1162 2824 detinent
1187 2767 1300 2825 contra

193 2858 327 2924 uadinm
343 2866 377 2922 61
391 2858 536 2945 plegium
551 2880 609 2943 per
624 2857 710 2943 quod
724 2857 939 2923 deterioratus
954 2868 1004 2924 est
1019 2869 1087 2937 etc,
1102 2870 1137 2926 61
1151 2871 1300 2948 preterea

190 2962 357 3027 hominem
390 2984 486 3027 suum
515 2968 672 3047 ceperunt
701 2970 736 3026 et
764 2961 1048 3048 inprisonauenrnt
1076 2974 1112 3029 61
1139 2966 1297 3031 botellum

189 3088 287 3131 suum
307 3073 463 3151 ceperunt
484 3072 544 3129 etc.
560 3073 595 3128 et
614 3064 673 3129 ubi
692 3064 779 3129 idem
798 3064 911 3129 Abbas
925 3066 1049 3134 nullam
1064 3077 1184 3133 terram
1198 3070 1299 3136 habet

192 3169 256 3235 nisi
271 3169 447 3234 dist-antem
462 3168 566 3233 61666
581 3167 636 3231 illo
651 3188 709 3253 per
723 3166 803 3231 duas
818 3168 934 3235 leucas.
1347 3176 1350 3186 '

258 3274 302 3337 Et
326 3272 485 3337 Radulfus
509 3278 543 3335 et
567 3270 624 3335 alii
644 3291 755 3336 omnes
776 3279 886 3357 preter
908 3272 1082 3339 Ricardum
1105 3276 1244 3341 ueniunt
1263 3285 1298 3342 et

191 3376 373 3443 defendunt
389 3376 457 3439 uim
473 3383 507 3439 61
522 3374 674 3438 iniuriam
689 3383 724 3439 61
739 3396 868 3439 omnem
883 3376 1038 3443 iniustam
1053 3380 1237 3465 capcionem
1248 3389 1299 3446 set

190 3482 276 3546 bene
298 3487 495 3565 cognoscunt
517 3476 603 3563 quod
624 3485 781 3562 ceperunt
796 3477 840 3564 lij.
856 3480 942 3545 recia
955 3490 1006 3545 set
1020 3482 1078 3547 1116
1090 3495 1246 3569 ceperunt
1261 3508 1300 3550 eo

192 3586 261 3649 loco
276 3582 334 3647 ubi
349 3582 436 3647 idem
458 3581 637 3667 Episcopus
657 3581 784 3645 nullum
803 3582 855 3646 ius
869 3583 969 3648 habet
983 3607 1043 3649 nec
1057 3586 1225 3671 piscariam
1241 3610 1300 3653 nec

192 3686 316 3775 aliquid
331 3686 419 3763 iuris,
434 3698 468 3750 61
482 3685 561 3769 quia
574 3685 683 3770 plures
698 3694 776 3749 sunt
790 3684 837 3749 ibi
854 3686 989 3771 piscarie
1003 3697 1122 3774 petunt
1137 3691 1244 3756 uisum
1259 3691 1299 3757 de

190 3791 330 3880 piscaria
350 3790 408 3853 illa
429 3798 463 3853 et
485 3787 526 3852 de
549 3788 617 3852 loco
639 3796 674 3853 61
695 3810 781 3874 aqua
802 3788 861 3853 ubi
881 3791 967 3855 recia
988 3802 1085 3879 capta
1105 3795 1246 3873 fuerunt,
1266 3806 1301 3862 et

191 3895 316 3960 habent
331 3901 391 3958 616.
407 3900 441 3957 61
456 3892 588 3956 interim
603 3900 665 3957 etc.

259 3998 304 4063 Et
319 3997 478 4063 Radulfus
494 4003 528 4061 61
543 3996 600 4061 alii
615 3995 735 4082 quesiti
749 3996 778 4062 si
797 3996 861 4083 ipsi
882 3999 1068 4085 capcionem
1089 4001 1180 4068 illam
1202 4005 1301 4074 aduo-

226 4170 236 4203 ¹
254 4168 354 4231 Supply
365 4170 425 4219 dier.
805 4166 816 4197 ⁵
831 4166 863 4215 B.
875 4182 911 4217 m.
924 4170 962 4220 13.

225 4232 477 4348 :ididan
804 4231 1056 4350 iiiiimiiiriiii
1082 4301 1123 4351 rn
1160 4304 1215 4355 na

194 4314 374 4481 ηιζηωανῗῇς
402 4332 526 4427 probably
542 4362 722 4413 6666611616-
773 4313 958 4477 {zephoram
987 4316 1032 4415 11111
1058 4318 1302 4423 uataipthasiiilci
