3342 5217
486 406 636 466 rmmrr,
659 405 721 454 nn.
748 391 841 466 1231,
862 405 925 454 aa.
950 393 998 453 15.
1227 391 1290 454 469

188 582 279 646 stede
300 582 334 645 in
350 602 463 666 puram
484 590 518 644 et
540 588 730 665 perpetuam
752 578 960 643 elemosinam
979 600 1037 663 pro
1057 578 1161 642 salute
1183 576 1290 641 anime

188 708 245 750 sue
267 686 370 771 patris
392 692 426 749 et
448 684 561 749 matris
582 693 617 748 et
639 705 697 769 pro
719 683 828 747 anima
849 682 993 769 predicte
1016 682 1112 745 Aline
1135 681 1235 745 libere
1257 689 1292 744 et

188 790 306 874 quiete.
351 790 396 852 Et
425 787 511 852 unde
548 786 633 851 idem
665 786 756 850 Prior
783 784 864 849 dicit
893 784 997 871 quod¹
1027 784 1152 849 nullum
1190 782 1290 847 alium

188 890 368 977 ingressum
394 890 511 955 habuit
532 890 567 954 in
589 898 708 954 terram
735 888 823 953 illam
848 910 907 974 per
931 887 1167 973 predecessores
1190 887 1292 973 ipsius

189 994 308 1059 Prioris
328 995 429 1058 immo
451 1016 508 1079 per
529 994 636 1079 ipsum
659 993 840 1057 Alnathum
862 1001 989 1078 patrem
1010 993 1112 1079 ipsius
1126 992 1292 1067 willelmi,

188 1106 223 1163 et
238 1098 314 1162 inde
328 1097 421 1183 ponit
438 1118 472 1161 se
488 1118 585 1182 super
599 1096 738 1182 patriam
753 1095 781 1159 si
796 1104 885 1160 carta
899 1118 963 1160 non
978 1096 1125 1161 sufficiat.

253 1204 299 1267 Et
313 1202 497 1266 Willelmus
512 1202 674 1288 cognoscit
695 1208 816 1264 cartam
837 1208 888 1265 set
907 1200 987 1265 dicit
1002 1201 1088 1287 quod
1109 1224 1174 1265 non
1194 1200 1293 1265 debet

189 1309 221 1373 ci
235 1331 348 1373 nocere
364 1308 441 1393 quia
461 1316 550 1371 carta
568 1307 626 1371 illa
641 1309 726 1371 lacta
740 1308 803 1371 fuit
823 1306 858 1371 in
881 1307 952 1371 uita
966 1308 1063 1373 Aliae
1084 1317 1118 1372 et
1141 1330 1204 1370 non
1219 1315 1293 1392 post

190 1422 326 1477 mortem
350 1412 428 1489 eius
444 1434 504 1476 nec
518 1411 617 1475 Alina
637 1433 792 1495 umquam
812 1410 993 1497 ingressum
1013 1411 1129 1476 habuit
1149 1432 1207 1496 per
1220 1431 1292 1495 pre-

188 1517 314 1581 dictum
329 1516 511 1580 Alnathum
532 1524 658 1601 patrem
681 1538 776 1579 suum
796 1515 918 1580 immo¹
932 1515 1168 1601 predecessores
1189 1514 1291 1599 ipsius

190 1622 307 1686 Prioris
330 1630 502 1707 postquem
522 1621 610 1685 idem
641 1620 806 1685 Alnathus
829 1621 976 1685 feoffauit
1004 1621 1110 1707 ipsum
1140 1619 1293 1695 Priorem

190 1735 225 1790 et
248 1726 308 1790 hoc
330 1726 413 1791 bene
436 1734 528 1812 patet
551 1725 628 1811 quia
649 1724 807 1789 Ricardus
828 1726 870 1789 de
893 1726 1049 1812 Hertrug'
1069 1747 1170 1811 nepos
1190 1723 1292 1809 ipsius

189 1828 287 1894 Aline
302 1830 408 1894 adhuc
424 1829 524 1893 habet
543 1837 665 1893 cartam
687 1828 789 1913 ipsius
810 1828 928 1893 Prioris
950 1851 1123 1915 perquam
1147 1828 1293 1893 feoffsuit

189 1934 293 2020 ipsam
309 1934 440 1999 Alinam
457 1941 491 1997 et
508 1954 605 2019 quam
620 1931 752 1996 reddere
769 1931 867 1996 debet
883 1932 1004 1996 Thomc
1020 1933 1140 1997 Treuet
1155 1940 1189 1996 et
1206 1932 1293 1996 unde

190 2038 378 2123 Stephanus
392 2038 433 2102 de
451 2036 590 2102 Strande
605 2036 705 2101 habet
719 2058 769 2101 xx.
786 2036 840 2100 sol.
856 2035 891 2100 in
906 2036 1049 2114 uadium,
1064 2044 1098 2099 et
1113 2036 1140 2100 si
1155 2035 1215 2100 hoc
1229 2058 1294 2099 non

189 2141 309 2206 sufficit
333 2140 396 2205 scil.
421 2149 510 2205 carta
530 2139 623 2226 ponit
646 2161 679 2202 se
703 2160 799 2224 super
820 2138 960 2224 patriam
983 2146 1022 2201 ut
1045 2138 1165 2201 ueritas
1188 2136 1293 2224 inqui-

189 2254 281 2309 ratur
302 2266 361 2330 per
381 2244 521 2330 patriam
542 2244 621 2308 dnm
644 2250 755 2307 tamen
781 2242 829 2307 illi
855 2265 919 2306 non
944 2242 1011 2305 sint
1039 2241 1074 2305 in
1102 2242 1210 2306 iurato
1238 2242 1295 2328 qui

190 2350 323 2413 fuerunt
353 2348 387 2411 in
416 2348 515 2412 assisa
537 2358 571 2411 et
594 2347 650 2433 qui
673 2347 751 2411 falso
773 2347 973 2424 iurauerunt,
1000 2346 1114 2431 etqui
1139 2368 1203 2410 non
1229 2346 1295 2410 sint

190 2460 342 2538 parentes
370 2452 522 2537 ipsomm.
567 2451 646 2515 Dies
672 2450 769 2515 datus
790 2460 842 2515 est
863 2450 910 2515 eis
931 2450 972 2515 de
994 2450 1155 2515 audiendo
1177 2450 1296 2515 iudicio
1392 2527 1399 2537 .

190 2580 250 2623 suo
266 2566 299 2623 et
314 2566 352 2623 ut
368 2568 446 2623 tunc
460 2557 643 2645 inquiratur
657 2556 779 2621 ueritas
790 2578 848 2642 per
862 2556 1044 2642 patriam'si
1059 2565 1149 2621 carta
1162 2556 1294 2621 interim

191 2663 333 2729 inueniri
347 2686 411 2727 non
425 2662 554 2749 poterit.
601 2658 611 2671 ⁹

260 2765 396 2831 Postea⁸
411 2766 490 2851 quia
511 2766 678 2831 contencio
698 2775 748 2830 est
767 2765 855 2829 inter
873 2788 927 2829 eos
942 2765 982 2829 de
1002 2765 1206 2830 feoffamento
1223 2789 1294 2852 pre·

192 2870 278 2935 dicte
293 2870 389 2933 Aline
409 2877 520 2933 utrum
541 2869 610 2954 ipsa
625 2870 755 2934 feoffata
769 2869 832 2934 fuit
847 2870 888 2933 de
908 2870 1016 2935 Priore
1037 2869 1078 2934 de
1094 2868 1296 2955 Bradelegha

192 2973 247 3038 uel
262 2973 406 3059 predicto
421 2973 574 3051 Alnatho,
590 2974 838 3040 Consideratum
853 2982 903 3038 est
918 2974 1003 3059 quod
1020 2973 1077 3037 liat
1092 2974 1168 3037 inde
1179 2973 1293 3037 iurata

191 3076 238 3139 Et
258 3074 330 3139 ideo
350 3084 541 3162 preceptum
564 3086 613 3141 est
635 3078 819 3143 uicecomiti
842 3077 927 3163 quod
948 3076 1060 3141 uenire
1083 3077 1180 3141 faciat
1201 3100 1221 3141 a
1242 3077 1295 3143 die

191 3187 253 3245 etc.
269 3178 323 3264 xij.
339 3178 378 3243 de
394 3179 521 3243 uisneto
537 3180 576 3245 de
592 3181 772 3246 Hamstede
787 3204 846 3268 per
859 3204 939 3267 quos
955 3190 1014 3246 etc.
1031 3189 1065 3245 et
1080 3180 1136 3266 qui
1151 3203 1216 3245 non
1230 3181 1297 3245 sint

191 3281 233 3347 de
248 3282 395 3369 predicta
408 3283 509 3347 assisa
529 3293 562 3347 et
579 3285 635 3370 qui
655 3308 714 3349 nec
736 3286 844 3371 ipsum
859 3285 1002 3350 Priorem
1021 3308 1080 3349 nec
1094 3284 1296 3349 Willelmum

192 3386 303 3474 aliqua
326 3387 492 3455 affinitate,
512 3388 678 3475 attingant
700 3388 741 3453 ad
763 3389 1054 3475 recognoscendum
1076 3409 1173 3473 super
1193 3410 1296 3452 sacra-

194 3500 343 3555 mentum
369 3499 429 3555 etc.
452 3498 563 3554 utrum
586 3490 732 3577 predicta
752 3491 853 3555 Alina
874 3491 1005 3555 feoffata
1025 3489 1089 3554 suit
1111 3512 1132 3554 a
1152 3489 1296 3575 predicto

193 3594 303 3660 Priore
326 3594 380 3659 uel
402 3595 546 3680 predicto
567 3595 711 3661 Alnatho
732 3604 825 3682 patre
846 3595 948 3681 ipsius
956 3593 975 3672 ⁴,
990 3602 1024 3659 et
1044 3616 1078 3658 se
1098 3594 1147 3658 ita
1164 3592 1296 3658 interim
1351 3634 1354 3638 -

193 3698 374 3763 certificent
389 3706 448 3761 etc.

135 3878 142 3891 ι
259 3802 465 3867 ⁵Willelmus
482 3802 522 3867 de
544 3802 731 3867 Lancastria
750 3802 956 3868 athachiatus
970 3804 1034 3867 fuit
1048 3802 1089 3866 ad
1104 3800 1297 3887 responden·
1355 3822 1417 3862 ram

194 3907 276 3973 dum
299 3906 441 3973 Roberto
464 3906 503 3971 de
527 3908 634 3993 Kyme
656 3930 755 3993 quare
779 3930 844 3972 non
869 3909 961 3973 tenet
991 3908 1021 3972 ei
1050 3906 1298 3972 contencionem

195 4012 284 4076 inter
308 4032 362 4074 eos
383 4010 502 4073 factam
525 4009 564 4073 de
588 4032 637 4075 xv.
661 4009 730 4076 libr.
754 4009 900 4075 redditus
923 4010 958 4075 in
984 4010 1202 4074 Wuluestuna
1229 4015 1299 4084 etc.¹

196 4122 231 4179 et
253 4112 339 4178 unde
361 4112 448 4178 idem
471 4112 632 4178 Robertus
647 4112 797 4200 queritur
814 4112 900 4198 quod
919 4136 993 4177 cum
1015 4112 1102 4177 idem
1117 4110 1300 4177 Willelmus

231 4306 240 4339 ¹
258 4308 358 4372 Supply
369 4312 455 4371 Alina,
467 4310 497 4359 B.
809 4312 820 4342 ⁴
838 4310 935 4373 Supply
950 4311 1075 4370 Willelmr',
1091 4310 1118 4360 B.

231 4376 241 4405 ²
260 4375 359 4436 Supply
367 4390 422 4437 per,
435 4376 464 4423 B.
809 4378 819 4406 ⁵
836 4375 866 4423 B.
879 4391 914 4423 m.
928 4376 966 4423 15.

230 4440 242 4471 ³
258 4438 280 4487 Δ
292 4441 440 4502 postscript,
454 4442 482 4490 B.
