3342 5217
365 412 429 507 ss
552 452 683 503 mmm
705 452 777 501 mo
799 450 937 514 numm,
960 451 1023 501 uo.
1044 438 1141 516 imo,
1155 450 1225 509 ,aa
1249 441 1277 503 ι.

365 651 422 695 suo
442 650 500 717 per
519 652 568 695 xx.
590 650 690 693 annos
710 636 744 693 et
765 649 932 713 nunquam
954 624 1182 693 dirracionauit
1204 648 1279 693 eum
1298 634 1337 693 ut
1357 624 1466 693 uirum

364 756 468 801 suum.

430 836 474 902 Et
493 836 565 902 ideo
584 835 821 901 consideratum
841 844 892 901 est
911 834 998 922 quod
1015 834 1174 901 Ricardus
1190 835 1266 902 inde
1280 835 1351 901 sino
1364 835 1417 903 dic
1432 844 1467 902 ιι

365 940 436 1027 ipsa
449 940 605 1006 similiter.

249 1054 301 1117 99
430 1040 551 1108 ²Alicia
561 1063 624 1128 que
639 1040 703 1106 fuit
717 1063 799 1106 uxor
812 1039 923 1106 Dauid
937 1040 1059 1106 Burnel
1073 1040 1160 1126 petit
1174 1062 1286 1107 uersus
1301 1041 1467 1109 Simonem

247 1154 304 1193 ΒΜ·
365 1146 405 1211 de
425 1145 615 1233 Wsybrigia
632 1144 768 1211 terciam
785 1153 914 1231 partem
933 1145 1034 1210 trium
1058 1144 1260 1232 uirgatarum
1283 1153 1368 1211 tene
1392 1167 1466 1211 cum

201 1276 288 1363 mm
285 1286 342 1363 ¹²⁰5
324 1250 571 1335 pertinenciis
599 1248 634 1313 in
656 1248 846 1335 Waybrigia
873 1257 913 1313 ut
938 1248 1047 1313 dotem
1070 1270 1161 1311 suam
1183 1254 1244 1313 etc
1288 1248 1332 1312 Et
1354 1246 1467 1313 Simon

200 1370 283 1419 tuom
252 1370 351 1456 ⁸⁰¹„ss⁰¹⁰”
364 1350 456 1417 uenit
471 1358 506 1417 et
520 1350 600 1416 dicit
617 1349 703 1437 quod
723 1372 788 1414 non
808 1350 908 1415 debet
927 1349 1040 1416 dotem
1056 1349 1133 1415 inde
1155 1349 1275 1414 habere
1298 1349 1375 1435 quia
1395 1372 1466 1435 pre·

200 1416 343 1549 ¹¹⁰¹¹ffiffi
362 1455 469 1522 dictus
491 1455 601 1520 Dauid
623 1456 676 1520 uir
693 1476 772 1521 suus
789 1476 957 1541 nunquam
979 1454 1043 1519 fuit
1065 1453 1141 1519 inde
1162 1453 1292 1520 seisitus
1312 1453 1354 1519 de
1379 1462 1467 1519 terra

200 1556 351 1643 310ἫῇῊῇ
363 1560 429 1637 illa,
442 1560 491 1625 ιιι
504 1560 591 1646 quod
606 1582 677 1625 eam
693 1559 803 1625 dotare
818 1565 935 1644 posset,
950 1557 1028 1644 quia
1041 1556 1208 1643 predictus
1222 1556 1333 1623 Dauid
1351 1556 1467 1622 habuit

363 1664 439 1729 inde
460 1662 639 1729 custodiam
661 1684 735 1727 cum
757 1661 827 1746 ipso
851 1661 982 1726 Simone
1004 1682 1063 1746 per
1090 1658 1262 1745 capitalem
1291 1658 1467 1736 dominum,

363 1766 413 1853 ita
434 1764 520 1852 quod
542 1765 680 1851 quedam
704 1763 772 1827 filia
791 1763 894 1849 ipsius
908 1762 1017 1828 Dauid
1032 1762 1117 1848 petit
1131 1784 1244 1827 uersus
1257 1753 1467 1827 eum'terram

363 1871 453 1936 illam
477 1878 511 1936 ιι
534 1870 569 1935 in
593 1876 724 1934 tantum
747 1889 930 1953 processum
954 1864 1114 1953 estquod
1140 1866 1209 1951 ipse
1234 1864 1344 1950 posuit
1368 1887 1410 1929 se.
1431 1864 1467 1929 in

364 1975 504 2040 iuratam
529 1973 572 2039 ad
593 1972 884 2060 recognoscendum
906 1979 1017 2037 utrum
1039 1971 1109 2056 ipse
1131 1970 1195 2034 fuit
1214 1968 1344 2034 seisitus
1364 1976 1405 2033 ut
1425 1968 1466 2033 de

365 2078 457 2145 feodo
479 2076 592 2142 uelut
616 2075 656 2141 de
679 2075 826 2141 custodia
852 2096 926 2140 cum
950 2074 1020 2160 ipso
1044 2074 1184 2139 Simone.
1228 2073 1273 2137 Et
1298 2073 1370 2138 ideo
1393 2095 1466 2137 oon·

364 2182 540 2247 sideratum
564 2179 723 2266 estquod
748 2180 820 2265 ipsa
844 2178 950 2244 Alicia
973 2186 1139 2264 exspectet
1168 2199 1332 2264 quousque
1361 2177 1469 2242 iurata

365 2294 462 2372 capta
484 2286 583 2351 fuerit
611 2294 646 2349 et
674 2285 782 2350 iurata
806 2283 939 2370 ponitur
963 2284 998 2347 in
1023 2291 1207 2369 respectum
1235 2303 1337 2368 usque
1365 2302 1388 2346 a
1414 2280 1467 2346 die

368 2387 506 2455 Pasche¹
520 2398 579 2455 etc.

306 2566 313 2579 ,
431 2494 558 2560 ¹Assisa
578 2495 671 2560 uenit
693 2494 898 2581 recognitum
922 2492 995 2579 quis
1016 2491 1193 2558 aduocatus
1213 2498 1359 2575 tempore
1379 2488 1469 2575 pacis

366 2598 567 2684 presentauit
577 2596 727 2663 ultimam
738 2616 907 2683 personam
918 2617 981 2682 que
992 2601 1121 2659 mortua
1130 2592 1233 2658 estad
1247 2591 1413 2658 ecclesiam
1427 2591 1468 2657 de
1533 2646 1537 2653 .

368 2701 514 2767 Rucham
529 2722 593 2787 que
608 2708 706 2766 uacat
726 2700 818 2765 cuius
838 2698 1086 2765 aduocacionem
1104 2695 1262 2762 Ricardus
1282 2694 1314 2759 le
1333 2694 1470 2759 Bitaller

367 2806 487 2871 clamat
515 2828 629 2871 uersus
657 2804 800 2869 Priorem
829 2803 871 2869 de
900 2803 1075 2868 Westacra
1118 2800 1186 2881 Qui
1215 2800 1308 2865 uenit
1329 2807 1364 2864 ιι
1385 2797 1469 2863 bene

368 2907 531 2995 cognoscit
560 2908 645 2995 qnod
677 2906 815 2993 quedam
845 2906 979 2973 Juliana
1006 2904 1083 2970 auia
1108 2903 1211 2989 ipsius
1239 2901 1370 2968 Ricardi
1398 2922 1469 2986 pre·

368 3012 513 3077 sentauit
527 3011 676 3076 ultimam
697 3032 865 3097 personam
885 3010 1009 3075 scilicet
1028 3008 1200 3095 quemdam
1223 3006 1391 3072 Oliuerum
1413 3004 1470 3091 qui

369 3114 485 3180 ultimo
509 3113 590 3177 obiit
616 3134 758 3199 persona,
779 3122 831 3177 set
854 3120 928 3198 post
953 3110 1228 3197 presentacionem
1256 3109 1354 3187 illam,
1380 3107 1470 3174 dedit

369 3218 483 3285 eadem
503 3218 636 3283 Juliana
655 3217 762 3283 eidem
782 3216 885 3281 Priori
905 3225 940 3281 et
959 3214 1092 3281 ecclesie
1112 3236 1170 3279 sue
1189 3213 1355 3279 ecclesiam
1371 3214 1470 3289 illam,

370 3330 404 3387 ct
418 3322 494 3387 inde
509 3322 630 3407 profert
644 3328 766 3385 cartem
780 3342 873 3385 suam
888 3342 951 3405 que
966 3327 1108 3384 testatur
1121 3317 1206 3404 quod
1221 3316 1292 3402 ipsa
1304 3316 1396 3382 dedit
1410 3316 1471 3382 deo

369 3434 405 3490 ιι
424 3423 556 3490 ecclesie
577 3424 609 3488 S.
630 3423 731 3488 Maris
754 3430 789 3487 ιι
809 3422 955 3487 omnium
976 3430 1159 3487 sanctorum
1180 3420 1222 3485 de
1244 3420 1409 3485 Westacra
1437 3428 1472 3485 et

208 3564 343 3661 qam..
371 3526 531 3593 canonicis
552 3534 613 3591 etc.
633 3525 800 3591 eeclesiam
822 3525 855 3590 S.
870 3524 973 3589 Marie
995 3525 1035 3590 de
1057 3524 1204 3588 Rucham
1226 3544 1300 3588 cum
1322 3522 1472 3588 omnibus

208 3613 302 3700 ilidii
300 3622 333 3697 lt
371 3629 586 3717 pertinenciis.
633 3629 757 3694 Profert
779 3628 882 3693 eciam
901 3635 1024 3693 cartam
1038 3626 1197 3692 «Iohannis
1211 3625 1373 3711 quondam
1388 3626 1471 3690 Nor·

209 3718 241 3839 p}
242 3753 350 3837 ndpngm
330 3763 351 3800 r·
322 3716 663 3820 uicensisEprscopr
674 3755 737 3818 que
752 3729 919 3796 confirmat
930 3729 1051 3795 eisdem
1060 3727 1472 3793 canonicisaduocacionem

209 3850 286 3931 Μξῃ
267 3808 350 3930 ηιξ
331 3838 550 3905 ‘ecclesieS
568 3837 670 3901 Marie
684 3836 725 3901 (ιι
740 3834 897 3912 Rucham,
912 3856 1009 3920 quam
1023 3832 1157 3898 Juliana
1173 3830 1241 3896 filia
1254 3830 1454 3897 Willelmi
1426 3854 1472 3897 ers

209 3892 346 4033 lfflgffi
372 3940 609 4006 racionabiliter
631 3938 786 4005 concessit
809 3945 869 4003 etc.
890 3946 925 4002 ιι
948 3936 1033 4031 petit
1056 3934 1212 4000 iudicium
1236 3934 1323 3998 curie
1347 3934 1472 3999 desicut

209 4034 284 4073 ’ω
371 4054 444 4130 post
466 4042 739 4131 presentacionem
759 4032 861 4128 ipsius
885 4041 1018 4106 Juliane
1041 4039 1088 4105 eis
1112 4038 1358 4104 aduocacionem
1381 4038 1471 4103 illam

371 4146 501 4213 dedit
477 4170 504 4212 ιι
519 4147 622 4223 assisa,
631 4146 749 4211 debeat
763 4144 941 4231 procedere.

436 4250 480 4315 Et
510 4249 665 4315 Ricardns
694 4248 857 4336 cognoscit
886 4247 972 4334 quod
1001 4246 1041 4311 de
1071 4254 1174 4311 morte
1208 4244 1309 4331 ipsius
1347 4246 1471 4312 Οιιιιιιι

404 4390 571 4447 1Ᾰ.ιιι.9ιι.
977 4390 988 4423 ³
1004 4390 1135 4442 s.m.1o.

404 4461 414 4491 ¹
431 4463 459 4509 in
469 4467 518 4509 trec
528 4461 686 4523 septimanas,
700 4459 731 4507 A.
