<?xml version="1.0" encoding="UTF-8"?>
<!DOCTYPE html PUBLIC "-//W3C//DTD XHTML 1.0 Transitional//EN"
    "http://www.w3.org/TR/xhtml1/DTD/xhtml1-transitional.dtd">
<html xmlns="http://www.w3.org/1999/xhtml" xml:lang="en" lang="en">
 <head>
  <title>
</title>
<meta http-equiv="Content-Type" content="text/html;charset=utf-8" />
  <meta name='ocr-system' content='tesseract 3.04.00' />
  <meta name='ocr-capabilities' content='ocr_page ocr_carea ocr_par ocr_line ocrx_word'/>
</head>
<body>
  <div class='ocr_page' id='page_1' title='image "bractonsnoteboo01maitgoog_0425.png"; bbox 0 0 3342 5217; ppageno 0'>
   <div class='ocr_carea' id='block_1_1' title="bbox 498 324 1304 399">
    <p class='ocr_par' dir='ltr' id='par_1_1' title="bbox 498 324 1304 399">
     <span class='ocr_line' id='line_1_1' title="bbox 498 324 1304 399; baseline 0.007 -12"><span class='ocrx_word' id='word_1_1' title='bbox 498 336 634 397; x_wconf 71' lang='lat' dir='ltr'><strong>unsrun,</strong></span> <span class='ocrx_word' id='word_1_2' title='bbox 658 338 722 386; x_wconf 74' lang='lat' dir='ltr'><strong>nn.</strong></span> <span class='ocrx_word' id='word_1_3' title='bbox 747 324 841 399; x_wconf 79' lang='lat'><strong>1231,</strong></span> <span class='ocrx_word' id='word_1_4' title='bbox 866 336 926 387; x_wconf 76' lang='lat' dir='ltr'><strong>nu</strong></span> <span class='ocrx_word' id='word_1_5' title='bbox 951 326 1001 388; x_wconf 85' lang='lat'><strong>15.</strong></span> <span class='ocrx_word' id='word_1_6' title='bbox 1241 330 1304 393; x_wconf 84' lang='lat'><strong>419</strong></span> 
     </span>
    </p>
   </div>
   <div class='ocr_carea' id='block_1_2' title="bbox 198 506 1305 699">
    <p class='ocr_par' dir='ltr' id='par_1_2' title="bbox 198 506 1305 699">
     <span class='ocr_line' id='line_1_2' title="bbox 198 506 1305 596; baseline 0.001 -21"><span class='ocrx_word' id='word_1_7' title='bbox 198 507 458 596; x_wconf 86' lang='lat' dir='ltr'><strong>respondendum</strong></span> <span class='ocrx_word' id='word_1_8' title='bbox 480 508 576 573; x_wconf 89' lang='lat' dir='ltr'><strong>Petro</strong></span> <span class='ocrx_word' id='word_1_9' title='bbox 595 508 637 574; x_wconf 86' lang='lat' dir='ltr'><strong>de</strong></span> <span class='ocrx_word' id='word_1_10' title='bbox 658 508 889 595; x_wconf 85' lang='lat' dir='ltr'><strong>Sautcmareys</strong></span> <span class='ocrx_word' id='word_1_11' title='bbox 909 530 1008 596; x_wconf 87' lang='lat' dir='ltr'><strong>quara</strong></span> <span class='ocrx_word' id='word_1_12' title='bbox 1028 518 1159 575; x_wconf 83' lang='lat' dir='ltr'><strong>secutus</strong></span> <span class='ocrx_word' id='word_1_13' title='bbox 1178 506 1230 575; x_wconf 85' lang='lat' dir='ltr'><strong>est</strong></span> <span class='ocrx_word' id='word_1_14' title='bbox 1244 520 1305 577; x_wconf 85' lang='lat' dir='ltr'><strong>etc.</strong></span> 
     </span>
     <span class='ocr_line' id='line_1_3' title="bbox 199 612 1305 699; baseline 0.001 -20"><span class='ocrx_word' id='word_1_15' title='bbox 199 614 240 679; x_wconf 89' lang='lat' dir='ltr'><strong>de</strong></span> <span class='ocrx_word' id='word_1_16' title='bbox 262 614 477 681; x_wconf 87' lang='lat' dir='ltr'><strong>aduocaeione</strong></span> <span class='ocrx_word' id='word_1_17' title='bbox 500 612 632 679; x_wconf 87' lang='lat' dir='ltr'><strong>ecclesie</strong></span> <span class='ocrx_word' id='word_1_18' title='bbox 653 612 695 679; x_wconf 86' lang='lat' dir='ltr'><strong>de</strong></span> <span class='ocrx_word' id='word_1_19' title='bbox 716 612 852 699; x_wconf 85' lang='lat' dir='ltr'><strong>Uptona</strong></span> <span class='ocrx_word' id='word_1_20' title='bbox 865 622 978 679; x_wconf 86' lang='lat' dir='ltr'><strong>contra</strong></span> <span class='ocrx_word' id='word_1_21' title='bbox 991 622 1051 679; x_wconf 84' lang='lat' dir='ltr'><strong>etc</strong></span> <span class='ocrx_word' id='word_1_22' title='bbox 1067 622 1102 679; x_wconf 87' lang='lat' dir='ltr'><strong>et</strong></span> <span class='ocrx_word' id='word_1_23' title='bbox 1116 615 1203 680; x_wconf 84' lang='lat' dir='ltr'><strong>unde</strong></span> <span class='ocrx_word' id='word_1_24' title='bbox 1217 615 1305 680; x_wconf 89' lang='lat' dir='ltr'><strong>idern</strong></span> 
     </span>
    </p>
   </div>
   <div class='ocr_carea' id='block_1_3' title="bbox 77 716 1305 805">
    <p class='ocr_par' dir='ltr' id='par_1_3' title="bbox 77 716 1305 805">
     <span class='ocr_line' id='line_1_4' title="bbox 77 716 1305 805; baseline 0.001 -22"><span class='ocrx_word' id='word_1_25' title='bbox 77 754 81 763; x_wconf 89' lang='lat'><em>.</em></span> <span class='ocrx_word' id='word_1_26' title='bbox 199 718 316 783; x_wconf 87' lang='lat' dir='ltr'><strong>Petrus</strong></span> <span class='ocrx_word' id='word_1_27' title='bbox 330 718 479 805; x_wconf 86' lang='lat' dir='ltr'><strong>quaritur</strong></span> <span class='ocrx_word' id='word_1_28' title='bbox 491 717 579 805; x_wconf 90' lang='lat' dir='ltr'><strong>quod</strong></span> <span class='ocrx_word' id='word_1_29' title='bbox 593 740 667 782; x_wconf 89' lang='lat' dir='ltr'><strong>cum</strong></span> <span class='ocrx_word' id='word_1_30' title='bbox 682 717 752 803; x_wconf 90' lang='lat' dir='ltr'><strong>ipse</strong></span> <span class='ocrx_word' id='word_1_31' title='bbox 767 716 811 782; x_wconf 90' lang='lat' dir='ltr'><strong>sit</strong></span> <span class='ocrx_word' id='word_1_32' title='bbox 822 716 1000 782; x_wconf 73' lang='lat' dir='ltr'><strong>aduocatus</strong></span> <span class='ocrx_word' id='word_1_33' title='bbox 1013 718 1159 804; x_wconf 74' lang='lat' dir='ltr'><strong>predicte</strong></span> <span class='ocrx_word' id='word_1_34' title='bbox 1174 719 1305 784; x_wconf 86' lang='lat' dir='ltr'><strong>ecclesie</strong></span> 
     </span>
    </p>
   </div>
   <div class='ocr_carea' id='block_1_4' title="bbox 195 818 1307 2673">
    <p class='ocr_par' dir='ltr' id='par_1_4' title="bbox 196 818 1306 1635">
     <span class='ocr_line' id='line_1_5' title="bbox 198 818 1306 908; baseline -0.001 -21"><span class='ocrx_word' id='word_1_35' title='bbox 198 822 239 887; x_wconf 88' lang='lat' dir='ltr'><strong>de</strong></span> <span class='ocrx_word' id='word_1_36' title='bbox 263 822 399 908; x_wconf 90' lang='lat' dir='ltr'><strong>Uptona</strong></span> <span class='ocrx_word' id='word_1_37' title='bbox 419 828 455 886; x_wconf 86' lang='lat' dir='ltr'><strong>at</strong></span> <span class='ocrx_word' id='word_1_38' title='bbox 477 821 548 908; x_wconf 91' lang='lat' dir='ltr'><strong>ipsa</strong></span> <span class='ocrx_word' id='word_1_39' title='bbox 569 820 734 907; x_wconf 74' lang='lat' dir='ltr'>pertineat</span> <span class='ocrx_word' id='word_1_40' title='bbox 759 818 802 884; x_wconf 86' lang='lat' dir='ltr'><strong>ad</strong></span> <span class='ocrx_word' id='word_1_41' title='bbox 826 819 1075 886; x_wconf 85' lang='lat' dir='ltr'><strong>adnocacionem</strong></span> <span class='ocrx_word' id='word_1_42' title='bbox 1101 842 1193 886; x_wconf 85' lang='lat' dir='ltr'><strong>suam</strong></span> <span class='ocrx_word' id='word_1_43' title='bbox 1218 818 1306 886; x_wconf 89' lang='lat' dir='ltr'><strong>idem</strong></span> 
     </span>
     <span class='ocr_line' id='line_1_6' title="bbox 198 920 1306 1012; baseline 0.001 -22"><span class='ocrx_word' id='word_1_44' title='bbox 198 926 357 990; x_wconf 85' lang='lat' dir='ltr'><strong>Ricardus</strong></span> <span class='ocrx_word' id='word_1_45' title='bbox 371 925 470 1012; x_wconf 87' lang='lat' dir='ltr'><strong>petiit</strong></span> <span class='ocrx_word' id='word_1_46' title='bbox 481 926 516 990; x_wconf 89' lang='lat' dir='ltr'><strong>in</strong></span> <span class='ocrx_word' id='word_1_47' title='bbox 530 926 620 991; x_wconf 88' lang='lat' dir='ltr'><strong>curia</strong></span> <span class='ocrx_word' id='word_1_48' title='bbox 634 920 859 990; x_wconf 77' lang='lat' dir='ltr'><strong>cristianitatis</strong></span> <span class='ocrx_word' id='word_1_49' title='bbox 873 946 984 990; x_wconf 86' lang='lat' dir='ltr'><strong>omnes</strong></span> <span class='ocrx_word' id='word_1_50' title='bbox 998 925 1140 991; x_wconf 85' lang='lat' dir='ltr'><strong>decimas</strong></span> <span class='ocrx_word' id='word_1_51' title='bbox 1153 934 1189 991; x_wconf 89' lang='lat' dir='ltr'><strong>et</strong></span> <span class='ocrx_word' id='word_1_52' title='bbox 1202 926 1306 991; x_wconf 89' lang='lat' dir='ltr'><strong>omni·</strong></span> 
     </span>
     <span class='ocr_line' id='line_1_7' title="bbox 198 1028 1305 1116; baseline -0.001 -21"><span class='ocrx_word' id='word_1_53' title='bbox 198 1030 310 1095; x_wconf 86' lang='lat' dir='ltr'><strong>modas</strong></span> <span class='ocrx_word' id='word_1_54' title='bbox 324 1038 393 1095; x_wconf 92' lang='lat' dir='ltr'><strong>tam</strong></span> <span class='ocrx_word' id='word_1_55' title='bbox 408 1030 548 1095; x_wconf 87' lang='lat' dir='ltr'><strong>minores</strong></span> <span class='ocrx_word' id='word_1_56' title='bbox 562 1052 660 1116; x_wconf 91' lang='lat' dir='ltr'><strong>quam</strong></span> <span class='ocrx_word' id='word_1_57' title='bbox 672 1028 808 1093; x_wconf 83' lang='lat' dir='ltr'><strong>maiores</strong></span> <span class='ocrx_word' id='word_1_58' title='bbox 819 1028 862 1093; x_wconf 92' lang='lat' dir='ltr'><strong>ad</strong></span> <span class='ocrx_word' id='word_1_59' title='bbox 873 1028 1041 1093; x_wconf 83' lang='lat' dir='ltr'><strong>ecclesiam</strong></span> <span class='ocrx_word' id='word_1_60' title='bbox 1053 1029 1143 1094; x_wconf 87' lang='lat' dir='ltr'><strong>illam</strong></span> <span class='ocrx_word' id='word_1_61' title='bbox 1157 1038 1305 1116; x_wconf 84' lang='lat' dir='ltr'><strong>spectan-</strong></span> 
     </span>
     <span class='ocr_line' id='line_1_8' title="bbox 198 1128 1306 1220; baseline -0.001 -21"><span class='ocrx_word' id='word_1_62' title='bbox 198 1142 250 1199; x_wconf 90' lang='lat' dir='ltr'><strong>tes</strong></span> <span class='ocrx_word' id='word_1_63' title='bbox 271 1134 358 1199; x_wconf 88' lang='lat' dir='ltr'><strong>unde</strong></span> <span class='ocrx_word' id='word_1_64' title='bbox 380 1134 461 1200; x_wconf 90' lang='lat' dir='ltr'><strong>dicit</strong></span> <span class='ocrx_word' id='word_1_65' title='bbox 483 1133 570 1220; x_wconf 90' lang='lat' dir='ltr'><strong>quod</strong></span> <span class='ocrx_word' id='word_1_66' title='bbox 591 1131 619 1197; x_wconf 90' lang='lat' dir='ltr'><strong>si</strong></span> <span class='ocrx_word' id='word_1_67' title='bbox 640 1131 729 1197; x_wconf 91' lang='lat' dir='ltr'><strong>idem</strong></span> <span class='ocrx_word' id='word_1_68' title='bbox 751 1128 909 1196; x_wconf 84' lang='lat' dir='ltr'><strong>Ricardus</strong></span> <span class='ocrx_word' id='word_1_69' title='bbox 931 1128 967 1196; x_wconf 88' lang='lat' dir='ltr'><strong>in</strong></span> <span class='ocrx_word' id='word_1_70' title='bbox 986 1154 1083 1197; x_wconf 81' lang='lat' dir='ltr'><strong>causa</strong></span> <span class='ocrx_word' id='word_1_71' title='bbox 1096 1133 1154 1197; x_wconf 91' lang='lat' dir='ltr'><strong>illa</strong></span> <span class='ocrx_word' id='word_1_72' title='bbox 1166 1132 1202 1197; x_wconf 92' lang='lat' dir='ltr'><strong>in</strong></span> <span class='ocrx_word' id='word_1_73' title='bbox 1216 1132 1306 1198; x_wconf 87' lang='lat' dir='ltr'><strong>curia</strong></span> 
     </span>
     <span class='ocr_line' id='line_1_9' title="bbox 197 1235 1305 1324; baseline -0.002 -21"><span class='ocrx_word' id='word_1_74' title='bbox 197 1238 423 1305; x_wconf 84' lang='lat' dir='ltr'><strong>cristianitatis</strong></span> <span class='ocrx_word' id='word_1_75' title='bbox 438 1238 601 1324; x_wconf 79' lang='lat' dir='ltr'><strong>optineret</strong></span> <span class='ocrx_word' id='word_1_76' title='bbox 620 1235 708 1302; x_wconf 90' lang='lat' dir='ltr'><strong>idem</strong></span> <span class='ocrx_word' id='word_1_77' title='bbox 730 1235 847 1301; x_wconf 86' lang='lat' dir='ltr'><strong>Petrus</strong></span> <span class='ocrx_word' id='word_1_78' title='bbox 868 1236 1037 1302; x_wconf 81' lang='lat' dir='ltr'><strong>amitteret</strong></span> <span class='ocrx_word' id='word_1_79' title='bbox 1057 1236 1305 1302; x_wconf 85' lang='lat' dir='ltr'><strong>aduocacionem</strong></span> 
     </span>
     <span class='ocr_line' id='line_1_10' title="bbox 197 1339 1305 1427; baseline -0.001 -22"><span class='ocrx_word' id='word_1_80' title='bbox 197 1362 291 1406; x_wconf 88' lang='lat' dir='ltr'><strong>suam</strong></span> <span class='ocrx_word' id='word_1_81' title='bbox 305 1349 340 1406; x_wconf 92' lang='lat' dir='ltr'><strong>et</strong></span> <span class='ocrx_word' id='word_1_82' title='bbox 355 1341 442 1427; x_wconf 92' lang='lat' dir='ltr'><strong>quod</strong></span> <span class='ocrx_word' id='word_1_83' title='bbox 456 1339 505 1405; x_wconf 88' lang='lat' dir='ltr'><strong>ita</strong></span> <span class='ocrx_word' id='word_1_84' title='bbox 518 1339 620 1405; x_wconf 85' lang='lat' dir='ltr'><strong>traxit</strong></span> <span class='ocrx_word' id='word_1_85' title='bbox 635 1359 710 1404; x_wconf 88' lang='lat' dir='ltr'><strong>eum</strong></span> <span class='ocrx_word' id='word_1_86' title='bbox 722 1340 757 1403; x_wconf 89' lang='lat' dir='ltr'><strong>in</strong></span> <span class='ocrx_word' id='word_1_87' title='bbox 777 1339 935 1425; x_wconf 84' lang='lat' dir='ltr'><strong>placitum</strong></span> <span class='ocrx_word' id='word_1_88' title='bbox 957 1349 1031 1427; x_wconf 82' lang='lat' dir='ltr'><strong>post</strong></span> <span class='ocrx_word' id='word_1_89' title='bbox 1052 1341 1305 1427; x_wconf 82' lang='lat' dir='ltr'><strong>prohibicionem</strong></span> 
     </span>
     <span class='ocr_line' id='line_1_11' title="bbox 197 1442 1304 1532; baseline -0.002 -21"><span class='ocrx_word' id='word_1_90' title='bbox 197 1445 347 1532; x_wconf 80' lang='lat' dir='ltr'><strong>producit</strong></span> <span class='ocrx_word' id='word_1_91' title='bbox 372 1454 494 1511; x_wconf 82' lang='lat' dir='ltr'><strong>sectam</strong></span> <span class='ocrx_word' id='word_1_92' title='bbox 521 1444 736 1510; x_wconf 88' lang='lat' dir='ltr'><strong>sufficientem</strong></span> <span class='ocrx_word' id='word_1_93' title='bbox 756 1442 761 1531; x_wconf 90' lang='grc' dir='ltr'>Ι</span> <span class='ocrx_word' id='word_1_94' title='bbox 781 1452 816 1509; x_wconf 90' lang='lat' dir='ltr'><strong>et</strong></span> <span class='ocrx_word' id='word_1_95' title='bbox 840 1445 928 1510; x_wconf 86' lang='lat' dir='ltr'><strong>unde</strong></span> <span class='ocrx_word' id='word_1_96' title='bbox 954 1445 1168 1512; x_wconf 82' lang='lat' dir='ltr'><strong>deterioratus</strong></span> <span class='ocrx_word' id='word_1_97' title='bbox 1192 1452 1244 1509; x_wconf 89' lang='lat' dir='ltr'><strong>est</strong></span> <span class='ocrx_word' id='word_1_98' title='bbox 1269 1452 1304 1511; x_wconf 90' lang='lat' dir='ltr'><strong>et</strong></span> 
     </span>
     <span class='ocr_line' id='line_1_12' title="bbox 196 1548 587 1635; baseline -0.003 -20"><span class='ocrx_word' id='word_1_99' title='bbox 196 1548 376 1635; x_wconf 83' lang='lat' dir='ltr'><strong>dampnum</strong></span> <span class='ocrx_word' id='word_1_100' title='bbox 391 1548 492 1613; x_wconf 86' lang='lat' dir='ltr'><strong>habet</strong></span> <span class='ocrx_word' id='word_1_101' title='bbox 505 1548 587 1614; x_wconf 75' lang='lat' dir='ltr'><strong>etc¹</strong></span> 
     </span>
    </p>

    <p class='ocr_par' dir='ltr' id='par_1_5' title="bbox 195 1651 1307 2673">
     <span class='ocr_line' id='line_1_13' title="bbox 262 1651 1304 1738; baseline -0.002 -21"><span class='ocrx_word' id='word_1_102' title='bbox 262 1653 308 1717; x_wconf 85' lang='lat' dir='ltr'><strong>Et</strong></span> <span class='ocrx_word' id='word_1_103' title='bbox 330 1652 489 1717; x_wconf 81' lang='lat' dir='ltr'><strong>Ricordus</strong></span> <span class='ocrx_word' id='word_1_104' title='bbox 514 1651 609 1717; x_wconf 86' lang='lat' dir='ltr'><strong>uenit</strong></span> <span class='ocrx_word' id='word_1_105' title='bbox 633 1659 669 1717; x_wconf 89' lang='lat' dir='ltr'><strong>et</strong></span> <span class='ocrx_word' id='word_1_106' title='bbox 691 1651 839 1717; x_wconf 82' lang='lat' dir='ltr'><strong>defendit</strong></span> <span class='ocrx_word' id='word_1_107' title='bbox 860 1661 972 1717; x_wconf 85' lang='lat' dir='ltr'><strong>contra</strong></span> <span class='ocrx_word' id='word_1_108' title='bbox 994 1651 1102 1738; x_wconf 88' lang='lat' dir='ltr'><strong>ipsum</strong></span> <span class='ocrx_word' id='word_1_109' title='bbox 1125 1659 1161 1716; x_wconf 89' lang='lat' dir='ltr'><strong>et</strong></span> <span class='ocrx_word' id='word_1_110' title='bbox 1181 1659 1304 1715; x_wconf 85' lang='lat' dir='ltr'><strong>sectam</strong></span> 
     </span>
     <span class='ocr_line' id='line_1_14' title="bbox 195 1755 1304 1843; baseline -0.002 -22"><span class='ocrx_word' id='word_1_111' title='bbox 195 1778 290 1821; x_wconf 88' lang='lat' dir='ltr'><strong>suam</strong></span> <span class='ocrx_word' id='word_1_112' title='bbox 312 1755 399 1843; x_wconf 95' lang='lat' dir='ltr'><strong>quod</strong></span> <span class='ocrx_word' id='word_1_113' title='bbox 420 1777 588 1843; x_wconf 90' lang='lat' dir='ltr'><strong>nunquam</strong></span> <span class='ocrx_word' id='word_1_114' title='bbox 610 1765 684 1843; x_wconf 90' lang='lat' dir='ltr'><strong>post</strong></span> <span class='ocrx_word' id='word_1_115' title='bbox 706 1755 961 1842; x_wconf 88' lang='lat' dir='ltr'><strong>prohibicionem</strong></span> <span class='ocrx_word' id='word_1_116' title='bbox 980 1764 1112 1821; x_wconf 84' lang='lat' dir='ltr'><strong>secutus</strong></span> <span class='ocrx_word' id='word_1_117' title='bbox 1125 1755 1191 1820; x_wconf 89' lang='lat' dir='ltr'><strong>fuit</strong></span> <span class='ocrx_word' id='word_1_118' title='bbox 1205 1755 1304 1841; x_wconf 85' lang='lat' dir='ltr'><strong>placi-</strong></span> 
     </span>
     <span class='ocr_line' id='line_1_15' title="bbox 196 1858 1307 1946; baseline 0 -23"><span class='ocrx_word' id='word_1_119' title='bbox 196 1868 270 1924; x_wconf 93' lang='lat' dir='ltr'><strong>tum</strong></span> <span class='ocrx_word' id='word_1_120' title='bbox 291 1859 375 1925; x_wconf 91' lang='lat' dir='ltr'><strong>illud</strong></span> <span class='ocrx_word' id='word_1_121' title='bbox 396 1867 447 1925; x_wconf 86' lang='lat' dir='ltr'><strong>set</strong></span> <span class='ocrx_word' id='word_1_122' title='bbox 468 1882 583 1925; x_wconf 89' lang='lat' dir='ltr'><strong>reuera</strong></span> <span class='ocrx_word' id='word_1_123' title='bbox 603 1860 762 1946; x_wconf 84' lang='lat' dir='ltr'><strong>Magister</strong></span> <span class='ocrx_word' id='word_1_124' title='bbox 775 1858 942 1923; x_wconf 87' lang='lat' dir='ltr'><strong>Walterus</strong></span> <span class='ocrx_word' id='word_1_125' title='bbox 960 1858 1001 1923; x_wconf 91' lang='lat' dir='ltr'><strong>de</strong></span> <span class='ocrx_word' id='word_1_126' title='bbox 1020 1858 1155 1923; x_wconf 86' lang='lat' dir='ltr'><strong>Grumb&#39;</strong></span> <span class='ocrx_word' id='word_1_127' title='bbox 1169 1880 1307 1945; x_wconf 81' lang='lat' dir='ltr'><strong>persona</strong></span> 
     </span>
     <span class='ocr_line' id='line_1_16' title="bbox 196 1959 1306 2049; baseline -0.002 -22"><span class='ocrx_word' id='word_1_128' title='bbox 196 1962 330 2028; x_wconf 86' lang='lat' dir='ltr'><strong>ecclesis</strong></span> <span class='ocrx_word' id='word_1_129' title='bbox 350 1962 393 2029; x_wconf 88' lang='lat' dir='ltr'><strong>de</strong></span> <span class='ocrx_word' id='word_1_130' title='bbox 415 1963 550 2049; x_wconf 88' lang='lat' dir='ltr'><strong>Uptona</strong></span> <span class='ocrx_word' id='word_1_131' title='bbox 571 1962 760 2029; x_wconf 88' lang='lat' dir='ltr'><strong>reeonuenit</strong></span> <span class='ocrx_word' id='word_1_132' title='bbox 782 1984 858 2028; x_wconf 92' lang='lat' dir='ltr'><strong>eum</strong></span> <span class='ocrx_word' id='word_1_133' title='bbox 880 1984 977 2048; x_wconf 89' lang='lat' dir='ltr'><strong>super</strong></span> <span class='ocrx_word' id='word_1_134' title='bbox 998 1959 1151 2047; x_wconf 81' lang='lat' dir='ltr'><strong>predictis</strong></span> <span class='ocrx_word' id='word_1_135' title='bbox 1171 1960 1306 2026; x_wconf 79' lang='lat' dir='ltr'><strong>decimis</strong></span> 
     </span>
     <span class='ocr_line' id='line_1_17' title="bbox 195 2065 1306 2154; baseline -0.001 -23"><span class='ocrx_word' id='word_1_136' title='bbox 195 2065 416 2133; x_wconf 77' lang='lat' dir='ltr'><strong>intendendo&#39;</strong></span> <span class='ocrx_word' id='word_1_137' title='bbox 444 2077 556 2135; x_wconf 84' lang='lat' dir='ltr'><strong>eontra</strong></span> <span class='ocrx_word' id='word_1_138' title='bbox 585 2091 660 2133; x_wconf 90' lang='lat' dir='ltr'><strong>eum</strong></span> <span class='ocrx_word' id='word_1_139' title='bbox 695 2068 925 2154; x_wconf 72' lang='lat' dir='ltr'><strong>possessorium</strong></span> <span class='ocrx_word' id='word_1_140' title='bbox 957 2075 993 2131; x_wconf 94' lang='lat' dir='ltr'><strong>et</strong></span> <span class='ocrx_word' id='word_1_141' title='bbox 1021 2066 1119 2131; x_wconf 83' lang='lat' dir='ltr'><strong>aliter</strong></span> <span class='ocrx_word' id='word_1_142' title='bbox 1146 2088 1212 2131; x_wconf 91' lang='lat' dir='ltr'><strong>non</strong></span> <span class='ocrx_word' id='word_1_143' title='bbox 1241 2066 1306 2131; x_wconf 87' lang='lat' dir='ltr'><strong>fuit</strong></span> 
     </span>
     <span class='ocr_line' id='line_1_18' title="bbox 195 2170 1305 2259; baseline -0.001 -23"><span class='ocrx_word' id='word_1_144' title='bbox 195 2180 328 2236; x_wconf 88' lang='lat' dir='ltr'><strong>secutus</strong></span> <span class='ocrx_word' id='word_1_145' title='bbox 349 2171 507 2259; x_wconf 82' lang='lat' dir='ltr'><strong>placitum</strong></span> <span class='ocrx_word' id='word_1_146' title='bbox 528 2172 611 2237; x_wconf 91' lang='lat' dir='ltr'><strong>illud</strong></span> <span class='ocrx_word' id='word_1_147' title='bbox 633 2194 692 2237; x_wconf 88' lang='lat' dir='ltr'><strong>nec</strong></span> <span class='ocrx_word' id='word_1_148' title='bbox 713 2178 877 2257; x_wconf 89' lang='lat' dir='ltr'><strong>sequetur,</strong></span> <span class='ocrx_word' id='word_1_149' title='bbox 898 2178 933 2236; x_wconf 92' lang='lat' dir='ltr'><strong>et</strong></span> <span class='ocrx_word' id='word_1_150' title='bbox 949 2171 1033 2237; x_wconf 91' lang='lat' dir='ltr'><strong>bene</strong></span> <span class='ocrx_word' id='word_1_151' title='bbox 1054 2170 1136 2236; x_wconf 89' lang='lat' dir='ltr'><strong>dicit</strong></span> <span class='ocrx_word' id='word_1_152' title='bbox 1157 2170 1244 2257; x_wconf 94' lang='lat' dir='ltr'><strong>quod</strong></span> <span class='ocrx_word' id='word_1_153' title='bbox 1263 2170 1305 2235; x_wconf 90' lang='lat' dir='ltr'><strong>de</strong></span> 
     </span>
     <span class='ocr_line' id='line_1_19' title="bbox 196 2274 1305 2362; baseline 0 -23"><span class='ocrx_word' id='word_1_154' title='bbox 196 2284 305 2340; x_wconf 86' lang='lat' dir='ltr'><strong>cetero</strong></span> <span class='ocrx_word' id='word_1_155' title='bbox 333 2298 398 2340; x_wconf 93' lang='lat' dir='ltr'><strong>non</strong></span> <span class='ocrx_word' id='word_1_156' title='bbox 428 2284 583 2362; x_wconf 89' lang='lat' dir='ltr'><strong>sequetur</strong></span> <span class='ocrx_word' id='word_1_157' title='bbox 608 2284 644 2340; x_wconf 95' lang='lat' dir='ltr'><strong>et</strong></span> <span class='ocrx_word' id='word_1_158' title='bbox 668 2274 798 2339; x_wconf 88' lang='lat' dir='ltr'><strong>inuenit</strong></span> <span class='ocrx_word' id='word_1_159' title='bbox 826 2274 921 2361; x_wconf 86' lang='lat' dir='ltr'><strong>pleg&#39;.</strong></span> <span class='ocrx_word' id='word_1_160' title='bbox 965 2275 1009 2340; x_wconf 90' lang='lat' dir='ltr'><strong>Et</strong></span> <span class='ocrx_word' id='word_1_161' title='bbox 1037 2275 1125 2362; x_wconf 89' lang='lat' dir='ltr'><strong>quod</strong></span> <span class='ocrx_word' id='word_1_162' title='bbox 1149 2275 1305 2340; x_wconf 87' lang='lat' dir='ltr'><strong>nonfuit</strong></span> 
     </span>
     <span class='ocr_line' id='line_1_20' title="bbox 197 2369 1307 2467; baseline 0.001 -25"><span class='ocrx_word' id='word_1_163' title='bbox 197 2386 329 2443; x_wconf 87' lang='lat' dir='ltr'><strong>secutus</strong></span> <span class='ocrx_word' id='word_1_164' title='bbox 347 2378 502 2445; x_wconf 83' lang='lat' dir='ltr'><strong>defendat</strong></span> <span class='ocrx_word' id='word_1_165' title='bbox 521 2402 556 2445; x_wconf 90' lang='lat' dir='ltr'><strong>se</strong></span> <span class='ocrx_word' id='word_1_166' title='bbox 576 2369 658 2463; x_wconf 64' lang='lat' dir='ltr'><strong>xijm</strong></span> <span class='ocrx_word' id='word_1_167' title='bbox 671 2400 771 2442; x_wconf 81' lang='lat' dir='ltr'><strong>manu</strong></span> <span class='ocrx_word' id='word_1_168' title='bbox 794 2386 829 2442; x_wconf 90' lang='lat' dir='ltr'><strong>et</strong></span> <span class='ocrx_word' id='word_1_169' title='bbox 844 2378 957 2443; x_wconf 90' lang='lat' dir='ltr'><strong>ueniat</strong></span> <span class='ocrx_word' id='word_1_170' title='bbox 971 2401 1046 2443; x_wconf 89' lang='lat' dir='ltr'><strong>cum</strong></span> <span class='ocrx_word' id='word_1_171' title='bbox 1061 2380 1144 2467; x_wconf 86' lang='lat' dir='ltr'><strong>lege.</strong></span> <span class='ocrx_word' id='word_1_172' title='bbox 1189 2378 1307 2443; x_wconf 89' lang='lat' dir='ltr'><strong>Postea</strong></span> 
     </span>
     <span class='ocr_line' id='line_1_21' title="bbox 197 2482 1305 2569; baseline 0 -22"><span class='ocrx_word' id='word_1_173' title='bbox 197 2483 406 2549; x_wconf 77' lang='lat' dir='ltr'><strong>remittatur⁸</strong></span> <span class='ocrx_word' id='word_1_174' title='bbox 425 2485 478 2549; x_wconf 88' lang='lat' dir='ltr'><strong>lex</strong></span> <span class='ocrx_word' id='word_1_175' title='bbox 498 2483 576 2569; x_wconf 83' lang='lat' dir='ltr'><strong>quie</strong></span> <span class='ocrx_word' id='word_1_176' title='bbox 595 2483 683 2548; x_wconf 89' lang='lat' dir='ltr'><strong>idem</strong></span> <span class='ocrx_word' id='word_1_177' title='bbox 702 2482 880 2547; x_wconf 81' lang='lat' dir='ltr'><strong>Ricardus⁴</strong></span> <span class='ocrx_word' id='word_1_178' title='bbox 893 2506 959 2547; x_wconf 91' lang='lat' dir='ltr'><strong>non</strong></span> <span class='ocrx_word' id='word_1_179' title='bbox 973 2483 1124 2569; x_wconf 91' lang='lat' dir='ltr'><strong>sequitur</strong></span> <span class='ocrx_word' id='word_1_180' title='bbox 1137 2491 1172 2548; x_wconf 87' lang='lat' dir='ltr'><strong>et</strong></span> <span class='ocrx_word' id='word_1_181' title='bbox 1186 2506 1305 2549; x_wconf 91' lang='lat' dir='ltr'><strong>rennn-</strong></span> 
     </span>
     <span class='ocr_line' id='line_1_22' title="bbox 196 2585 1186 2673; baseline 0.003 -22"><span class='ocrx_word' id='word_1_182' title='bbox 196 2587 263 2652; x_wconf 90' lang='lat' dir='ltr'><strong>ciat</strong></span> <span class='ocrx_word' id='word_1_183' title='bbox 278 2588 364 2652; x_wconf 88' lang='lat' dir='ltr'><strong>uisui</strong></span> <span class='ocrx_word' id='word_1_184' title='bbox 379 2588 547 2653; x_wconf 87' lang='lat' dir='ltr'><strong>literarum</strong></span> <span class='ocrx_word' id='word_1_185' title='bbox 563 2588 655 2653; x_wconf 92' lang='lat' dir='ltr'><strong>Dom.</strong></span> <span class='ocrx_word' id='word_1_186' title='bbox 672 2587 760 2673; x_wconf 87' lang='lat' dir='ltr'><strong>Pape</strong></span> <span class='ocrx_word' id='word_1_187' title='bbox 775 2595 810 2651; x_wconf 90' lang='lat' dir='ltr'><strong>et</strong></span> <span class='ocrx_word' id='word_1_188' title='bbox 824 2585 933 2651; x_wconf 89' lang='lat' dir='ltr'><strong>reddit</strong></span> <span class='ocrx_word' id='word_1_189' title='bbox 947 2586 1058 2650; x_wconf 85' lang='lat' dir='ltr'><strong>literas</strong></span> <span class='ocrx_word' id='word_1_190' title='bbox 1072 2586 1186 2654; x_wconf 88' lang='lat' dir='ltr'><strong>iustic&#39;.</strong></span> 
     </span>
    </p>
   </div>
   <div class='ocr_carea' id='block_1_5' title="bbox 138 2688 1426 2777">
    <p class='ocr_par' dir='ltr' id='par_1_6' title="bbox 138 2688 1426 2777">
     <span class='ocr_line' id='line_1_23' title="bbox 138 2688 1426 2777; baseline 0 -22"><span class='ocrx_word' id='word_1_191' title='bbox 138 2742 145 2755; x_wconf 94' lang='lat'><strong><em>.</em></strong></span> <span class='ocrx_word' id='word_1_192' title='bbox 263 2688 337 2755; x_wconf 87' lang='lat' dir='ltr'><strong>Ada</strong></span> <span class='ocrx_word' id='word_1_193' title='bbox 351 2691 437 2757; x_wconf 88' lang='lat' dir='ltr'><strong>filius</strong></span> <span class='ocrx_word' id='word_1_194' title='bbox 452 2691 541 2756; x_wconf 87' lang='lat' dir='ltr'><strong>Petri</strong></span> <span class='ocrx_word' id='word_1_195' title='bbox 556 2691 677 2777; x_wconf 91' lang='lat' dir='ltr'><strong>optulit</strong></span> <span class='ocrx_word' id='word_1_196' title='bbox 692 2712 726 2755; x_wconf 88' lang='lat' dir='ltr'><strong>se</strong></span> <span class='ocrx_word' id='word_1_197' title='bbox 741 2690 813 2775; x_wconf 64' lang='lat' dir='ltr'><strong>iiije</strong></span> <span class='ocrx_word' id='word_1_198' title='bbox 827 2690 880 2754; x_wconf 92' lang='lat' dir='ltr'><strong>die</strong></span> <span class='ocrx_word' id='word_1_199' title='bbox 896 2710 1009 2754; x_wconf 91' lang='lat' dir='ltr'><strong>uersus</strong></span> <span class='ocrx_word' id='word_1_200' title='bbox 1028 2690 1185 2755; x_wconf 83' lang='lat' dir='ltr'><strong>Thomam</strong></span> <span class='ocrx_word' id='word_1_201' title='bbox 1199 2691 1304 2756; x_wconf 86' lang='lat' dir='ltr'><strong>filium</strong></span> <span class='ocrx_word' id='word_1_202' title='bbox 1411 2714 1426 2743; x_wconf 75' lang='lat' dir='ltr'><strong>r·</strong></span> 
     </span>
    </p>
   </div>
   <div class='ocr_carea' id='block_1_6' title="bbox 196 2792 1306 3397">
    <p class='ocr_par' dir='ltr' id='par_1_7' title="bbox 196 2792 1306 3397">
     <span class='ocr_line' id='line_1_24' title="bbox 198 2792 1305 2881; baseline 0.002 -25"><span class='ocrx_word' id='word_1_203' title='bbox 198 2792 271 2857; x_wconf 88' lang='lat' dir='ltr'><strong>Ade</strong></span> <span class='ocrx_word' id='word_1_204' title='bbox 285 2792 327 2858; x_wconf 91' lang='lat' dir='ltr'><strong>de</strong></span> <span class='ocrx_word' id='word_1_205' title='bbox 342 2795 461 2880; x_wconf 77' lang='lat' dir='ltr'><strong>placito</strong></span> <span class='ocrx_word' id='word_1_206' title='bbox 476 2817 575 2881; x_wconf 87' lang='lat' dir='ltr'><strong>quare</strong></span> <span class='ocrx_word' id='word_1_207' title='bbox 591 2803 720 2859; x_wconf 86' lang='lat' dir='ltr'><strong>secutus</strong></span> <span class='ocrx_word' id='word_1_208' title='bbox 735 2801 785 2859; x_wconf 88' lang='lat' dir='ltr'><strong>est</strong></span> <span class='ocrx_word' id='word_1_209' title='bbox 804 2793 963 2879; x_wconf 85' lang='lat' dir='ltr'><strong>placitum</strong></span> <span class='ocrx_word' id='word_1_210' title='bbox 983 2793 1017 2856; x_wconf 90' lang='lat' dir='ltr'><strong>in</strong></span> <span class='ocrx_word' id='word_1_211' title='bbox 1037 2794 1127 2858; x_wconf 86' lang='lat' dir='ltr'><strong>curia</strong></span> <span class='ocrx_word' id='word_1_212' title='bbox 1147 2794 1305 2859; x_wconf 88' lang='lat' dir='ltr'><strong>cristiani-</strong></span> 
     </span>
     <span class='ocr_line' id='line_1_25' title="bbox 198 2888 1305 2983; baseline -0.001 -22"><span class='ocrx_word' id='word_1_213' title='bbox 198 2896 278 2962; x_wconf 80' lang='lat' dir='ltr'><strong>tatis</strong></span> <span class='ocrx_word' id='word_1_214' title='bbox 292 2897 333 2963; x_wconf 89' lang='lat' dir='ltr'><strong>de</strong></span> <span class='ocrx_word' id='word_1_215' title='bbox 348 2898 429 2963; x_wconf 88' lang='lat' dir='ltr'><strong>laico</strong></span> <span class='ocrx_word' id='word_1_216' title='bbox 444 2898 536 2963; x_wconf 88' lang='lat' dir='ltr'><strong>feodo</strong></span> <span class='ocrx_word' id='word_1_217' title='bbox 551 2898 654 2983; x_wconf 90' lang='lat' dir='ltr'><strong>ipsius</strong></span> <span class='ocrx_word' id='word_1_218' title='bbox 668 2888 740 2962; x_wconf 82' lang='lat' dir='ltr'><strong>Ade</strong></span> <span class='ocrx_word' id='word_1_219' title='bbox 760 2896 795 2960; x_wconf 90' lang='lat' dir='ltr'><strong>in</strong></span> <span class='ocrx_word' id='word_1_220' title='bbox 816 2896 960 2961; x_wconf 84' lang='lat' dir='ltr'><strong>Eboraco</strong></span> <span class='ocrx_word' id='word_1_221' title='bbox 980 2904 1094 2961; x_wconf 86' lang='lat' dir='ltr'><strong>contra</strong></span> <span class='ocrx_word' id='word_1_222' title='bbox 1114 2895 1305 2981; x_wconf 90' lang='lat' dir='ltr'><strong>prohibicio-</strong></span> 
     </span>
     <span class='ocr_line' id='line_1_26' title="bbox 198 3000 1306 3067; baseline 0 -3"><span class='ocrx_word' id='word_1_223' title='bbox 198 3022 273 3065; x_wconf 88' lang='lat' dir='ltr'><strong>nem</strong></span> <span class='ocrx_word' id='word_1_224' title='bbox 303 3007 362 3066; x_wconf 75' lang='lat' dir='ltr'><strong>etu</strong></span> <span class='ocrx_word' id='word_1_225' title='bbox 409 3001 452 3066; x_wconf 92' lang='lat' dir='ltr'><strong>Et</strong></span> <span class='ocrx_word' id='word_1_226' title='bbox 482 3002 621 3066; x_wconf 85' lang='lat' dir='ltr'><strong>Thomas</strong></span> <span class='ocrx_word' id='word_1_227' title='bbox 650 3024 715 3065; x_wconf 91' lang='lat' dir='ltr'><strong>non</strong></span> <span class='ocrx_word' id='word_1_228' title='bbox 744 3001 839 3067; x_wconf 88' lang='lat' dir='ltr'><strong>uenit</strong></span> <span class='ocrx_word' id='word_1_229' title='bbox 867 3009 928 3066; x_wconf 84' lang='lat' dir='ltr'><strong>etc</strong></span> <span class='ocrx_word' id='word_1_230' title='bbox 958 3008 994 3065; x_wconf 91' lang='lat' dir='ltr'><strong>et</strong></span> <span class='ocrx_word' id='word_1_231' title='bbox 1021 3001 1213 3066; x_wconf 88' lang='lat' dir='ltr'><strong>mandatum</strong></span> <span class='ocrx_word' id='word_1_232' title='bbox 1242 3000 1306 3065; x_wconf 84' lang='lat' dir='ltr'><strong>fult</strong></span> 
     </span>
     <span class='ocr_line' id='line_1_27' title="bbox 197 3102 1306 3191; baseline -0.001 -22"><span class='ocrx_word' id='word_1_233' title='bbox 197 3104 448 3190; x_wconf 86' lang='lat' dir='ltr'><strong>Archiepiscopo</strong></span> <span class='ocrx_word' id='word_1_234' title='bbox 471 3104 664 3170; x_wconf 84' lang='lat' dir='ltr'><strong>Eboraoensi</strong></span> <span class='ocrx_word' id='word_1_235' title='bbox 689 3104 776 3191; x_wconf 91' lang='lat' dir='ltr'><strong>quod</strong></span> <span class='ocrx_word' id='word_1_236' title='bbox 800 3105 923 3169; x_wconf 82' lang='lat' dir='ltr'><strong>faceret</strong></span> <span class='ocrx_word' id='word_1_237' title='bbox 947 3125 1025 3169; x_wconf 88' lang='lat' dir='ltr'><strong>eum</strong></span> <span class='ocrx_word' id='word_1_238' title='bbox 1046 3104 1158 3168; x_wconf 82' lang='lat' dir='ltr'><strong>uenire</strong></span> <span class='ocrx_word' id='word_1_239' title='bbox 1179 3111 1214 3168; x_wconf 90' lang='lat' dir='ltr'><strong>et</strong></span> <span class='ocrx_word' id='word_1_240' title='bbox 1235 3102 1306 3189; x_wconf 88' lang='lat' dir='ltr'><strong>ipse</strong></span> 
     </span>
     <span class='ocr_line' id='line_1_28' title="bbox 197 3206 1305 3294; baseline -0.002 -21"><span class='ocrx_word' id='word_1_241' title='bbox 197 3208 299 3273; x_wconf 87' lang='lat' dir='ltr'><strong>nichil</strong></span> <span class='ocrx_word' id='word_1_242' title='bbox 314 3208 390 3273; x_wconf 90' lang='lat' dir='ltr'><strong>inde</strong></span> <span class='ocrx_word' id='word_1_243' title='bbox 405 3208 491 3274; x_wconf 81' lang='lat' dir='ltr'><strong>fecit.</strong></span> <span class='ocrx_word' id='word_1_244' title='bbox 527 3209 573 3273; x_wconf 87' lang='lat' dir='ltr'><strong>Et</strong></span> <span class='ocrx_word' id='word_1_245' title='bbox 587 3208 659 3274; x_wconf 90' lang='lat' dir='ltr'><strong>ideo</strong></span> <span class='ocrx_word' id='word_1_246' title='bbox 677 3217 922 3274; x_wconf 85' lang='lat' dir='ltr'><strong>summoneatur</strong></span> <span class='ocrx_word' id='word_1_247' title='bbox 935 3207 1204 3294; x_wconf 88' lang='lat' dir='ltr'><strong>Archiepiscopus</strong></span> <span class='ocrx_word' id='word_1_248' title='bbox 1218 3206 1305 3294; x_wconf 91' lang='lat' dir='ltr'><strong>quod</strong></span> 
     </span>
     <span class='ocr_line' id='line_1_29' title="bbox 196 3308 1304 3397; baseline -0.001 -21"><span class='ocrx_word' id='word_1_249' title='bbox 196 3312 242 3376; x_wconf 88' lang='lat' dir='ltr'><strong>sit</strong></span> <span class='ocrx_word' id='word_1_250' title='bbox 256 3319 317 3376; x_wconf 83' lang='lat' dir='ltr'><strong>etc.</strong></span> <span class='ocrx_word' id='word_1_251' title='bbox 332 3310 397 3376; x_wconf 88' lang='lat' dir='ltr'><strong>nisi</strong></span> <span class='ocrx_word' id='word_1_252' title='bbox 410 3310 581 3376; x_wconf 85' lang='lat' dir='ltr'><strong>iusticiarii</strong></span> <span class='ocrx_word' id='word_1_253' title='bbox 596 3319 656 3376; x_wconf 85' lang='lat' dir='ltr'><strong>etc</strong></span> <span class='ocrx_word' id='word_1_254' title='bbox 673 3319 707 3376; x_wconf 89' lang='lat' dir='ltr'><strong>et</strong></span> <span class='ocrx_word' id='word_1_255' title='bbox 722 3311 769 3376; x_wconf 91' lang='lat' dir='ltr'><strong>ibi</strong></span> <span class='ocrx_word' id='word_1_256' title='bbox 783 3310 904 3376; x_wconf 80' lang='lat' dir='ltr'><strong>habent</strong></span> <span class='ocrx_word' id='word_1_257' title='bbox 919 3309 1102 3397; x_wconf 87' lang='lat' dir='ltr'><strong>predictum</strong></span> <span class='ocrx_word' id='word_1_258' title='bbox 1119 3308 1304 3375; x_wconf 79' lang='lat' dir='ltr'><strong>Thomnm⁸.</strong></span> 
     </span>
    </p>
   </div>
   <div class='ocr_carea' id='block_1_7' title="bbox 133 3412 1424 3604">
    <p class='ocr_par' dir='ltr' id='par_1_8' title="bbox 133 3412 1424 3604">
     <span class='ocr_line' id='line_1_30' title="bbox 133 3412 1420 3500; baseline -0.019 -7"><span class='ocrx_word' id='word_1_259' title='bbox 133 3476 140 3489; x_wconf 92' lang='lat'><em>.</em></span> <span class='ocrx_word' id='word_1_260' title='bbox 263 3414 375 3480; x_wconf 71' lang='lat' dir='ltr'><strong>Abbua</strong></span> <span class='ocrx_word' id='word_1_261' title='bbox 398 3413 558 3481; x_wconf 86' lang='lat' dir='ltr'><strong>Croiland’</strong></span> <span class='ocrx_word' id='word_1_262' title='bbox 578 3436 636 3499; x_wconf 86' lang='lat' dir='ltr'><strong>per</strong></span> <span class='ocrx_word' id='word_1_263' title='bbox 653 3422 856 3479; x_wconf 88' lang='lat' dir='ltr'><strong>attomatum</strong></span> <span class='ocrx_word' id='word_1_264' title='bbox 870 3436 967 3478; x_wconf 93' lang='lat' dir='ltr'><strong>suum</strong></span> <span class='ocrx_word' id='word_1_265' title='bbox 982 3412 1103 3500; x_wconf 90' lang='lat' dir='ltr'><strong>optulit</strong></span> <span class='ocrx_word' id='word_1_266' title='bbox 1116 3436 1151 3479; x_wconf 91' lang='lat' dir='ltr'><strong>se</strong></span> <span class='ocrx_word' id='word_1_267' title='bbox 1165 3414 1237 3499; x_wconf 62' lang='lat' dir='ltr'><strong>iiijr</strong></span> <span class='ocrx_word' id='word_1_268' title='bbox 1250 3413 1304 3479; x_wconf 87' lang='lat' dir='ltr'><strong>die</strong></span> <span class='ocrx_word' id='word_1_269' title='bbox 1403 3436 1420 3465; x_wconf 69' lang='lat' dir='ltr'><strong>e.</strong></span> 
     </span>
     <span class='ocr_line' id='line_1_31' title="bbox 199 3500 1424 3604; baseline -0.005 -20"><span class='ocrx_word' id='word_1_270' title='bbox 199 3540 312 3583; x_wconf 86' lang='lat' dir='ltr'><strong>uersus</strong></span> <span class='ocrx_word' id='word_1_271' title='bbox 328 3517 503 3583; x_wconf 87' lang='lat' dir='ltr'><strong>Osbertum</strong></span> <span class='ocrx_word' id='word_1_272' title='bbox 518 3518 622 3581; x_wconf 90' lang='lat' dir='ltr'><strong>filium</strong></span> <span class='ocrx_word' id='word_1_273' title='bbox 643 3516 767 3604; x_wconf 86' lang='lat' dir='ltr'><strong>Nigelli</strong></span> <span class='ocrx_word' id='word_1_274' title='bbox 780 3516 822 3581; x_wconf 91' lang='lat' dir='ltr'><strong>de</strong></span> <span class='ocrx_word' id='word_1_275' title='bbox 837 3516 957 3603; x_wconf 86' lang='lat' dir='ltr'><strong>placito</strong></span> <span class='ocrx_word' id='word_1_276' title='bbox 971 3516 1058 3603; x_wconf 89' lang='lat' dir='ltr'><strong>quod</strong></span> <span class='ocrx_word' id='word_1_277' title='bbox 1073 3518 1259 3583; x_wconf 80' lang='lat' dir='ltr'><strong>warentinet</strong></span> <span class='ocrx_word' id='word_1_278' title='bbox 1273 3520 1304 3583; x_wconf 92' lang='lat' dir='ltr'><strong>ei</strong></span> <span class='ocrx_word' id='word_1_279' title='bbox 1408 3500 1424 3529; x_wconf 76' lang='lat'><strong>&#39;&#39;</strong></span> 
     </span>
    </p>
   </div>
   <div class='ocr_carea' id='block_1_8' title="bbox 198 3621 1305 3708">
    <p class='ocr_par' dir='ltr' id='par_1_9' title="bbox 198 3621 1305 3708">
     <span class='ocr_line' id='line_1_32' title="bbox 198 3621 1305 3708; baseline -0.003 -19"><span class='ocrx_word' id='word_1_280' title='bbox 198 3622 429 3689; x_wconf 86' lang='lat' dir='ltr'><strong>aduocaciones</strong></span> <span class='ocrx_word' id='word_1_281' title='bbox 451 3622 657 3688; x_wconf 80' lang='lat' dir='ltr'><strong>ecclesiarum</strong></span> <span class='ocrx_word' id='word_1_282' title='bbox 680 3622 721 3687; x_wconf 90' lang='lat' dir='ltr'><strong>de</strong></span> <span class='ocrx_word' id='word_1_283' title='bbox 743 3621 969 3708; x_wconf 80' lang='lat' dir='ltr'><strong>Wendelegha</strong></span> <span class='ocrx_word' id='word_1_284' title='bbox 990 3622 1025 3685; x_wconf 89' lang='lat' dir='ltr'><strong>in</strong></span> <span class='ocrx_word' id='word_1_285' title='bbox 1047 3642 1125 3687; x_wconf 81' lang='lat' dir='ltr'><strong>eom.</strong></span> <span class='ocrx_word' id='word_1_286' title='bbox 1148 3623 1243 3688; x_wconf 88' lang='lat' dir='ltr'><strong>Ebor.</strong></span> <span class='ocrx_word' id='word_1_287' title='bbox 1270 3631 1305 3687; x_wconf 89' lang='lat' dir='ltr'><strong>et</strong></span> 
     </span>
    </p>
   </div>
   <div class='ocr_carea' id='block_1_9' title="bbox 199 3828 1307 4413">
    <p class='ocr_par' dir='ltr' id='par_1_10' title="bbox 199 3828 1307 4413">
     <span class='ocr_line' id='line_1_33' title="bbox 231 3828 834 3891; baseline -0.003 -11"><span class='ocrx_word' id='word_1_288' title='bbox 231 3830 306 3880; x_wconf 83' lang='lat' dir='ltr'><strong>¹See</strong></span> <span class='ocrx_word' id='word_1_289' title='bbox 323 3828 397 3879; x_wconf 67' lang='lat' dir='ltr'><strong>Bar.</strong></span> <span class='ocrx_word' id='word_1_290' title='bbox 411 3830 460 3881; x_wconf 74' lang='lat' dir='ltr'><strong>tot</strong></span> <span class='ocrx_word' id='word_1_291' title='bbox 476 3844 506 3879; x_wconf 80' lang='lat' dir='ltr'><strong>us</strong></span> <span class='ocrx_word' id='word_1_292' title='bbox 523 3833 550 3879; x_wconf 86' lang='lat' dir='ltr'><strong>to</strong></span> <span class='ocrx_word' id='word_1_293' title='bbox 567 3828 726 3891; x_wconf 87' lang='lat' dir='ltr'><strong>prohibition</strong></span> <span class='ocrx_word' id='word_1_294' title='bbox 777 3829 834 3879; x_wconf 80' lang='lat' dir='ltr'><strong>lsu.</strong></span> 
     </span>
     <span class='ocr_line' id='line_1_34' title="bbox 199 3892 1103 3956; baseline -0.002 -11"><span class='ocrx_word' id='word_1_295' title='bbox 199 3895 312 3945; x_wconf 77' lang='lat' dir='ltr'><strong>messes</strong></span> <span class='ocrx_word' id='word_1_296' title='bbox 322 3895 401 3945; x_wconf 87' lang='lat' dir='ltr'><strong>about</strong></span> <span class='ocrx_word' id='word_1_297' title='bbox 412 3894 500 3945; x_wconf 72' lang='lat' dir='ltr'><strong>tithan.</strong></span> <span class='ocrx_word' id='word_1_298' title='bbox 534 3894 598 3943; x_wconf 80' lang='lat' dir='ltr'><strong>This</strong></span> <span class='ocrx_word' id='word_1_299' title='bbox 612 3908 665 3943; x_wconf 80' lang='lat' dir='ltr'><strong>was</strong></span> <span class='ocrx_word' id='word_1_300' title='bbox 681 3894 727 3943; x_wconf 82' lang='lat' dir='ltr'><strong>the</strong></span> <span class='ocrx_word' id='word_1_301' title='bbox 809 3892 1103 3956; x_wconf 78' lang='lat' dir='ltr'><strong>³00m.remittitur(?)</strong></span> 
     </span>
     <span class='ocr_line' id='line_1_35' title="bbox 199 3958 1305 4023; baseline -0.001 -13"><span class='ocrx_word' id='word_1_302' title='bbox 199 3960 300 4023; x_wconf 81' lang='lat' dir='ltr'><strong>subject</strong></span> <span class='ocrx_word' id='word_1_303' title='bbox 321 3961 349 4009; x_wconf 82' lang='lat' dir='ltr'><strong>ol</strong></span> <span class='ocrx_word' id='word_1_304' title='bbox 370 3959 482 4022; x_wconf 78' lang='lat' dir='ltr'><strong>buming</strong></span> <span class='ocrx_word' id='word_1_305' title='bbox 503 3958 645 4021; x_wconf 83' lang='lat' dir='ltr'><strong>questions.</strong></span> <span class='ocrx_word' id='word_1_306' title='bbox 679 3958 727 4009; x_wconf 77' lang='lat' dir='ltr'><strong>See</strong></span> <span class='ocrx_word' id='word_1_307' title='bbox 809 3958 952 4021; x_wconf 85' lang='lat' dir='ltr'><strong>⁴Perhaps</strong></span> <span class='ocrx_word' id='word_1_308' title='bbox 978 3959 1001 4008; x_wconf 88' lang='lat' dir='ltr'><strong>it</strong></span> <span class='ocrx_word' id='word_1_309' title='bbox 1027 3958 1122 4008; x_wconf 82' lang='lat' dir='ltr'><strong>should</strong></span> <span class='ocrx_word' id='word_1_310' title='bbox 1148 3958 1180 4009; x_wconf 85' lang='lat' dir='ltr'><strong>bs</strong></span> <span class='ocrx_word' id='word_1_311' title='bbox 1206 3960 1305 4009; x_wconf 70' lang='lat' dir='ltr'><strong>reem.</strong></span> 
     </span>
     <span class='ocr_line' id='line_1_36' title="bbox 199 4022 1306 4089; baseline -0.002 -14"><span class='ocrx_word' id='word_1_312' title='bbox 199 4026 244 4076; x_wconf 86' lang='lat' dir='ltr'><strong>the</strong></span> <span class='ocrx_word' id='word_1_313' title='bbox 260 4028 359 4089; x_wconf 84' lang='lat' dir='ltr'><strong>protest</strong></span> <span class='ocrx_word' id='word_1_314' title='bbox 375 4025 404 4074; x_wconf 77' lang='lat' dir='ltr'><strong>ot</strong></span> <span class='ocrx_word' id='word_1_315' title='bbox 419 4024 464 4073; x_wconf 86' lang='lat' dir='ltr'><strong>the</strong></span> <span class='ocrx_word' id='word_1_316' title='bbox 480 4024 571 4087; x_wconf 56' lang='lat' dir='ltr'><strong>olera,</strong></span> <span class='ocrx_word' id='word_1_317' title='bbox 587 4038 636 4075; x_wconf 75' lang='grc' dir='ltr'>ιιι.</span> <span class='ocrx_word' id='word_1_318' title='bbox 654 4025 726 4081; x_wconf 74' lang='grc'><strong>1237,</strong></span> <span class='ocrx_word' id='word_1_319' title='bbox 776 4022 890 4073; x_wconf 73' lang='lat' dir='ltr'><strong>Richnrd</strong></span> <span class='ocrx_word' id='word_1_320' title='bbox 900 4024 925 4072; x_wconf 82' lang='lat' dir='ltr'><strong>is</strong></span> <span class='ocrx_word' id='word_1_321' title='bbox 934 4023 1044 4073; x_wconf 83' lang='lat' dir='ltr'><strong>exoused</strong></span> <span class='ocrx_word' id='word_1_322' title='bbox 1058 4025 1126 4073; x_wconf 75' lang='lat' dir='ltr'><strong>from</strong></span> <span class='ocrx_word' id='word_1_323' title='bbox 1141 4023 1249 4087; x_wconf 73' lang='lat' dir='ltr'><strong>making</strong></span> <span class='ocrx_word' id='word_1_324' title='bbox 1262 4025 1306 4073; x_wconf 86' lang='lat' dir='ltr'><strong>his</strong></span> 
     </span>
     <span class='ocr_line' id='line_1_37' title="bbox 199 4088 1306 4164; baseline -0.001 -24"><span class='ocrx_word' id='word_1_325' title='bbox 199 4089 449 4140; x_wconf 74' lang='lat' dir='ltr'><strong>AnnalsolBurton</strong></span> <span class='ocrx_word' id='word_1_326' title='bbox 461 4088 537 4152; x_wconf 73' lang='lat' dir='ltr'><strong>(Anu.</strong></span> <span class='ocrx_word' id='word_1_327' title='bbox 549 4090 725 4154; x_wconf 78' lang='lat' dir='ltr'><strong>Mon.vol.1)‚</strong></span> <span class='ocrx_word' id='word_1_328' title='bbox 776 4089 826 4164; x_wconf 69' lang='lat' dir='ltr'><strong>lau</strong></span> <span class='ocrx_word' id='word_1_329' title='bbox 844 4089 953 4138; x_wconf 73' lang='lat' dir='ltr'><strong>because</strong></span> <span class='ocrx_word' id='word_1_330' title='bbox 971 4090 1047 4138; x_wconf 81' lang='lat' dir='ltr'><strong>Peter</strong></span> <span class='ocrx_word' id='word_1_331' title='bbox 1067 4088 1245 4163; x_wconf 76' lang='lat' dir='ltr'><strong>discontinues</strong></span> <span class='ocrx_word' id='word_1_332' title='bbox 1261 4089 1306 4139; x_wconf 87' lang='lat' dir='ltr'><strong>the</strong></span> 
     </span>
     <span class='ocr_line' id='line_1_38' title="bbox 200 4153 1307 4282; baseline -0.004 -12"><span class='ocrx_word' id='word_1_333' title='bbox 200 4156 311 4271; x_wconf 54' lang='grc' dir='ltr'>Ρὲὅθῦἱιι.</span> <span class='ocrx_word' id='word_1_334' title='bbox 345 4218 393 4270; x_wconf 77' lang='lat' dir='ltr'><strong>Sec</strong></span> <span class='ocrx_word' id='word_1_335' title='bbox 409 4218 531 4282; x_wconf 75' lang='lat' dir='ltr'><strong>Ducangs</strong></span> <span class='ocrx_word' id='word_1_336' title='bbox 542 4219 676 4275; x_wconf 77' lang='lat' dir='ltr'><strong>intentare,</strong></span> <span class='ocrx_word' id='word_1_337' title='bbox 688 4220 726 4268; x_wconf 81' lang='lat' dir='ltr'><strong>in·</strong></span> <span class='ocrx_word' id='word_1_338' title='bbox 778 4154 1024 4268; x_wconf 49' lang='lat' dir='ltr'><strong>iffituncestrldihihe</strong></span> <span class='ocrx_word' id='word_1_339' title='bbox 1041 4153 1173 4217; x_wconf 53' lang='lat' dir='ltr'><strong>mmm</strong></span> <span class='ocrx_word' id='word_1_340' title='bbox 1190 4155 1307 4205; x_wconf 58' lang='lat' dir='ltr'><strong>ohml</strong></span> 
     </span>
     <span class='ocr_line' id='line_1_39' title="bbox 200 4282 1306 4347; baseline -0.003 -11"><span class='ocrx_word' id='word_1_341' title='bbox 200 4289 341 4336; x_wconf 66' lang='lat' dir='ltr'><strong>reminiscare</strong></span> <span class='ocrx_word' id='word_1_342' title='bbox 357 4288 406 4334; x_wconf 84' lang='lat' dir='ltr'><strong>ets.</strong></span> <span class='ocrx_word' id='word_1_343' title='bbox 439 4283 495 4334; x_wconf 80' lang='lat' dir='ltr'><strong>Tha</strong></span> <span class='ocrx_word' id='word_1_344' title='bbox 509 4286 688 4347; x_wconf 63' lang='lat' dir='ltr'><strong>monesterium</strong></span> <span class='ocrx_word' id='word_1_345' title='bbox 703 4284 727 4332; x_wconf 90' lang='lat' dir='ltr'><strong>is</strong></span> <span class='ocrx_word' id='word_1_346' title='bbox 810 4283 1039 4335; x_wconf 55' lang='lat' dir='ltr'><strong>motarum.</strong></span> <span class='ocrx_word' id='word_1_347' title='bbox 1075 4282 1186 4335; x_wconf 70' lang='lat' dir='ltr'><strong>Observa</strong></span> <span class='ocrx_word' id='word_1_348' title='bbox 1196 4284 1242 4335; x_wconf 83' lang='lat' dir='ltr'><strong>the</strong></span> <span class='ocrx_word' id='word_1_349' title='bbox 1251 4287 1306 4335; x_wconf 75' lang='lat' dir='ltr'><strong>nisi</strong></span> 
     </span>
     <span class='ocr_line' id='line_1_40' title="bbox 199 4348 858 4413; baseline 0 -13"><span class='ocrx_word' id='word_1_350' title='bbox 199 4351 240 4400; x_wconf 73' lang='lat'><strong>⁰¹1·</strong></span> <span class='ocrx_word' id='word_1_351' title='bbox 266 4364 414 4413; x_wconf 54' lang='lat' dir='ltr'><strong>processum</strong></span> <span class='ocrx_word' id='word_1_352' title='bbox 430 4350 516 4399; x_wconf 70' lang='lat' dir='ltr'><strong>aetion</strong></span> <span class='ocrx_word' id='word_1_353' title='bbox 533 4350 562 4399; x_wconf 86' lang='lat' dir='ltr'><strong>ol</strong></span> <span class='ocrx_word' id='word_1_354' title='bbox 579 4348 624 4398; x_wconf 83' lang='lat' dir='ltr'><strong>the</strong></span> <span class='ocrx_word' id='word_1_355' title='bbox 643 4362 727 4398; x_wconf 83' lang='lat' dir='ltr'><strong>canon</strong></span> <span class='ocrx_word' id='word_1_356' title='bbox 775 4351 858 4411; x_wconf 81' lang='lat' dir='ltr'><strong>prius.</strong></span> 
     </span>
    </p>
   </div>
   <div class='ocr_carea' id='block_1_10' title="bbox 1114 4449 1219 4519">
    <p class='ocr_par' dir='ltr' id='par_1_11' title="bbox 1114 4449 1219 4519">
     <span class='ocr_line' id='line_1_41' title="bbox 1114 4449 1219 4519; baseline 0.01 -3"><span class='ocrx_word' id='word_1_357' title='bbox 1114 4449 1219 4519; x_wconf 73' lang='lat'>27-‘2</span> 
     </span>
    </p>
   </div>
   <div class='ocr_carea' id='block_1_11' title="bbox 0 0 1678 5217">
    <p class='ocr_par' dir='ltr' id='par_1_12' title="bbox 0 0 1678 5217">
     <span class='ocr_line' id='line_1_42' title="bbox 0 0 1678 5217; baseline 0 0"><span class='ocrx_word' id='word_1_358' title='bbox 0 0 1678 5217; x_wconf 95' lang='lat' dir='ltr'><strong> </strong></span> 
     </span>
    </p>
   </div>
  </div>
 </body>
</html>
