3342 5217
501 467 638 527 amnne,
660 463 725 518 an.
750 450 843 530 1227,
866 467 928 518 an
953 457 1003 520 11.
1239 459 1301 522 199
1341 545 1348 557 Ι

195 637 329 716 cionem,
340 645 374 704 et
388 637 475 726 quod
489 639 659 725 negocium
674 638 871 706 determinet
882 642 951 708 sine
962 643 1137 729 dylacione‚
1147 652 1182 708 et
1192 652 1301 729 partes

195 751 420 807 concesserunt
435 742 521 830 quod
536 766 599 807 non
614 743 825 829 appellabunt
841 769 861 809 a
879 747 1046 812 sentencia
1059 747 1140 812 dicti
1159 747 1300 834 episcopi

194 855 230 910 et
251 845 337 930 quod
359 847 549 912 terminabit
570 847 740 934 negocium
763 848 848 914 infra
869 850 1067 934 quindenam
1088 861 1162 938 post
1183 852 1298 918 talem¹

192 949 378 1014 terminum.
422 949 477 1015 Ad
506 950 592 1015 diem
616 951 709 1015 illum
735 950 907 1017 mandauit
931 953 1099 1040 epiecopus
1123 955 1209 1039 quod
1234 977 1299 1022 non

191 1049 309 1116 habuit
332 1053 520 1138 predictum
547 1055 748 1120 Willelmum
778 1077 836 1141 pro
860 1056 1014 1144 legitimo.
1059 1059 1103 1122 Et
1126 1058 1199 1124 ideo
1224 1082 1298 1124 con·

190 1153 369 1219 sideratum
399 1156 462 1221 fuit
491 1157 577 1243 quod
606 1157 790 1224 Willelmus
819 1159 906 1225 filius
935 1161 1065 1234 Ricardi
1093 1163 1298 1248 recuperauit

189 1257 342 1324 seisinam
361 1257 366 1344 1
385 1282 477 1325 suam
499 1261 540 1326 de
562 1262 675 1327 eadem
703 1263 882 1329 secundum
905 1265 1085 1350 predictam
1108 1265 1297 1332 conuencio·

188 1385 265 1428 nem
277 1373 312 1428 et
323 1363 485 1430 Robertus
494 1365 530 1430 in
539 1365 763 1432 misericordia
794 1369 839 1434 Et
849 1378 1039 1455 preceptum
1051 1378 1100 1434 est
1111 1370 1296 1459 uicecomiti

188 1466 321 1531 Fssexie
350 1467 436 1552 quod
459 1468 610 1553 procedat
633 1470 668 1534 in
690 1471 847 1562 comitatu
869 1495 928 1537 suo
949 1472 984 1537 in
1006 1473 1135 1558 loquela
1155 1495 1219 1559 que
1245 1496 1294 1538 re·

187 1571 308 1636 mansit
323 1570 357 1636 in
373 1569 486 1637 eodem
501 1572 657 1638 comitatu
673 1575 819 1660 predicte
832 1576 1004 1641 occasione.

127 1733 134 1744 .
252 1676 383 1742 'Assiee
404 1698 489 1741 noue
518 1676 684 1743 disseisine
713 1679 800 1744 inter
829 1680 1005 1767 Hugonem
1034 1679 1077 1744 de
1106 1678 1230 1743 Elonde
1259 1687 1294 1743 et
1395 1691 1412 1720 ¹·

187 1778 372 1844 Johannem
396 1779 437 1844 de
465 1780 604 1866 Anhope
633 1791 806 1867 querentes
835 1791 871 1847 et
899 1780 1101 1845 Willelmum
1132 1781 1294 1847 Comitem

187 1881 351 1948 Warenne
365 1884 406 1948 de
424 1883 620 1948 tenementis
631 1883 666 1948 in
683 1884 896 1970 Kyrlrestuna
909 1892 943 1949 et
958 1885 1109 1970 Hiperun
1128 1893 1295 1971 ponuntur

186 1986 223 2050 in
241 1995 424 2072 respectum
438 2009 541 2074 usque
556 2009 576 2051 a
590 1987 643 2052 die
659 1988 692 2054 S.
707 1988 816 2052 Mich?
835 1987 860 2074 j.
872 2010 1017 2053 mensem
1032 2010 1090 2073 per
1103 1997 1293 2075 preceptum

186 2090 310 2156 domini
325 2092 424 2178 Regis
439 2101 473 2158 et
488 2093 645 2158 iuratores
660 2101 739 2160 tunc
754 2093 898 2159 ueniant.
943 2094 989 2158 Et
1003 2094 1103 2180 Hugo
1117 2093 1210 2180 ponit
1224 2095 1293 2160 loco

26 2221 42 2273 ,·
185 2219 246 2262 suo
259 2196 442 2262 Walterum
457 2197 498 2262 de
513 2197 645 2262 Elande.

106 2303 132 2362 '.
251 2299 455 2365 ‘Willelmus
478 2299 594 2366 Comes
608 2302 772 2366 Warenne
794 2301 887 2387 ponit
906 2302 974 2367 loco
991 2324 1050 2366 suo
1069 2302 1233 2387 Rogerum
1251 2301 1292 2366 de
1376 2328 1407 2358 or·

186 2403 290 2470 Hales
304 2425 418 2468 uersus
432 2404 581 2470 Emmam
597 2405 637 2470 de
653 2406 745 2470 Bella
760 2406 850 2494 Fago
870 2406 911 2471 de
931 2405 1051 2492 placito
1069 2402 1292 2472 aduocationis

185 2507 328 2576 ecclesie.

123 2663 133 2680 .
251 2611 383 2678 ‘Assisa
405 2613 498 2677 uenit
517 2613 722 2699 recognitum
745 2616 817 2700 quis
837 2616 1015 2680 aduocatos
1035 2622 1180 2700 tempore
1203 2613 1292 2699 pacis

183 2717 552 2803 presentauitultimam
572 2723 820 2804 personamque
842 2728 1039 2785 mortuaest
1060 2718 1103 2784 ad
1125 2718 1291 2784 ecelesiam

182 2821 226 2886 de
262 2821 376 2908 Legha
408 2842 472 2907 que
509 2829 604 2886 uacat
633 2829 672 2886 ut
701 2821 829 2898 dicitur,
859 2829 895 2886 et
924 2823 1016 2888 cuius
1044 2821 1291 2888 aduocacioncm

183 2923 345 2989 Nicholaa
354 2925 423 2989 filia
437 2924 657 2989 Bartholomei
667 2924 708 2989 de
724 2923 837 3011 Legha
850 2924 969 2990 clamat
986 2947 1097 2990 uersus
1111 2923 1291 2989 Galfn'dum

182 3026 328 3092 Priorem
342 3026 383 3092 de
399 3027 529 3113 Esseby‚
544 3027 601 3113 qui
620 3026 714 3092 uenit
734 3035 768 3091 et
788 3026 970 3112 dicitquod
989 3026 1089 3091 assisa
1108 3047 1174 3090 non
1193 3024 1291 3090 debet

180 3131 260 3198 inde
280 3131 359 3210 fieri,
381 3132 458 3218 quia
479 3131 562 3196 bene
585 3132 748 3218 cognoscit
770 3132 858 3219 quod
881 3133 980 3219 Hugo
1003 3131 1044 3196 de
1064 3130 1177 3217 Legha
1199 3139 1291 3196 ante·

181 3255 289 3300 censor
309 3235 411 3321 ipsius
434 3235 591 3301 Nicholae
615 3236 839 3322 praesentauit
860 3235 1011 3301 ultimam
1035 3256 1202 3320 personam
1228 3255 1291 3319 que

181 3347 313 3404 mortua
327 3348 385 3416 est,
400 3349 451 3405 set
468 3348 542 3426 post
563 3340 840 3426 presentacionem
860 3340 951 3404 illam
969 3339 1057 3403 idem
1077 3338 1178 3425 Hugo
1200 3338 1292 3403 dedit

180 3441 295 3508 domui
309 3441 351 3507 dc
367 3443 489 3530 Fsseby
499 3444 665 3509 ecclesiam
680 3444 769 3509 illam
785 3445 819 3508 in
834 3444 969 3509 liberam
985 3441 1200 3513 elemosinam.
1245 3442 1290 3507 Et

181 3547 307 3634 profert
321 3555 443 3612 cartam
458 3549 560 3634 ipsius
575 3549 734 3636 Hugonie‚
749 3571 813 3634 que
829 3556 971 3613 testatur
985 3546 1071 3632 quod
1088 3546 1176 3611 idem
1191 3547 1291 3633 Hugo

180 3649 276 3714 dedit
299 3658 359 3714 etc
383 3649 443 3716 deo
465 3662 499 3717 et
521 3652 654 3718 ecclesie
678 3652 710 3717 S.
734 3651 837 3716 Marie
859 3651 900 3716 de
925 3650 1046 3735 Esseby
1071 3657 1106 3713 et
1127 3648 1289 3714 canonicis

181 3751 305 3818 ibidem
330 3752 391 3818 deo
416 3754 635 3820 seruientibus
657 3755 826 3821 ecclesiam
848 3754 889 3819 de
911 3753 1024 3839 Legha
1045 3774 1121 3816 cum
1142 3759 1232 3838 pert,
1257 3761 1291 3817 et

180 3879 283 3922 unam
298 3857 408 3923 dimid.
424 3858 504 3947 uirg.
521 3867 606 3925 terre
620 3860 655 3925 in
670 3860 879 3946 Pndingtona
893 3881 991 3943 quam
1007 3857 1164 3923 Osbertus
1181 3856 1290 3920 tenuit

180 3983 257 4026 cum
272 3961 423 4049 mesagi0,
439 3971 473 4027 et
488 3962 586 4028 aliam
600 3963 710 4028 dimid
727 3963 808 4049 uirg.
824 3971 909 4028 terre
924 3961 965 4026 de
980 3958 1140 4024 dominico
1156 3957 1290 4022 liberam

180 4072 217 4129 et
232 4063 379 4150 quietam
393 4065 435 4130 ab
450 4065 539 4132 omni
553 4066 689 4132 seculari
710 4066 854 4132 seruicio.
898 4065 1024 4131 Profert
1046 4063 1147 4128 eciam
1167 4071 1290 4127 cartam

181 4169 404 4235 Bartholomei
419 4169 478 4236 filii
498 4170 601 4258 ipsius
616 4171 766 4258 Hugonia
780 4194 844 4258 que
864 4169 986 4235 donum
1009 4168 1091 4233 illud
1113 4167 1291 4244 confirmat,

214 4359 224 4392 ¹
242 4357 348 4422 'l'rinity
360 4359 476 4425 Sunday,
487 4361 518 4412 B.
795 4359 805 4392 ¹
820 4359 853 4408 B.
862 4373 896 4409 m.
908 4359 933 4406 3.

213 4425 273 4474 ¹13.
286 4439 323 4474 m.
337 4427 361 4477 3.
796 4424 854 4475 ¹⁵13.
867 4425 941 4474 Μ.

215 4489 227 4523 ⁸
243 4489 345 4554 Scpply
356 4493 392 4541 ta.
