3342 5217
384 140 462 227 quia
490 137 606 205 babuit
635 136 788 203 seisinam
816 156 876 222 per
903 132 1087 221 predictum
1113 132 1294 201 Hominum
1316 135 1383 201 iem
1407 155 1497 201 anno

384 244 494 331 elapso
507 247 751 309 summoneatur
765 238 929 303 Henrieus
944 237 1031 324 quod
1045 237 1089 302 sit
1103 244 1163 302 ete.
1180 236 1222 303 ad
1236 238 1495 323 cognoscendum

383 350 412 415 si
435 348 544 435 posuit
566 346 705 412 eundem
728 345 751 410 J
752 344 913 409 ohannem
935 343 970 408 in
992 343 1112 407 saisina
1130 342 1171 408 de
1186 342 1300 407 eadem
1315 350 1401 409 terra
1417 351 1452 408 et
1465 343 1497 408 si

382 452 491 538 ipsum
514 448 623 538 posuit
647 446 734 536 quod
756 455 837 512 tune
862 445 1055 531 respondeat
1078 444 1119 511 de
1145 445 1277 513 catallis
1322 446 1366 511 Et
1381 454 1498 533 postea

382 555 476 621 uenit
491 554 654 619 Henrieus
668 560 703 617 et
718 551 871 639 cognouit
887 549 973 637 quod
987 550 1097 636 posuit
1112 572 1188 615 eum
1199 550 1393 616 inseisinam
1408 574 1497 617 anno

382 668 443 727 eta
488 660 532 724 Et
561 658 639 746 quia
663 657 832 723 lohannes
857 663 937 720 tune
963 655 1027 720 luit
1049 654 1134 719 infra
1154 662 1278 721 etatem
1300 656 1385 721 sieut
1406 680 1497 722 nunc

375 772 476 853 ¹patet
490 786 549 850 per
563 770 731 849 aspectum
753 760 916 849 eorporis¹
935 769 970 827 et
991 760 1201 827 manifestum
1224 769 1274 827 est
1296 762 1383 848 quod
1404 762 1495 829 idem

383 869 545 935 Henricus
566 866 677 954 posuit
697 866 806 953 ipsum
828 865 852 930 J
853 865 1013 930 ohannem
1034 865 1069 929 in
1085 864 1236 931 saisinam
1250 866 1498 953 parmenidem,

384 971 631 1038 Consideratum
647 976 698 1034 est
712 968 799 1054 quod
813 969 837 1034 J
838 967 981 1033 ohannes
996 975 1031 1031 et
1045 967 1208 1033 Henricus
1222 968 1257 1033 in
1277 968 1499 1035 misericordia

383 1080 418 1139 et
433 1072 456 1137 J
457 1070 600 1137 ohannes
613 1069 729 1135 reddat
743 1069 794 1135 illi
809 1068 950 1135 Radulfo
964 1069 1037 1134 illas
1052 1068 1188 1157 triginta
1202 1092 1332 1137 mareas

262 1188 334 1250 688,
449 1173 534 1260 Fray
548 1170 721 1237 Punchard
734 1170 820 1257 petit
834 1192 949 1236 uersus
963 1171 1143 1237 Henricum
1161 1170 1303 1237 Fabrum
1319 1173 1395 1239 dim.
1411 1173 1497 1261 uirg.

267 1286 333 1326 ⁰¹⁰²
385 1286 470 1345 terre
492 1299 568 1343 oum
593 1283 674 1361 pert
696 1276 733 1341 in
758 1274 1051 1359 Ouerkudingtona
1074 1274 1187 1341 utine
1212 1298 1309 1340 suum
1334 1276 1383 1342 ita
1408 1278 1499 1365 quod

384 1381 550 1469 predictus
564 1381 726 1446 Henricus
745 1380 855 1467 posuit
870 1402 904 1445 se
919 1380 954 1444 in
969 1402 1120 1467 magnam
1136 1380 1268 1447 assisam
1283 1381 1377 1447 Dom.
1392 1382 1499 1470 Regis

221 1499 354 1542 Nor-dede
384 1487 434 1553 ita
462 1485 548 1572 quod
577 1485 636 1570 iiij.
664 1483 788 1549 milites
815 1484 1008 1549 summoniti
1039 1484 1179 1561 fuerunt,
1209 1492 1245 1550 et
1273 1494 1387 1571 postea
1416 1488 1499 1553 feeit

221 1548 373 1690 ffiffi‘*
384 1591 547 1656 defaltum.
594 1590 637 1654 Et
651 1589 725 1654 ideo
741 1588 989 1655 consideratum
1009 1596 1060 1654 est
1080 1590 1166 1675 quod
1188 1590 1273 1675 Fray
1286 1592 1499 1676 recuperauit

221 1688 357 1775 ffiffi'ss‘
384 1694 536 1761 saisinam
550 1716 643 1758 snam
658 1714 771 1757 uersus
786 1713 862 1757 eum
878 1713 936 1777 per
951 1691 1105 1757 defaltam
1121 1700 1155 1757 et
1170 1693 1332 1758 Henrieus
1347 1693 1382 1757 in
1398 1694 1499 1760 mise·

221 1780 285 1823 '⁸¹⁰¹'
384 1800 521 1866 ricerdis
536 1807 571 1863 et
586 1797 705 1863 habeat
722 1798 788 1862 tale
807 1819 996 1882 recuperare
1019 1796 1114 1882 quale
1126 1788 1256 1863 'habere
1277 1797 1404 1865 debeat
1450 1800 1500 1865 Et

384 1904 545 1970 Radulfus
559 1902 600 1968 de
616 1903 745 1969 Saleeto
760 1901 896 1988 apponit
910 1900 1062 1966 elamium
1077 1922 1182 1965 suum.
1381 1902 1386 1909 “

262 2006 334 2071 689.
449 2006 606 2072 Rieardus
635 2006 676 2071 de
706 2005 840 2092 Elinges
865 2004 950 2090 petit
976 2026 1089 2069 uersus
1112 2003 1256 2068 Alannm
1281 2003 1322 2070 de
1345 2004 1497 2095 Aldaeby

266 2105 324 2146 ΗΝ·
383 2110 514 2176 feodum
528 2110 604 2176 dim
620 2108 735 2175 militis
755 2132 830 2174 cum
850 2116 932 2195 pert.
947 2108 982 2173 in
1002 2107 1144 2172 Hothoft
1164 2115 1199 2172 et
1218 2107 1436 2197 Tbetelthorp
1455 2121 1497 2177 ut

220 2235 277 2322 a&
284 2234 367 2321 mogun
383 2214 435 2281 ius
449 2237 554 2282 suum.
597 2215 642 2279 Et
663 2214 790 2279 Alanus
811 2220 906 2277 uocat
928 2211 1004 2277 inde
1027 2212 1069 2277 ad
1088 2220 1269 2277 warantum
1288 2213 1496 2281 Willelmum

218 2293 364 2415 Ην·-
383 2320 424 2384 de
447 2318 578 2384 Lisures
598 2326 633 2384 et
654 2318 795 2383 Aliciam
820 2336 954 2383 uxorem
980 2316 1051 2381 eius
1074 2316 1132 2402 qui
1155 2316 1245 2402 prius
1270 2327 1436 2384 uenerunt
1460 2330 1496 2385 et

218 2423 371 2509 mlffigg',
382 2422 675 2487 warantizauerunt
699 2429 734 2486 et
756 2426 957 2485 uocauerunt
980 2418 1023 2484 arl
1045 2427 1225 2485 warantum
1248 2420 1433 2487 Robertum
1452 2423 1495 2489 de

138 2539 141 2545 ‹
220 2517 328 2556 uoauerrt

219 2563 371 2621 „stum-
383 2526 544 2612 Tethelby
558 2525 615 2612 qui
630 2524 846 2590 summonitus
861 2522 925 2588 fuit
939 2530 974 2587 et
993 2532 1169 2609 antequam
1189 2534 1390 2609 compareret
1410 2527 1495 2593 obiit

217 2610 371 2742 rirssurssffm
382 2630 576 2697 Willelmus.
622 2631 666 2694 Et
694 2653 792 2716 super
820 2629 881 2717 hoe
910 2628 1003 2693 uenit
1032 2628 1138 2693 Alieia
1163 2636 1197 2693 et
1223 2631 1376 2716 cognouit
1406 2632 1495 2719 quod

218 2714 606 2837 Ξὲυῑείἱζπαωηὴὶωιιὶὴ
628 2733 734 2799 eidem
758 2734 864 2799 Alano
890 2741 924 2798 et
947 2755 1034 2798 nune
1057 2740 1153 2798 uocat
1178 2733 1220 2799 ad
1243 2742 1427 2801 warantum
1452 2736 1495 2803 de

217 2844 370 2884 “mmm
382 2861 467 2903 nouo
485 2838 669 2924 predictum
689 2836 885 2902 Robertum⁸
905 2836 983 2923 quia
1003 2836 1073 2923 ipse
1095 2837 1184 2921 prius
1205 2844 1342 2901 uocatus
1364 2838 1431 2903 suit
1451 2840 1496 2905 ad

217 2890 657 3025 {ffiffispwarantizandum
692 2940 771 3026 ipsis
801 2939 967 3005 Willelmo
1003 2946 1038 3003 et
1066 2938 1171 3003 Alicie
1207 2961 1274 3004 non
1308 2940 1385 3005 uult
1422 2942 1496 3029 ipsa

217 3030 302 3071 '¹⁰⁰⁰‘
380 3042 465 3108 Alio'
505 3064 565 3128 per
594 3064 641 3124 se
680 3041 874 3127 respondere
914 3040 955 3107 de
991 3040 1255 3106 warentias-aione
1295 3041 1365 3107 sine
1406 3066 1496 3111 noua

380 3144 634 3211 summonicione
656 3151 690 3209 et
711 3143 772 3209 die.
819 3144 863 3209 Et
885 3143 958 3209 ideo
980 3142 1077 3209 datus
1098 3150 1149 3209 est
1171 3144 1203 3209 ei
1224 3152 1284 3210 ete
1303 3145 1391 3231 quod
1413 3155 1496 3215 tunc

413 3271 423 3305 ¹
439 3272 484 3320 Br.
495 3271 515 3320 f.
527 3271 576 3320 424
584 3270 611 3319 b.
958 3275 1057 3335 precise
1069 3274 1219 3325 abiudicati.

414 3337 425 3368 ¹
441 3337 563 3395 Braeton,
575 3336 594 3386 l.
607 3337 663 3393 ³67,
676 3335 741 3385 uites
752 3336 806 3385 this
814 3350 911 3387 naseas
993 3336 1005 3369 ⁸
1022 3337 1122 3413 supply
1138 3341 1183 3401 qut
1199 3341 1312 3389 matta
1336 3340 1404 3391 dicit
1426 3346 1495 3406 qaod

381 3400 499 3463 deoiding
515 3416 532 3451 a
548 3401 628 3450 mueh
643 3400 765 3463 disputati
781 3400 910 3463 question,
962 3417 991 3450 or
1007 3401 1053 3451 tha
1069 3402 1128 3452 lrlre.
1161 3402 1258 3453 Robert
1274 3402 1324 3454 has
1346 3408 1494 3458 warranterl

380 3466 523 3516 whethera
533 3466 669 3528 judgment
680 3466 754 3527 given
765 3465 799 3528 by
810 3466 911 3517 delault
960 3466 1077 3517 william
1095 3466 1148 3518 and
1164 3468 1236 3518 Alios
1252 3469 1306 3519 and
1322 3486 1382 3520 now
1393 3473 1494 3523 mlum

380 3532 448 3581 alter
471 3530 516 3580 the
537 3531 596 3580 four
617 3530 724 3595 knights
750 3531 817 3581 hare
845 3532 909 3581 bean
959 3532 1495 3588 towarranthlioealonewithoutalreab

380 3595 477 3645 ohosen
494 3596 541 3645 bnt
556 3596 643 3645 before
659 3595 797 3659 theyhave
813 3596 909 3647 elected
960 3612 1105 3647 summoue.
1139 3597 1350 3649 Theannotator
1364 3616 1452 3651 wama
1466 3611 1495 3654 to
1619 3642 1620 3649 ,

380 3662 427 3711 the
438 3660 529 3710 twelve
539 3660 696 3723 reoognitors
706 3661 760 3710 will
774 3660 853 3711 dabar
865 3662 909 3713 the
959 3663 1071 3712 mistalre
1082 3662 1127 3712 the
1139 3677 1206 3724 ease,
1220 3664 1365 3728 supposing
1377 3666 1438 3717 that
1450 3669 1495 3719 tha

381 3725 909 3790 delaultingtenantlromreeoreringby
958 3726 1081 3777 husband
1103 3728 1156 3777 aud
1173 3728 1230 3778 wile
1252 3744 1297 3779 ara
1322 3730 1367 3780 the
1388 3734 1495 3791 meond.

381 3790 493 3840 another
513 3790 602 3840 aetion
629 3790 674 3841 the
701 3790 766 3840 land
793 3792 852 3841 that
874 3792 909 3841 he
961 3797 1009 3842 not
1037 3792 1082 3842 the
1109 3793 1175 3854 first,
1205 3796 1343 3848 vouebees.
1379 3798 1496 3849 Breeton

383 3855 460 3905 lesen.
494 3853 550 3905 The
570 3855 707 3918 judgment
728 3856 757 3904 in
779 3856 833 3905 this
852 3871 911 3907 ease
961 3857 1026 3907 nites
1042 3856 1086 3908 the
1103 3870 1161 3907 ease
1177 3872 1211 3908 on
1230 3860 1345 3921 lasau,
1359 3862 1496 3925 andgirss

385 3920 470 3969 leaves
486 3918 577 3981 Henry
593 3921 645 3971 free
662 3924 689 3970 to
705 3920 780 3983 bring
802 3923 911 3972 another
961 3922 996 3972 its
1007 3922 1146 3973 substance
1157 3924 1290 3988 oomectly.

382 3984 478 4034 aetion.
511 3983 553 4034 He
575 3986 627 4035 and
649 3984 691 4035 his
713 3986 783 4035 heina
801 4001 846 4038 are
863 3990 910 4037 not
