3342 5217
231 118 294 180 que
309 96 373 160 fuit
388 95 550 161 hereditas
564 95 710 160 Dionisie
725 95 840 160 matris
854 120 912 161 sue
927 107 1040 183 etque
1059 97 1226 163 descendit
1245 98 1276 163 ei
1296 98 1337 163 de

230 199 486 264 antecessoribus
507 198 609 285 ipsius
631 198 786 276 Dionisie,
801 207 836 263 et
851 198 997 263 defendit
1012 200 1063 264 ius
1077 216 1172 265 suum
1188 208 1222 264 et
1237 201 1336 265 talem

230 301 410 388 ingressum
434 312 469 369 et
490 302 571 367 dicit
596 303 683 389 quod
708 325 773 367 non
799 302 916 369 hahuit
941 304 1122 390 ingressum
1147 326 1206 389 per
1230 302 1337 389 ipsum

231 405 428 493 Philippum,
457 430 517 471 nec
547 406 719 492 Philippus
754 429 900 492 unquam
937 407 1086 471 seisinam
1124 406 1249 484 habuit,
1279 428 1338 471 nec

229 510 346 596 aliquis
368 520 606 577 antecessorum
628 533 769 588 suorum,
792 511 870 597 quia
891 511 960 597 ipse
987 519 1021 576 et
1047 519 1262 575 antecessores
1287 510 1338 575 sui

229 634 356 700 semper
370 615 502 679 suerunt
516 613 592 678 inde
608 613 643 678 in
663 613 783 678 seisina
801 636 822 678 a
842 622 987 699 tempore
1008 613 1143 679 Henrici
1163 613 1263 700 Regis
1283 614 1339 678 aui

229 726 265 783 et
287 725 372 796 ante,
397 726 432 782 ct
456 716 624 781 descendit
650 716 691 781 de
716 716 932 781 antecessorel
956 739 1058 803 usque
1087 716 1130 781 ad
1158 717 1337 803 predictam

230 821 426 908 Dyonisiam

295 926 372 991 Post
399 926 492 991 uenit
522 924 716 991 Godefn'dus
739 933 774 990 et
799 924 880 989 dicit
904 923 990 1009 quod
1015 924 1148 1010 quidam
1174 924 1338 990 Galfridus

227 1051 309 1095 auus
323 1053 401 1095 suus
416 1030 525 1095 tenuit
539 1039 659 1095 terram
674 1030 764 1094 illam
779 1038 925 1114 tempore
947 1029 988 1095 H.
1005 1029 1105 1115 Regis
1129 1029 1185 1093 aui
1206 1036 1240 1094 et
1259 1038 1337 1095 ante

228 1156 286 1220 per
300 1157 455 1222 magnum
476 1143 616 1221 tempus,
630 1142 665 1199 et
688 1134 735 1198 ita
756 1133 844 1218 quod
866 1132 953 1197 idom
976 1132 1148 1219 Philippus
1169 1156 1336 1219 nunquam

113 1238 117 1245 ’
228 1240 379 1305 seisinam
395 1240 512 1306 habuit
526 1240 590 1304 nisi
606 1238 736 1303 nomine
754 1238 857 1316 firme,
872 1246 906 1303 et
926 1238 974 1302 ita
994 1236 1081 1323 quod
1100 1238 1171 1323 ipsa
1190 1237 1339 1303 Dionisia

229 1342 457 1409 disracionauit
471 1351 591 1408 terram
606 1342 641 1406 in
655 1342 814 1406 comitatu
834 1350 874 1405 ut
894 1342 944 1406 ius
965 1364 1061 1406 suum
1081 1364 1194 1407 uersus
1213 1342 1337 1428 predic-

229 1456 300 1513 tum
337 1446 526 1537 Philippum
563 1446 620 1531 qui
649 1445 738 1509 illam
769 1444 887 1510 habuit
915 1444 957 1509 ad
986 1444 1112 1509 firmam
1141 1445 1220 1510 dum
1249 1445 1336 1510 idem

229 1550 392 1617 Galhidus
407 1550 471 1615 fuit
485 1550 520 1614 in
535 1557 622 1613 terra
636 1548 659 1612 J
660 1548 908 1625 erosolimitana,
924 1556 959 1613 et
974 1548 1060 1633 quod
1075 1548 1123 1613 ita
1137 1548 1180 1613 sit
1195 1549 1288 1635 ponit
1302 1571 1337 1613 se

228 1653 263 1717 in
278 1675 430 1741 magnam
445 1652 579 1717 assisam
594 1649 688 1714 Dom.
705 1649 814 1736 Regis,
829 1658 864 1715 et
883 1650 970 1736 petit
990 1650 1244 1737 recognicionem
1267 1650 1337 1715 fieri

229 1765 339 1821 utrum
354 1757 424 1842 ipse
443 1755 549 1821 maius
562 1754 614 1819 ius
629 1755 749 1819 habeat
764 1753 899 1819 tenendi
912 1761 1031 1819 terram
1046 1754 1136 1819 illam
1151 1755 1236 1820 sicut
1247 1755 1336 1821 illam

229 1882 291 1946 que
314 1860 346 1925 ei
367 1859 534 1925 descendit
559 1858 600 1923 dc
625 1858 771 1944 predicto
794 1856 938 1921 Galfrido
964 1879 1026 1922 auo
1049 1880 1107 1923 suo
1131 1882 1174 1923 an
1199 1861 1337 1946 predicti

229 1964 390 2029 Henricus
405 1972 439 2029 et
454 1966 573 2028 Ammo
587 1963 672 2028 sicut
687 1962 723 2026 in
736 1961 794 2026 illa
808 1984 872 2047 que
893 1962 924 2027 ei
943 1961 1111 2028 descendit
1130 1964 1171 2029 do
1191 1966 1335 2051 predicto

228 2067 378 2153 Philippo
393 2068 492 2132 fratre
506 2066 608 2153 ipsius
623 2065 763 2130 Amme².
809 2064 889 2130 Dies
903 2065 1000 2131 datus
1015 2075 1065 2132 est
1080 2076 1139 2133 etc

172 2222 179 2236 .
292 2168 1335 2256 'ArchidiaconusSuffolchieattachiatusestadrespondendum
1399 2194 1450 2235 sun

228 2275 355 2362 Rogero
369 2274 437 2339 filio
452 2274 583 2340 Osberti
598 2297 697 2361 quare
713 2273 822 2338 tenuit
837 2272 993 2359 placitum
1014 2274 1049 2337 in
1070 2275 1160 2339 curia
1179 2276 1336 2342 cristiani·

228 2378 308 2443 tatis
321 2378 362 2443 de
378 2377 468 2464 layco
483 2376 576 2441 feodo
590 2375 693 2462 ipsius
708 2376 829 2463 Rogcri
843 2377 878 2440 in
894 2377 1050 2442 Houtona
1064 2387 1176 2444 contra
1194 2380 1336 2465 prohibi·

228 2480 353 2545 cionem
369 2487 429 2545 cto.
474 2480 518 2544 Et
533 2479 624 2544 Prior
638 2479 679 2543 de
695 2479 895 2566 Buttelegha
909 2479 989 2544 alias
1004 2481 1203 2547 attachiatus
1218 2484 1280 2548 fuit
1295 2484 1338 2548 ad
1350 2509 1466 2596 segona

227 2582 486 2669 respondendum
512 2605 611 2669 quare
637 2590 768 2648 secutus
794 2582 858 2648 fuit
884 2583 1041 2668 placitum
1067 2584 1158 2664 illud,
1180 2585 1228 2650 ita
1251 2588 1337 2673 quod
1350 2557 1500 2653 iissmibitd·

226 2689 373 2754 defendit
402 2688 489 2775 quod
517 2688 600 2752 illud
630 2710 695 2752 non
723 2687 788 2753 fuit
817 2697 957 2765 secutus,
984 2696 1018 2752 et
1044 2688 1092 2753 ita
1118 2690 1204 2775 quod
1230 2691 1336 2777 legem
1349 2653 1499 2736 graffium

1349 2746 1432 2783 senemr
1440 2744 1476 2783 uhi

131 2875 133 2878 Ι
227 2793 383 2871 uadiauit,
399 2801 433 2857 et
448 2793 564 2857 habuit
578 2793 666 2858 diem
680 2792 723 2858 ad
737 2793 824 2857 diem
839 2793 940 2858 istum
956 2800 990 2857 et
1005 2794 1098 2858 uenit
1119 2817 1193 2859 cum
1215 2795 1286 2882 lege
1302 2804 1337 2859 et
1349 2790 1487 2876 ffifflffi·
1576 2816 1579 2823 ⁴
1600 2820 1605 2828 ¹

226 2898 304 2963 fecit
333 2898 438 2984 legem
469 2919 569 2961 suam
615 2897 659 2961 Et
685 2896 758 2961 ideo
779 2895 1018 2961 consideratum
1040 2898 1127 2982 quod
1149 2899 1240 2963 Prior
1260 2897 1336 2963 inde

225 3001 296 3065 sine
321 3000 385 3077 die,
407 3008 442 3064 et
471 3000 618 3086 Rogerus
647 3000 682 3064 in
706 2998 931 3077 misericordia,
955 3006 1139 3065 attomatus
1162 3024 1239 3066 suus
1265 3024 1335 3067 cus·
1405 3042 1407 3049 ν

226 3105 377 3169 todiatur.
416 3104 460 3168 Et
471 3104 548 3189 quia
562 3104 748 3169 conuictum
764 3112 815 3168 est
829 3104 916 3190 quod
931 3104 1022 3169 Prior
1036 3106 1164 3171 nullum
1179 3107 1336 3193 placitum

226 3217 357 3274 secutus
368 3218 418 3274 est
430 3216 465 3272 et
479 3208 552 3273 ideo
562 3208 772 3273 manifestum
784 3216 834 3273 est
847 3209 932 3294 quod
944 3208 1197 3276 Archidiaconus
1208 3211 1335 3276 nullum
1349 3234 1463 3320 amp

225 3313 382 3399 placitum
406 3312 516 3377 tenuit
541 3320 576 3377 et
601 3312 674 3377 ideo
698 3312 767 3398 ipse
791 3312 860 3377 sine
887 3313 948 3379 die.
995 3314 1111 3381 Postea
1136 3315 1232 3381 finem
1259 3317 1457 3382 fecitwtur·

260 3457 268 3488 ¹
288 3455 387 3519 Supply
398 3458 427 3505 in
437 3464 622 3518 antecessorem,
634 3458 664 3505 Δ.
805 3457 834 3506 of
844 3456 934 3519 sueing
945 3456 990 3507 the
1001 3458 1060 3521 plea
1071 3458 1160 3508 makes
1171 3458 1214 3508 his
1222 3460 1272 3510 law
1280 3460 1336 3511 this

258 3522 329 3569 ²Br.
346 3522 365 3571 1.
384 3522 441 3571 320.
476 3521 566 3571 Grand
582 3521 667 3572 assiae
687 3521 716 3571 in
738 3536 755 3571 a
805 3522 906 3584 aoquits
922 3521 966 3572 the
984 3523 1167 3573 ecclesiastieal
1182 3524 1266 3587 judge,
1280 3542 1336 3575 cum

225 3585 285 3636 writ
295 3586 324 3635 of
338 3588 422 3649 entry.
456 3585 512 3635 The
522 3586 606 3649 dayis
622 3587 697 3649 given
715 3587 755 3636 for
805 3602 855 3637 non
866 3590 901 3636 eit
918 3590 963 3651 qui
981 3596 1063 3637 lenem
1075 3590 1199 3651 placitam
1215 3606 1270 3639 eum
1286 3607 1336 3641 non

225 3650 272 3702 tho
281 3650 392 3701 electiori
403 3651 432 3700 οἰ
439 3652 607 3713 recognitors.
633 3652 665 3701 A.
805 3654 1029 3715 eitqoieequatur.
1056 3652 1334 3715 Somohoweverhold,

258 3716 270 3748 ⁸
284 3716 315 3764 A.
327 3731 363 3765 1n.
373 3718 397 3765 3.
806 3716 1043 3767 bntBroctoncloes
1051 3720 1097 3768 not
1105 3732 1178 3781 agree
1186 3718 1248 3769 with
1254 3720 1334 3780 them,

259 3780 271 3812 ⁴
285 3783 383 3829 summm
390 3782 515 3844 placitum
521 3788 632 3831 tecuam
639 3789 676 3832 ert
684 3790 756 3832 must
806 3780 865 3831 that
881 3780 926 3831 tho
947 3780 1024 3844 judge
1041 3782 1073 3845 by
1089 3783 1198 3846 proving
1219 3784 1278 3836 that
1299 3802 1335 3837 no

225 3860 304 3895 mean
325 3845 384 3894 that
405 3860 441 3894 no
462 3847 520 3908 plea
541 3847 565 3895 is
587 3846 665 3907 being
683 3846 754 3896 sued.
804 3845 864 3909 plea
885 3846 1018 3896 hasbeen
1040 3846 1100 3896 held
1117 3847 1178 3898 cloes
1194 3854 1242 3900 not
1257 3866 1335 3915 provo

225 3912 349 3968 Braeton,
358 3910 377 3958 r.
385 3910 466 3970 4101),
475 3910 602 3961 discusms
610 3910 754 3974 thiopoint.
805 3910 865 3961 that
876 3925 911 3961 no
922 3911 982 3974 ples
991 3911 1041 3963 has
1052 3912 1115 3963 been
1126 3914 1197 3963 sued.

225 3974 482 4038 Itisagreedthatif
491 3975 639 4039 theperson
647 3976 755 4027 accused
