3342 5217
433 334 666 394 uronmmms,
689 333 754 383 nn.
780 321 874 395 1231,
897 269 959 383 nri
985 321 1123 384 15-16.
1265 319 1329 383 489

222 528 277 593 aui
291 510 430 615 predicti
445 527 587 614 Philippi
603 550 666 614 que
682 534 823 592 testatur
838 526 924 613 quod
938 526 1008 611 ipse
1022 525 1114 590 dedit
1129 533 1163 589 et
1174 524 1330 590 concessit

222 631 324 696 Priori
348 630 388 695 de
416 632 447 697 S.
471 630 657 696 Fromundo
681 629 849 695 ecclesium
873 630 914 694 de
938 628 1069 716 Sheghe
1095 628 1129 692 in
1155 650 1270 714 puram
1296 634 1329 691 et

222 744 412 821 perpetuam
429 736 645 800 elemosinam.
690 734 815 799 Profert
832 734 935 799 eciam
950 742 1073 798 cartam
1087 733 1110 797 J
1111 724 1244 797 oscelini
1256 732 1328 795 Sar-

221 838 414 903 risbiriensis
437 837 606 924 Episcopi¹
628 859 691 923 que
716 844 859 901 testatur
881 835 966 922 quod
989 836 1029 901 ad
1054 836 1329 920 presentecionem

222 942 366 1029 Philippi
380 943 421 1007 de
444 941 659 1008 Columbariis
677 940 820 1026 suscepit
839 939 1013 1005 monachos
1032 938 1073 1002 de
1095 939 1126 1004 S.
1145 938 1172 1002 F
1173 938 1331 1003 romundo

221 1046 263 1110 ed
279 1053 485 1131 personatum
498 1043 630 1109 ecclesie
642 1042 683 1108 de
696 1043 804 1129 Seghe
816 1050 852 1107 et
863 1064 917 1107 eos
927 1041 1003 1106 inde
1017 1064 1168 1127 personas
1179 1041 1330 1106 canonice

221 1149 375 1214 instituit.
421 1149 546 1214 Profert
567 1148 669 1223 eciam
690 1155 812 1212 certem
831 1148 869 1212 R.
887 1147 1131 1213 Centuariensis
1146 1146 1329 1234 Archiepis-

221 1253 313 1338 eopi²
328 1276 391 1339 que
411 1252 499 1316 inter
518 1259 626 1316 cetere
647 1250 677 1315 ei
696 1258 730 1314 et
751 1250 862 1314 domui
882 1272 939 1314 sue
962 1251 1131 1314 confirmat
1151 1249 1329 1335 predictam

222 1355 396 1420 ecclesiam.
443 1355 486 1418 Et
506 1355 589 1418 bene
610 1351 756 1417 defendit
776 1352 862 1438 quod
885 1351 1050 1437 predictus
1073 1352 1242 1417 Jeruasius
1265 1376 1329 1416 non

223 1458 286 1522 fuit
300 1457 376 1522 inde
391 1479 527 1543 persone
542 1465 592 1520 set
607 1454 748 1520 uicarius
763 1463 797 1519 et
811 1454 854 1519 od
868 1454 1144 1541 presentacionem
1157 1455 1275 1519 Prioris
1289 1455 1330 1519 de

223 1561 253 1626 S.
271 1560 455 1652 Fromundo
478 1559 640 1625 reddendo
662 1559 738 1623 inde
762 1560 802 1624 xl.
824 1559 878 1624 sol.
894 1559 1024 1623 nomine
1046 1559 1208 1644 pensionis
1229 1559 1331 1623 Priori

222 1664 263 1729 de
280 1665 311 1730 S.
328 1664 513 1729 Fromundo
529 1670 562 1727 et
578 1662 638 1727 hoc
652 1662 694 1727 od
710 1662 906 1749 peticionem
922 1662 1024 1748 ipsius
1040 1662 1191 1749 Philippi.

288 1769 331 1834 Et
343 1768 506 1833 '‘Redulfus
520 1766 613 1832 uenit
634 1775 668 1832 et
683 1767 766 1831 bene
781 1767 862 1832 dicit
877 1767 964 1852 quod
981 1766 1068 1832 idem
1083 1768 1107 1832 J
1108 1768 1252 1832 ernesius
1267 1767 1331 1831 fuit

221 1873 297 1938 inde
313 1896 449 1959 persona
463 1882 497 1937 et
512 1872 554 1937 od
573 1872 849 1958 presentecionem
870 1872 972 1957 ipsius
988 1872 1132 1958 Philippi
1153 1871 1330 1937 secundum

221 1980 307 2064 quod
322 1978 504 2065 predictum
526 1986 575 2042 est
591 1987 625 2042 et
640 1977 716 2042 inde
732 1978 814 2043 obiit
829 2000 966 2064 persona
981 1986 1015 2043 et
1030 1976 1117 2064 quod
1132 1987 1205 2064 post
1220 2000 1332 2042 omnes

221 2089 326 2145 certes
348 2089 382 2144 et
405 2101 515 2144 omnes
538 2078 798 2143 confirmaciones
821 2102 902 2165 quas
923 2079 1011 2144 idem
1034 2080 1126 2144 Prior
1147 2080 1268 2165 profert
1289 2079 1330 2144 de

221 2182 334 2248 eudem
361 2182 575 2247 aduococione
606 2183 808 2268 presenteuit
838 2182 926 2247 idem
952 2182 1123 2269 Philippus
1145 2183 1188 2247 ad
1210 2183 1330 2248 dictem

221 2288 387 2353 ecclesiam
413 2287 596 2374 predictum
618 2286 805 2353 Jeruesium
830 2287 888 2372 qui
917 2286 993 2351 inde
1023 2286 1105 2351 obiit
1131 2308 1274 2372 persona,
1297 2295 1331 2351 et

220 2392 298 2457 inde
314 2393 400 2480 petit
415 2392 556 2457 assisam.

286 2496 330 2560 Et
346 2495 437 2560 Prior
450 2495 531 2560 dicit
547 2494 633 2581 quod
648 2495 717 2580 ipse
732 2494 937 2581 presentauit
948 2493 1131 2580 predictum
1142 2494 1165 2558 J
1166 2493 1331 2559 eruasium

220 2599 262 2665 ad
278 2600 433 2665 niceriam
448 2598 594 2665 eiusdem
611 2599 742 2664 ecclesie
759 2607 793 2663 et
808 2598 885 2663 inde
900 2598 987 2684 petit
1001 2598 1142 2663 assisam.

286 2704 309 2768 J
310 2712 454 2769 uratores
469 2704 582 2770 dicunt
598 2703 683 2790 quod
699 2702 864 2789 predictus
879 2703 1050 2789 Philippus
1065 2705 1267 2789 presenteuit
1288 2704 1331 2769 ed

220 2807 387 2872 ecclesiam
403 2808 492 2872 illam
507 2807 691 2894 predictum
706 2809 729 2873 J
730 2807 893 2872 eruas'ium
905 2806 962 2893 qui
974 2805 1091 2870 ultimo
1102 2806 1184 2872 obiit
1195 2830 1331 2893 persona

219 2911 254 2974 in
276 2910 389 2975 eadem
409 2919 444 2975 et
463 2918 536 2997 post
554 2903 760 2988 cartas‘illes
781 2918 815 2975 et
835 2910 915 2974 satis
938 2909 1136 2974 audiuerunt
1156 2910 1220 2975 dici
1244 2912 1330 2996 quod

220 3013 386 3101 predictus
408 3014 499 3078 Prior
521 3023 556 3078 et
579 3013 728 3078 monachi
751 3013 791 3077 de
816 3012 849 3078 S.
873 3011 1058 3076 Fromundo
1081 3012 1266 3098 percipiunt
1289 3012 1329 3077 de

221 3116 335 3181 eadem
365 3116 499 3181 ecclesia
528 3116 665 3203 singulis
694 3116 788 3181 annis
817 3116 858 3179 xl.
889 3115 944 3179 sol.
971 3123 1021 3179 set
1045 3115 1194 3180 nesciunt
1217 3124 1328 3181 utrum

220 3220 353 3284 nomine
383 3228 573 3305 personatus
599 3221 654 3284 uel
679 3220 810 3285 nomine
834 3219 984 3284 beneficii
995 3217 1015 3297 ⁸,
1041 3228 1092 3283 set
1117 3219 1201 3284 bene
1223 3220 1330 3285 sciunt

221 3320 310 3408 quod
338 3321 501 3405 predictus
530 3323 699 3389 Jeruasius
729 3323 793 3387 fuit
824 3345 960 3409 persona
989 3322 1023 3386 in
1054 3322 1168 3387 eadem
1198 3323 1332 3389 ecclesia

221 3432 257 3488 et
280 3424 322 3488 ed
342 3425 618 3509 presentaeionem
640 3426 778 3512 predicti
800 3426 953 3511 Philippi.
999 3426 1042 3490 Et
1064 3426 1138 3491 ideo
1162 3427 1330 3493 Consider-

221 3538 315 3593 atum
331 3536 381 3592 est
395 3527 483 3614 quod
495 3529 661 3615 predictus
676 3530 839 3595 Radulfue
852 3530 1057 3615 recuperauit
1072 3530 1223 3595 seisinem
1237 3554 1329 3596 suam

221 3631 350 3697 racione
379 3632 491 3696 firme*
522 3656 619 3719 quem
650 3634 750 3700 habet
780 3635 820 3700 de
850 3635 997 3721 predicto
1027 3634 1180 3720 Philippo
1211 3642 1245 3699 et
1274 3635 1331 3721 qui

222 3760 354 3824 presens
377 3745 426 3802 est
446 3746 486 3801 et·
503 3738 534 3803 ei
556 3739 702 3805 concedit
724 3741 1000 3826 presentecionem
1021 3741 1120 3817 illam,
1135 3749 1170 3804 et
1185 3739 1276 3803 Prior
1296 3740 1331 3803 in

222 3839 449 3917 misericordie,
465 3848 499 3905 et
514 3840 674 3907 liedulfus
689 3842 830 3907 habeot⁶
845 3852 904 3908 eto.

80 3956 169 4021 637,
289 3944 473 4009 Willelmus
491 3945 532 4009 de
553 3946 775 4012 Strumeshele
798 3947 884 4033 petit
904 3970 1017 4012 uersus
1039 3947 1173 4011 Petrum
1197 3946 1332 4012 Consta·
1391 3976 1451 4015 sorr.

222 4046 387 4111 bulorium
402 4046 443 4111 de
460 4046 617 4113 Meritone
632 4048 711 4135 xiiij.
726 4072 787 4117 eor.
804 4058 890 4114 terre
910 4072 985 4114 curn
1005 4057 1087 4135 pert.
1102 4049 1138 4113 in
1153 4048 1331 4136 Bringhnm

258 4240 267 4273 ¹
286 4238 398 4291 Josoelin
410 4239 441 4291 de
451 4240 546 4301 Beilul,
559 4242 730 4294 1142-1184.
838 4243 849 4276 ⁴
865 4242 980 4307 Perhaps
996 4243 1029 4294 he
1043 4243 1142 4293 formed
1157 4244 1203 4295 the
1219 4246 1258 4295 lee
1279 4245 1333 4297 ond

258 4304 451 4423 :efflue
464 4309 634 4359 ¹¹⁷⁴·³¹⁸⁴·
805 4308 1164 4441 certissumus
