3342 5217
421 472 550 523 suarna
572 472 646 523 suo
668 473 818 537 TRINITY,
841 475 907 525 nn.
933 464 1027 537 1219,
1050 476 1114 527 na.
1137 464 1167 527 3.
1307 463 1348 524 25

242 640 276 704 in
298 640 460 709 Alesbiria
480 642 533 709 die
560 666 623 730 quo
647 643 729 710 obiit
753 654 787 710 et
810 646 839 710 si
863 645 946 712 obiit
971 656 1006 711 et
1031 647 1059 711 si
1082 655 1141 713 eto.
1166 668 1225 731 per
1249 643 1348 710 breue

241 746 341 833 Regis
365 747 526 833 ingrsesu¹
556 771 654 834 quam
678 758 797 815 terram
822 750 1006 815 Joscelinus
1029 750 1071 815 de
1095 750 1128 815 la
1152 749 1349 815 Wardoroba

241 857 341 927 tenet,
366 850 423 936 qui
447 860 542 917 uocat
564 852 640 917 inde
662 852 704 917 ad
725 861 905 918 warantum
927 853 1129 918 Willelmum
1151 852 1191 917 de
1215 852 1347 917 Mande-

240 953 322 1017 nilla
351 953 513 1020 Comitem
544 956 683 1033 Funeris,
708 956 826 1021 habeat
855 979 932 1020 eum
960 955 996 1020 in
1021 965 1081 1021 oct.
1109 956 1140 1021 S.
1168 955 1263 1019 llioln
1290 977 1349 1039 per

239 1056 398 1121 auxilium
414 1057 509 1123 curie.
554 1056 647 1122 Idem
662 1057 759 1122 datus
773 1066 823 1122 est
838 1056 900 1123 eis¹
913 1057 983 1122 dies
1000 1065 1073 1123 octo
1092 1058 1348 1145 recognitoribus

241 1160 298 1244 qni
312 1170 475 1225 uenerunt
489 1170 523 1226 et
538 1161 570 1245 ij.
587 1184 645 1247 per
658 1162 869 1226 essoniatores
883 1184 958 1226 suos
971 1170 1007 1225 et
1026 1162 1083 1226 alii
1102 1160 1348 1226 atthachientnr

240 1270 275 1326 et
290 1262 358 1327 loco
372 1263 530 1328 Willelmi
545 1263 575 1327 le
590 1263 678 1341 Dnn,
695 1263 851 1328 Willelmi
870 1263 911 1328 de
927 1264 1059 1350 Optona
1077 1264 1134 1350 qui
1153 1272 1348 1329 amouentur

241 1370 341 1447 ponat
369 1363 548 1429 uiceoomes
577 1370 635 1428 etc
682 1363 726 1427 Et
755 1363 923 1429 sciendum
952 1364 1039 1450 quod
1067 1365 1166 1430 breue
1192 1365 1347 1451 originale

240 1466 394 1531 amissum
420 1464 501 1532 fuit·
523 1468 559 1532 in
581 1490 705 1554 guerra,
729 1475 779 1533 set
801 1469 892 1533 uisus
917 1470 1022 1533 factus
1047 1469 1112 1533 fuit
1136 1468 1178 1533 de
1201 1478 1289 1533 terra
1313 1478 1349 1532 et

241 1567 301 1633 hoc
330 1578 488 1635 testatum
517 1570 582 1636 fuit
611 1592 669 1657 per
697 1570 872 1636 iuratores‘
899 1578 934 1637 et
957 1572 1191 1651 nioecomitem,
1214 1580 1249 1636 et
1274 1571 1347 1637 ideo

241 1672 391 1757 procedat
406 1673 540 1758 loquela

175 1832 182 1845 .
304 1776 416 1841 Amisa
434 1777 528 1842 uenit
549 1778 755 1864 recognitura
777 1778 804 1843 si
825 1778 973 1843 Suanilla
995 1777 1064 1842 filia
1082 1777 1221 1842 Walteri
1243 1787 1348 1842 mator
1375 1792 1492 1879 dffiffiu

241 1877 380 1943 Simonis
408 1880 473 1944 fuit
502 1880 613 1945 seisitn
640 1881 675 1945 in
704 1880 865 1945 dominico
893 1902 952 1944 suo
975 1887 1014 1943 ut
1039 1879 1079 1944 de
1109 1880 1202 1943 feodo
1231 1880 1281 1943 et⁸
1304 1880 1346 1945 de

238 1979 373 2046 dimidia
392 1982 522 2069 uirgato
544 1992 717 2049 terrenum
735 1983 944 2069 pertinenciis
965 1982 1001 2047 in
1022 1982 1272 2068 Fenddraytona
1292 1982 1346 2048 die

238 2104 303 2167 quo
324 2083 405 2148 obiit
428 2094 486 2149 etc
510 2093 544 2149 et
570 2086 597 2149 si
623 2094 683 2151 etc.
714 2108 812 2171 quam
841 2093 962 2149 terram
985 2085 1170 2171 Margareta
1192 2107 1256 2171 qne
1281 2086 1345 2150 fuit

238 2206 319 2249 uxor
341 2185 432 2251 Petri
460 2186 520 2251 filii
549 2188 679 2253 Andree
703 2196 737 2252 et
760 2187 904 2253 Jacobus
927 2186 1107 2251 filiuseius
1133 2195 1255 2253 tenent.
1301 2188 1345 2253 Et
1387 2202 1476 2251 corbin

238 2290 423 2377 Margaret-a
451 2292 544 2357 uenit
572 2302 606 2357 et
635 2293 766 2358 uocauit
792 2291 869 2357 inde
894 2292 936 2357 ad
959 2302 1138 2357 warantum
1162 2292 1344 2378 predictum

238 2394 396 2459 Jacobum
409 2416 447 2459 eo
462 2395 548 2481 quod
563 2395 662 2461 nichil
675 2396 793 2461 clamat
808 2394 884 2459 inde
899 2395 962 2459 nisi
976 2396 1011 2459 in
1024 2395 1145 2471 dotem,
1153 2404 1188 2459 et
1202 2395 1344 2460 Jacobus

238 2504 287 2560 ost
301 2497 386 2563 inba
405 2506 528 2563 etatem
543 2507 577 2563 et
599 2500 658 2564 hoo
678 2500 765 2564 idern
786 2501 947 2587 cognouit,
961 2510 1012 2565 set
1031 2500 1109 2587 quia
1131 2500 1244 2564 Simon
1263 2498 1343 2563 dicit

238 2600 322 2685 quod
352 2610 456 2667 mater
485 2624 544 2667 sua
573 2603 681 2667 tenuit
704 2603 745 2667 de
769 2604 902 2669 Andrea
926 2614 1019 2689 patre
1042 2604 1144 2690 ipsius
1168 2602 1283 2669 Jacobi
1307 2611 1342 2667 et

237 2704 384 2769 Andreas
398 2706 525 2770 nullum
540 2704 591 2771 ius
606 2706 722 2771 habuit
737 2706 772 2771 in
788 2715 875 2771 terra
893 2707 951 2771 illa
969 2706 1032 2771 nisi
1051 2729 1110 2792 per
1128 2706 1340 2770 intrusionem

237 2846 296 2872 -..
317 2816 548 2893 postmortem
570 2809 683 2873 matris
705 2832 762 2874 sue
785 2810 870 2875 sicut
891 2810 926 2874 in
948 2810 1005 2875 illa
1026 2818 1113 2874 terra
1134 2832 1231 2895 quam
1253 2810 1341 2894 cepit

237 2910 270 2973 in
293 2910 480 2989 custodiam,
504 2912 750 2977 Consideratum
778 2914 937 2999 estquod
965 2914 1064 2978 assisa
1091 2912 1253 2999 procedat,
1275 2936 1340 2977 non

237 3015 385 3079 obstante
407 3017 553 3102 eoquod
575 3017 732 3083 Jacobus⁶
752 3027 802 3082 est
824 3018 909 3082 infin
929 3026 1060 3084 etatem
1106 3017 1150 3081 Et
1174 3016 1338 3082 sciendum

237 3116 322 3199 quod
342 3116 429 3181 idem
448 3118 591 3183 Jacobus
613 3118 744 3183 uocauit
770 3142 876 3183 coram
902 3118 1086 3184 iusticiariis
1110 3119 1340 3184 itinerantibus
1353 3158 1431 3186 -..

236 3217 310 3283 inde
339 3218 382 3283 ad
411 3228 589 3284 warantum
619 3221 833 3286 Benedictum
863 3222 967 3286 lilium
991 3220 1160 3285 Benedicti
1189 3230 1228 3285 nt
1253 3222 1340 3286 idem
1354 3254 1410 3292 soa

237 3320 377 3387 Jacobus
390 3324 551 3409 cognouit,
561 3308 600 3389 et
616 3325 729 3390 Simon
744 3324 895 3389 similiter
909 3324 1057 3391 euadent'
1071 3331 1121 3388 set
1141 3346 1206 3388 non
1226 3324 1339 3389 habui·
1353 3299 1490 3387 mlum

1353 3393 1403 3439 qula
1411 3397 1466 3432 touc-

235 3447 308 3489 mus
329 3425 405 3490 inde
426 3426 593 3491 reoowlum
615 3450 675 3493 nec
700 3438 880 3493 warantum
905 3428 980 3493 inde
1003 3428 1121 3493 habere
1146 3427 1279 3493 debebit
1302 3451 1340 3493 eo
1352 3440 1506 3525 gggffiffllffid

236 3530 321 3614 quod
358 3530 471 3595 Simon
499 3533 618 3597 clamat
648 3542 757 3599 tenere
786 3534 827 3600 de
857 3535 911 3599 co⁸
939 3543 989 3599 set
1018 3534 1150 3620 ponitur
1177 3534 1277 3599 assisa
1304 3535 1337 3599 in
1351 3532 1461 3626 fflg'ffi

1351 3624 1459 3663 dominnm

235 3642 417 3719 respectum
440 3636 595 3721 usquein
618 3644 676 3702 oct.
700 3638 731 3703 S.
755 3638 851 3703 Mioln
873 3660 931 3723 pro
950 3637 1078 3702 defectu
1101 3638 1338 3723 recognitorum
1351 3670 1500 3717 mimimo

281 3737 289 3750 .
517 3740 523 3753 .
612 3740 619 3753 .
728 3741 735 3754 .
1262 3741 1270 3754 .
1402 3721 1474 3756 tonora

237 3760 312 3822 qma
326 3738 435 3803 nullus
449 3748 542 3805 ucmt
556 3748 591 3805 et
610 3740 683 3805 ideo
703 3764 881 3807 moeoomes
901 3741 1021 3806 habeat
1039 3762 1171 3826 corpora
1185 3764 1336 3805 ommnm
1351 3718 1473 3849 Q&

301 3838 493 3905 concordati
515 3850 592 3905 sunt
609 3864 667 3928 per
689 3842 855 3909 licenciam
872 3842 1122 3908 iusticiariorum
1141 3851 1176 3907 et
1195 3850 1246 3908 est
1265 3864 1338 3907 con-
1352 3858 1476 3906 messui·-

268 4010 609 4074 1arescitintarlinsdsous
621 4016 648 4063 to
660 4016 762 4064 turnin
845 4014 1015 4065 ⁷1ntcrlined
1026 4015 1060 4077 by
1070 4018 1219 4065 annotator.

237 4074 426 4190 inffiffiffl·
812 4080 858 4193 fill
874 4080 1011 4194 “Werdltha
1028 4081 1118 4156 Oourt)
1140 4080 1207 4156 haya
1220 4082 1270 4193 ζει
1286 4078 1340 4130 had

268 4203 330 4255 'As
352 4156 447 4255 tomtba
465 4206 519 4256 loss
540 4208 569 4259 of
589 4207 636 4259 tho
652 4208 763 4272 original
812 4159 933 4271 rigbietoci
942 4144 1143 4260 haiinilssnigliil
1152 4145 1341 4259 iiuwarrvairiiii

236 4270 300 4327 writ,
312 4284 354 4320 sae
365 4270 432 4321 Bul.
443 4272 491 4323 257
503 4272 528 4322 b.
813 4275 854 4323 lor
875 4274 967 4325 Simon
985 4274 1048 4325 does
1066 4277 1113 4325 not
1133 4274 1213 4325 claim
1230 4278 1258 4324 to
1276 4273 1341 4325 hold

269 4335 461 4387 ‘Oriurctoua
813 4340 843 4388 ol
850 4339 998 4389 Benedict.”

270 4400 368 4449 ‘omit
379 4408 413 4450 et.
846 4404 984 4467 ”Usually
1003 4418 1056 4467 you
1082 4407 1181 4454 cannot
1204 4402 1280 4451 malm
1305 4418 1341 4453 an

270 4463 409 4529 'Jacoom
423 4464 561 4518 interlined
572 4468 605 4533 by
612 4472 759 4521 annotator.
814 4468 903 4519 iniant
924 4468 1067 4521 defendant
1085 4468 1144 4520 who
1165 4469 1189 4518 is
1211 4468 1239 4517 in
1260 4468 1341 4519 soloin
