3342 5217
392 387 627 450 monimum,
648 387 712 438 an.
739 375 917 449 12111111
943 375 1078 436 13-11.
1221 376 1283 437 305

180 582 336 646 umquam
365 561 482 648 aliquis
508 584 619 626 eorum
642 561 718 626 inde
740 562 892 627 saisinam
918 563 1042 628 habuit.
1086 564 1163 628 Post
1191 566 1285 630 uenit

179 664 340 730 Ranulfus
355 673 389 730 et
403 665 489 752 petit
505 665 670 730 licenciam
686 665 857 730 recedendi
872 666 912 732 de
927 666 1020 731 breui
1033 689 1092 731 suo
1106 676 1141 732 et
1155 667 1262 733 hebet.

245 767 289 831 Et
317 767 484 832 sciendum
511 768 597 853 quod
620 768 732 833 Simon
759 767 799 832 de
826 768 992 833 Tureuilla
1018 769 1171 856 cognouit
1199 771 1286 856 quod

178 871 266 958 cepit
280 871 468 960 homagium
483 871 585 958 ipsius
600 872 732 937 Ranulfi
752 870 793 936 de
815 872 908 937 feodo
928 872 1065 937 ducrum
1088 872 1230 938 militum
1250 873 1285 938 in

179 975 363 1042 Ohaffimte.

118 1144 125 1158 ,
242 1079 409 1144 Johsnnes
423 1079 463 1144 de
480 1079 633 1145 Dunham
654 1087 689 1143 et
711 1079 837 1144 Alanus
855 1079 896 1143 de
917 1080 1080 1196 Rochagh’
1095 1079 1284 1144 summoniti
1343 1089 1362 1129 N
1363 1090 1400 1129 0‘1·

176 1182 309 1246 fuerunt
338 1182 379 1248 ad
402 1182 636 1248 ostendendum
659 1205 718 1268 per
739 1183 827 1269 quod
848 1183 1021 1248 seruicium
1048 1193 1164 1249 tenent
1192 1193 1282 1250 tene·
1347 1153 1399 1193 Μ

177 1292 291 1349 menta
310 1308 369 1350 sua
390 1286 425 1350 in
446 1285 668 1350 Wultertona¹
691 1285 905 1352 Bmilewater
950 1287 994 1350 Et
1008 1287 1176 1352 Johannes
1190 1287 1283 1353 uenit

176 1394 211 1451 et
237 1387 400 1474 cognoscit
425 1387 512 1474 quod
537 1397 630 1453 tenet
654 1389 688 1452 in
711 1387 923 1454 Waltertona
945 1398 1011 1454 tres
1032 1400 1143 1476 partes
1168 1399 1282 1477 quarte

175 1489 279 1576 pertis
305 1490 390 1556 feodi
412 1491 507 1556 unius
532 1491 713 1568 militiast
739 1491 864 1556 Alanus
890 1492 1053 1579 cognoscit
1082 1493 1168 1579 quod
1189 1502 1282 1559 tenet
1293 1503 1414 1589 mg„

174 1593 211 1657 in
227 1593 434 1659 Bradewater
448 1594 660 1660 medietatem
675 1594 774 1660 tercie
789 1595 892 1680 partis
906 1595 993 1660 feodi
1004 1596 1101 1660 unius
1112 1596 1226 1661 militis
1241 1598 1344 1682 dem
1293 1597 1414 1643 “lm''

175 1717 315 1781 quorum
334 1696 438 1762 seruic
439 1696 536 1760 'finis
556 1695 675 1762 factus²
689 1697 776 1762 inter
792 1697 984 1762 Geruasium
1000 1698 1040 1762 de
1056 1698 1283 1763 Bradefeuldia
1293 1644 1442 1776 ffiffl
1386 1738 1414 1775 fl
1415 1738 1433 1776 ,

175 1806 210 1863 et
226 1819 359 1863 uxorem
375 1799 445 1863 eius
460 1807 495 1863 et
508 1799 710 1863 Willelmum
726 1799 756 1863 le
773 1799 910 1885 Enueys'
927 1808 962 1864 et
977 1822 1109 1864 uxorem
1124 1800 1203 1866 eius.
1293 1784 1435 1878 11111111

242 1903 287 1966 Et
303 1901 484 1968 Ehorardus
499 1902 539 1968 de
555 1903 657 1968 Sahre
673 1903 889 1968 summonitus
903 1903 1016 1969 eodem
1031 1905 1125 1969 modo
1142 1905 1233 1969 uenit
1248 1913 1282 1970 et
1293 1878 1425 1972 iiiiiiiii

175 2003 341 2092 cognoscit
367 2005 452 2091 quod
482 2014 575 2070 tenet
609 2014 758 2092 quartam
788 2014 914 2092 partem
944 2007 1067 2073 feodi'
1053 2031 1078 2093 J.
1108 2008 1256 2073 militis
1246 2032 1282 2073 111

176 2109 288 2176 Sahre.
335 2109 378 2173 Et
393 2109 532 2176 Thomas
552 2109 638 2174 filius
661 2109 839 2174 Baldewini
854 2109 947 2174 uenit
962 2120 997 2174 et
1011 2113 1174 2198 cognoscit
1195 2113 1281 2199 quod

175 2221 270 2278 tenet
286 2213 415 2278 feodum
430 2212 556 2278 dimidii
571 2212 686 2277 militis
703 2213 738 2278 in
759 2213 926 2301 Skeringe'
945 2213 950 2301 l
970 2223 1004 2279 et
1027 2214 1213 2280 Berefordia
1233 2213 1283 2280 et'
1336 2244 1401 2293 [111]

176 2316 317 2401 quedam
346 2316 481 2382 calcaria
510 2315 666 2384 deaurata
703 2339 759 2401 pro
788 2325 977 2382 tenemento
1006 2318 1091 2404 quod
1121 2328 1213 2384 tenet
1246 2319 1282 2382 in

177 2421 334 2488 Norwico.

245 2524 288 2588 Et
311 2523 508 2588 Benedictus
534 2523 564 2588 le
588 2524 785 2610 Fstraunges
808 2525 960 2610 cognouit
982 2533 1131 2610 quartam
1155 2534 1281 2611 partem

177 2627 264 2692 feodi
274 2626 299 2712 j.
314 2626 429 2690 militis
443 2626 478 2693 in
493 2626 663 2692 Wautoua

118 2799 125 2814 ,
242 2730 354 2796 Assisa
383 2730 476 2796 uenit
506 2731 710 2818 recognitum
738 2730 766 2794 si
795 2729 979 2795 Willelmus
1008 2731 1154 2796 Bulwiuc
1183 2732 1283 2796 frater
1333 2745 1403 2784 faux-

175 2833 354 2907 Alexandri
390 2833 450 2897 filii
486 2833 628 2899 Albrede
666 2831 944 2920 [primogenitus⁴]
981 2833 1045 2898 fuit
1081 2833 1211 2898 saisitus
1246 2835 1281 2898 in

175 2935 338 3001 dominico
367 2957 424 3000 suo
453 2943 493 3000 ut
522 2936 562 3001 de
592 2935 684 3000 feodo
714 2936 754 3000 de
786 2959 814 2999 x.
845 2958 905 3000 aer.
931 2944 1016 3000 terre
1043 2959 1118 3001 cum
1139 2945 1219 3022 pert.
1246 2936 1281 3000 in

176 3039 384 3106 Wokindona
402 3038 455 3104 die
477 3047 537 3103 etc.
559 3047 594 3103 et
616 3037 643 3102 si
664 3046 733 3114 et„c
752 3061 850 3123 quam
871 3047 991 3103 terram
1012 3038 1169 3103 Ricardus
1188 3039 1229 3104 de
1250 3038 1282 3102 la

175 3142 312 3208 Leunde
328 3150 362 3206 et
378 3141 515 3206 Matillis
529 3164 610 3206 uxor
624 3140 694 3206 eius
708 3149 832 3206 tenent.
878 3142 921 3205 Et
936 3141 1095 3206 Ricardus
1109 3165 1174 3206 nou
1188 3141 1398 3239 ueniamu-
1374 3159 1435 3203 ora·

175 3256 211 3313 et
227 3245 345 3313 habuit
359 3245 472 3311 diem
462 3268 498 3311 m
508 3244 611 3310 banco
625 3267 683 3330 per
693 3245 921 3310 essoniatorem
936 3268 1041 3309 suum.
1078 3246 1138 3310 Set
1147 3244 1282 3310 Matillis
1294 3201 1445 3343 ffim'

175 3373 258 3416 uxor
283 3349 362 3416 eius
378 3349 472 3416 uenit
497 3357 532 3414 et
555 3348 635 3413 dicit
661 3349 746 3434 quod
769 3347 934 3434 predictus
956 3349 1165 3414 Ricardus
1133 3372 1185 3412 mr
1205 3341 1445 3426 (1111101111ῗῇειη

175 3453 352 3572 languidus
374 3463 425 3520 est
448 3462 483 3518 et
506 3453 617 3518 uenire
644 3475 708 3516 non
733 3462 843 3539 potest
872 3461 907 3517 et
933 3453 1032 3517 nichil
1063 3453 1143 3517 dicit
1172 3461 1284 3517 contra
1295 3437 1433 3520 «1111111111

175 3559 321 3626 assisam.
367 3559 411 3622 Et
425 3557 502 3643 quia
522 3556 607 3621 idem
628 3555 786 3622 Ricardus
806 3556 922 3621 habuit
941 3556 1084 3621 diemm
1105 3556 1206 3621 banco
1227 3579 1284 3642 per
1294 3527 1445 3669 1111111ῗέ-

176 3662 406 3728 essonistorem
436 3684 531 3726 suum
561 3661 634 3726 ideo
664 3661 814 3746 capiatur
841 3660 941 3724 assisa
976 3683 1090 3725 uersus
1119 3683 1195 3724 eum
1225 3668 1367 3753 perman
1346 3668 1434 3762 ¹²¹⁰ng
1519 3743 1522 3748 .

175 3769 340 3836 defaltam.
1294 3715 1372 3800 33¹⁸
1342 3761 1386 3800 '¹¹¹²

242 3871 266 3936 J
268 3879 411 3938 uratores
431 3869 546 3935 dicunt
564 3871 649 3956 quod
667 3870 830 3936 Aluredus
852 3879 946 3956 pater
968 3867 1106 3955 predicti
1125 3867 1282 3932 Willelmi

176 3975 349 4063 [postnati]
365 3975 540 4061 aliquando
555 3975 618 4040 fuit
633 3974 762 4040 saisitus
781 3974 822 4039 de
843 3973 955 4038 eadem
976 3983 1063 4038 terra
1077 3980 1114 4036 ut
1129 3971 1170 4036 de
1190 3971 1282 4035 feodo

175 4088 213 4144 et
233 4087 366 4165 propter
386 4085 614 4164 paupertatem
637 4077 769 4164 reliquit
791 4099 863 4142 eam
885 4077 934 4141 ita
955 4076 1040 4162 quod
1060 4075 1219 4139 Radulfus
1241 4074 1282 4137 de

663 4330 664 4333 Ἴ
790 4266 1231 4320 ⁴Theannotatorhasinterlined
1239 4266 1284 4316 the

757 4335 841 4385 worda
851 4335 942 4384 within
955 4337 985 4398 [·].
1018 4335 1124 4383 Albrede
1141 4332 1236 4382 should
1253 4332 1283 4380 bc

208 4403 221 4436 ⁸
238 4401 331 4451 Words
342 4417 410 4452 seem
422 4402 538 4463 missing.
758 4402 873 4450 Aluredr'.
1118 4471 1122 4478 ³

267 4518 300 4564 11.
1147 4501 1188 4562 20
