3342 5217
379 364 448 432 :694
608 366 848 435 incessens,
869 368 935 423 nn.
959 358 1052 434 1224,
1066 371 1139 421 ἠ
1160 357 1257 422 8-9.

382 548 526 620 eliorum
569 544 665 611 Idem
685 543 755 611 dies
775 542 874 615 dstns
895 550 946 612 ost
967 542 1022 629 xij.
1044 542 1158 631 primis
1179 543 1436 631 recognitoribus
1449 544 1493 613 de

199 712 205 722 .
406 674 488 717 mna
501 671 610 716 assise

325 815 335 835 ,
383 673 406 739 p
447 754 574 821 ¹Abbce
595 751 798 819 Glsuoestrie
818 750 998 838 optulit'se
1019 749 1079 837 iiij.
1099 750 1155 817 die
1175 773 1291 817 uersus
1311 751 1498 817 Robertum

376 859 449 926 Nol
469 858 511 925 dc
532 856 652 944 placito
673 854 761 942 quod
781 853 951 921 ei'reddst
972 876 1025 921 xv.
1047 876 1171 921 merces
1192 876 1274 942 quas
1295 856 1328 921 ei
1344 855 1449 921 debet
1463 866 1499 923 et

382 963 504 1029 iniuste
525 960 654 1031 detinet
675 967 714 1025 ut
734 958 817 1025 dicit
838 966 901 1025 etc
944 958 989 1025 Et
1008 958 1173 1025 Robertus
1194 981 1260 1024 non
1274 958 1368 1025 uenit
1383 968 1449 1027 etc
1464 970 1500 1027 et

383 1066 492 1152 plures
513 1064 591 1129 fecit
612 1063 758 1139 defaltas,
779 1063 829 1131 ite
849 1061 937 1149 quod
957 1062 1001 1129 sd
1012 1062 1177 1129 ultimum
1197 1062 1287 1131 diem
1302 1074 1499 1151 preceptum

383 1171 448 1239 fuit
469 1168 555 1257 quod
577 1168 757 1237 uiceoomos
776 1167 987 1254 distringeret
1008 1184 1086 1233 eum
1107 1190 1167 1255 per
1187 1176 1290 1235 terres
1311 1177 1347 1235 et
1376 1170 1501 1235 catells

383 1297 444 1345 sus
456 1284 518 1349 etc
532 1296 571 1339 eo
585 1272 672 1360 quod
684 1272 848 1339 subtraxit
863 1294 897 1341 se
912 1280 973 1346 ete.
990 1281 1025 1338 et
1036 1272 1216 1339 uioeoomee
1225 1274 1398 1339 mandauit
1409 1274 1499 1361 quod

383 1378 472 1464 cepit
492 1384 612 1442 tenum
634 1397 727 1440 stram
748 1374 784 1440 in
805 1396 941 1440 manum
962 1375 1057 1441 Dom.
1080 1375 1182 1462 Regis
1208 1376 1402 1457 et'cstalln
1432 1378 1502 1443 soil

383 1482 518 1549 blsdum
531 1480 573 1545 dc
588 1480 649 1546 hoc
661 1502 749 1545 enno
762 1486 799 1562 et
812 1502 843 1546 v.
858 1480 968 1557 boues,
983 1486 1019 1545 et
1039 1478 1113 1545 ideo
1135 1500 1194 1565 per
1214 1480 1386 1545 consilium
1408 1481 1501 1545 curie

379 1593 574 1671 preceptum
589 1595 640 1652 cst
653 1582 839 1649 uicecomiti
853 1581 996 1669 quodde
1011 1582 1106 1652 terris
1120 1582 1296 1651 etcetellis
1310 1581 1412 1649 facist
1426 1582 1501 1647 illos
1604 1642 1605 1669 ἶ

380 1688 532 1764 'desterno
543 1695 581 1753 et
595 1686 716 1759 habeo
730 1686 803 1753 illos
817 1686 854 1753 in
870 1686 982 1753 Octelt
999 1686 1033 1753 S.
1047 1685 1142 1751 Mart
1158 1685 1201 1751 sd
1215 1684 1367 1751 reddend'
1378 1686 1458 1753 etc'

449 1791 624 1857 'Ricardue
658 1791 745 1856 filius
782 1790 943 1856 iohannis
961 1798 963 1803 “
978 1791 1020 1855 de
1057 1789 1224 1855 Londonis
1243 1789 1345 1875 ·pctit
1382 1812 1501 1857 nermo

385 1896 582 1963 Nicholsum
603 1894 644 1961 dc
665 1895 836 1961 Wibitono
857 1894 945 1982 quod
965 1894 1082 1963 reddet
1104 1894 1136 1961 ei
1157 1918 1207 1961 u
1230 1915 1354 1959 mareas
1367 1916 1455 1981 quas
1468 1895 1500 1959 ei

377 2002 484 2076 ,debet
497 2018 556 2088 per
569 2008 692 2067 certem
706 2001 809 2088 ipsius
824 2001 977 2069 Nicholsi
992 2022 1090 2088 quem
1104 2000 1192 2069 idem
1204 1999 1362 2067 Ricardus
1372 2002 1501 2087 profert

385 2114 505 2192 etque
526 2105 676 2179 debitum
697 2104 781 2171 illud
801 2110 953 2183 testetur,
975 2114 1011 2171 ct
1031 2104 1119 2173 unde
1140 2104 1221 2173 dicit
1243 2103 1330 2190 quod
1350 2126 1413 2189 per
1438 2105 1501 2171 hoc

385 2209 472 2297 qnod
492 2232 557 2274 non
578 2209 722 2275 reddidit
744 2209 775 2274 ci
797 2208 947 2275 debitum
969 2208 1052 2274 illud
1072 2206 1250 2274 secundum
1263 2215 1389 2275 certem
1404 2230 1500 2273 susm

380 2321 445 2389 etc.
459 2312 674 2386 deterioratus
688 2319 740 2382 est
752 2312 796 2379 sd
809 2312 989 2398 dampnum
1001 2320 1060 2377 etc
1073 2312 1195 2378 et'inde
1205 2311 1354 2398 producit
1363 2321 1500 2380 sectam.

385 2417 429 2480 Et
443 2416 629 2480 continetur
641 2416 677 2480 in
692 2424 782 2482 carte
794 2416 883 2503 quod
896 2415 983 2482 idem
1000 2415 1179 2483 Nicholsus
1192 2415 1302 2503 posuit
1312 2417 1498 2482 manerium

255 2581 257 2585 ,
288 2583 291 2587 ,
380 2541 480 2591 snum
495 2517 540 2585 de‘
550 2518 744 2589 Willintons
757 2520 793 2585 in
807 2528 924 2589 menne
938 2518 1072 2587 tellum*
1086 2520 1135 2586 its
1154 2519 1241 2606 quod
1261 2518 1325 2584 nisi
1343 2520 1497 2586 redderet

381 2622 427 2700 cd
447 2622 625 2692 terminum
645 2632 707 2692 etc
728 2623 792 2711 ipsi
813 2624 898 2691 telos
918 2623 1178 2690 committerent⁶
1198 2623 1380 2689 manerium
1412 2622 1496 2690 illud

383 2728 491 2795 eidem
506 2728 645 2796 Bicsrdo
658 2736 719 2796 etc
1085 2738 1088 2743 '

380 2844 402 2903 ;’
450 2830 495 2897 Et
505 2830 689 2901 ‘Nioholsus
703 2830 797 2897 uenit
812 2839 848 2897 et
861 2831 1026 2919 cognoscit
1040 2839 1162 2899 certem
1181 2831 1273 2897 illem
1290 2840 1326 2898 ct
1344 2831 1495 2899 debitum

380 2940 420 3008 ,et
441 2942 549 3000 totum
570 2943 680 3020 preter
699 2934 887 3020 dampnum
932 2934 1051 3001 Postea
1070 2934 1204 3000 recessit
1225 2935 1258 3000 N
1260 2933 1407 3001 icholsns
1426 2934 1496 3002 sinc

379 3036 527 3114 licencia,
541 3046 576 3103 et
590 3038 663 3105 ideo
677 3039 916 3105 consideratum
936 3046 987 3105 est
1007 3038 1094 3127 quod
1113 3038 1271 3105 Ricardus
1289 3040 1496 3126 recuperauit

379 3139 534 3215 ,debitum
555 3163 652 3207 suum
674 3150 710 3210 et
731 3141 911 3207 uioecomes
930 3141 1053 3207 hebeat
1073 3163 1190 3228 eorpus
1210 3164 1308 3207 suum
1328 3142 1371 3208 sd
1391 3143 1494 3209 alium

380 3243 473 3318 ‚diem
488 3244 530 3315 sd
543 3245 918 3333 respondendum'qusre
932 3244 1066 3311 recessit
1080 3244 1150 3311 sine
1164 3245 1304 3311 licencia

261 3368 334 3432 902,
451 3349 631 3415 ‘lohannes
652 3350 694 3415 de
715 3350 829 3417 Monte
851 3350 959 3417 Acuto
981 3350 1066 3437 petit
1087 3372 1200 3416 uersus
1230 3348 1425 3417 Gsufridum
1453 3350 1493 3415 dc

260 3466 344 3509 m
382 3457 561 3523 -Furneeus
581 3455 669 3542 quod
691 3455 789 3521 [edict
810 3455 842 3521 ei
863 3454 1114 3520 consuetudines
1128 3463 1163 3520 et
1177 3452 1419 3522 recteest-'tricia
1432 3478 1493 3543 qus
1534 3506 1537 3515 .

382 3558 419 3623 ei
434 3558 544 3625 faeere
565 3556 665 3623 debet
685 3557 728 3622 dc
750 3557 850 3622 libem
865 3564 1053 3623 tenemento
1067 3579 1126 3622 suo
1141 3557 1227 3643 quod
1241 3558 1282 3624 de
1298 3580 1336 3624 eo
1350 3568 1446 3626 tenet
1459 3560 1491 3624 in

383 3660 607 3738 Thorwsbirie
622 3658 709 3725 unde
718 3659 812 3726 'idem
825 3660 993 3727 Johsnnes
1008 3660 1093 3727 dicit
1103 3660 1190 3748 quod
1207 3662 1294 3728 idem
1317 3662 1491 3731 Gauii-idus

383 3763 487 3832 debet
497 3764 529 3829 ei
540 3764 670 3829 feodum
680 3764 778 3829 unius
788 3764 904 3830 militis
915 3764 956 3831 de
967 3764 1080 3831 eodem
1092 3774 1280 3832 tenemento
1292 3775 1329 3833 et
1339 3790 1404 3833 non
1417 3766 1491 3835 lecit

386 3868 419 3935 ei
440 3892 491 3934 nc
514 3869 608 3937 annis
622 3870 794 3935 tensae&
807 3868 872 3935 nisi
887 3876 1036 3936 octauam
1046 3878 1178 3957 partem
1192 3871 1291 3937 unius
1306 3872 1422 3939 militis
1435 3894 1491 3959 per

387 3972 474 4059 quod
488 3974 520 4039 ei
533 3982 638 4040 cretro
652 3983 731 4039 sunt
745 3983 784 4039 ut
798 3974 834 4039 in
849 3975 1005 4063 scutagiis
1020 3983 1055 4041 et
1069 3976 1142 4042 eliis
1163 3976 1328 4044 forinsecis
1347 4001 1397 4045 xx.
1419 3978 1487 4045 libr.
1548 3994 1551 4000 '

387 4076 615 4164 sterlingorum
630 4084 666 4143 et
680 4078 740 4145 hoc
754 4079 849 4144 offert
860 4086 919 4145 etc

421 4203 431 4236 ¹
446 4203 611 4266 A.m.10d;
627 4204 656 4255 B.
667 4219 704 4258 m.
718 4208 741 4257 7.
995 4206 1006 4239 ⁴
1023 4208 1087 4257 Rod-
1103 4209 1256 4271 Harenosct
1272 4208 1332 4259 sot.
1351 4211 1383 4259 de
1398 4212 1487 4260 [αἰπ-

420 4270 431 4302 ¹
447 4269 499 4317 For
507 4266 605 4321 detsnlt
615 4270 756 4333 processis
772 4286 808 4322 cn
824 4270 912 4323 sction
964 4278 1031 4330 tona,
1041 4272 1072 4333 Δ,
1086 4272 1109 4321 Β
1118 4292 1126 4336 ;
1142 4276 1194 4323 two
1205 4273 1285 4324 ottho
1294 4274 1409 4337 iustioec

388 4334 416 4383 of
426 4333 592 4385 dcbtsesBr.
604 4336 622 4383 t.
633 4336 714 4388 4401).
996 4338 1006 4371 ³
1023 4339 1087 4389 Rari
1099 4346 1125 4387 et
1136 4338 1197 4391 not.
1210 4342 1373 4399 mium.
1384 4332 1414 4401 Δ,
1426 4338 1456 4389 Β.

421 4398 765 4460 ¹A.m.10d;1³.m.td.
996 4400 1165 4455 ⁸B.m.eo.
