3342 5217
356 423 419 484 316
660 431 800 492 ιιιιιιιι,
822 431 886 480 nn.
912 418 1006 493 1230,
1027 429 1090 480 sn
1115 419 1164 479 14.

193 605 440 703 mmmm
454 603 495 668 de
510 601 663 689 predictis
678 601 732 687 vij.
747 602 829 689 uirg.
875 601 920 665 Et
938 601 1013 667 ideo
1033 601 1281 667 consideratum
1303 596 1459 684 estquod

192 710 338 802 ψέξῃ
356 705 508 771 Mnriells
526 704 731 790 recuperauit
752 703 905 768 seisinem
925 727 1019 768 susm
1037 713 1074 769 et
1094 703 1261 769 Johnnnss
1282 703 1317 766 in
1338 699 1460 765 miseri·

193 805 343 898 Ἠῶ,
356 809 469 875 eordin
515 810 559 874 Et
580 809 747 874 sciendum
769 808 856 895 quod
877 809 1045 874 Johnnnes
1064 833 1131 874 non
1159 809 1253 874 uenit
1281 816 1315 872 et
1344 803 1460 869 hebuit

192 897 336 992 {wlf
356 911 444 977 diem
472 911 507 976 in
537 911 639 976 benno
668 919 839 997 postquem
863 910 972 975 inmte
993 911 1057 976 fuit
1078 911 1312 976 resummonits
1331 917 1366 973 et
1386 907 1459 972 ideo

193 990 335 1127 ΞΗ
356 1024 453 1101 eapte
466 1023 517 1078 est
531 1013 639 1078 iurata
652 1036 711 1100 per
724 1014 880 1079 deleltnm
895 1014 966 1078 eius
983 1037 1023 1080 eo
1041 1013 1129 1101 quod
1148 1014 1213 1079 fnit
1231 1013 1272 1078 de
1292 1009 1460 1099 piineipeli

422 1222 432 1254 ¹
478 1165 620 1287 illelmus
644 1220 783 1285 Huseerl
803 1229 839 1284 et
859 1221 1025 1286 Gelfridus
1046 1221 1078 1285 le
1096 1221 1311 1286 Weterletere
1333 1241 1391 1305 per
1411 1227 1461 1282 at

237 1331 301 1370 Μ
357 1333 501 1390 tornatos
529 1347 603 1389 suos
631 1332 751 1410 petunt
779 1347 894 1389 uersus
915 1325 1081 1391 Tetricum
1102 1326 1145 1392 de
1167 1327 1328 1412 Aldegate
1349 1321 1458 1388 dimid

195 1394 339 1537 ᾗῇ,
358 1452 420 1496 ser.
443 1437 528 1494 terre
555 1451 630 1494 eum
659 1439 740 1514 pert
763 1429 799 1492 in
829 1429 1017 1516 Stebbehey
1038 1437 1078 1493 ut
1098 1429 1151 1494 ius
1172 1451 1268 1494 suum
1289 1437 1348 1493 etu
1371 1436 1406 1492 et
1426 1426 1461 1490 in

196 1535 340 1632 Ἠῶ
357 1554 454 1617 quem
469 1531 648 1597 nonhabet
667 1531 850 1618 ingressum
868 1532 933 1596 nisi
953 1555 1013 1618 per
1033 1532 1235 1597 disseisinem
1256 1554 1353 1617 quem
1374 1529 1460 1594 idem

242 1645 310 1694 [ιιι]
357 1633 504 1698 Tenicus
524 1631 529 1720 Ι
547 1631 625 1698 fecit
646 1631 775 1718 Rogero
798 1632 939 1697 Husuerl
961 1635 1049 1719 petii
1071 1633 1167 1699 istius
1188 1633 1344 1699 Willelmi
1371 1631 1461 1696 cuius
1519 1679 1525 1688 .

195 1709 347 1852 {fc-iffi
357 1736 450 1802 heres
464 1737 532 1822 ipse
547 1744 598 1800 est
613 1745 647 1800 et
662 1735 718 1800 isti
733 1737 878 1802 Gslfiido
891 1735 966 1823 post
981 1737 1087 1803 ultim’
1102 1745 1138 1802 et
1151 1736 1239 1802 unde
1261 1736 1361 1800 sssisn
1379 1755 1462 1799 noue

194 1813 346 1937 mna
357 1839 523 1906 disseisine
538 1840 737 1904 summonits
751 1839 814 1904 fuit
831 1849 866 1905 et
881 1841 1037 1906 remansit
1050 1841 1152 1906 essise
1161 1840 1318 1927 sepienda
1327 1837 1462 1924 eoquod

196 1908 333 2032 ffiflbiffl·
357 1940 444 2005 idem
459 1940 606 2027 Rogerus
619 1939 702 2004 'obiit
717 1951 793 2005 ente
808 1941 995 2026 capcionem
1009 1941 1108 2006 essise
1123 1951 1183 2006 ete.

423 2042 467 2107 Et
489 2042 637 2107 Territus
658 2042 751 2107 uenit
773 2051 808 2107 et
830 2043 978 2109 defendit
1000 2045 1087 2131 quud
1109 2068 1174 2110 non
1196 2043 1372 2108 disseisinit
1392 2063 1465 2128 pre·

357 2145 460 2210 dictos
471 2145 673 2211 willelmum
684 2155 718 2211 et
730 2148 914 2213 Gelfridum
926 2157 961 2213 et
972 2149 1048 2214 inde
1059 2149 1153 2235 ponit
1164 2170 1199 2213 se
1210 2169 1308 2234 super
1317 2147 1465 2211 iuratam.

359 2249 403 2314 Et
431 2249 504 2313 ideo
525 2249 638 2314 ueniet
659 2250 767 2316 inmte
789 2260 851 2316 etc.
875 2252 918 2317 ed
939 2253 1232 2340 recognoscendum
1253 2252 1282 2317 si
1302 2251 1467 2338 predictus

360 2354 507 2418 Tenieus
520 2353 698 2420 disseisiuit
713 2377 768 2420 eos
783 2363 844 2420 etc.

238 2463 310 2526 384.
424 2459 603 2524 'Walterus
637 2459 724 2524 filius
758 2460 890 2525 Redulfi
923 2462 1141 2526 summonitus
1169 2461 1233 2526 fuit
1267 2461 1310 2526 ed
1337 2481 1467 2544 respon·

245 2561 304 2602 Μ
360 2563 502 2629 dendum
523 2562 547 2627 J
548 2563 667 2628 ohenni
687 2563 727 2628 de
748 2564 859 2651 Burge
878 2586 978 2651 quere
998 2566 1102 2631 trahit
1118 2588 1196 2630 enm
1212 2565 1246 2630 in
1260 2563 1416 2650 placitum
1430 2561 1468 2626 in

361 2669 450 2734 curin
465 2667 601 2734 Comitis
615 2667 770 2732 Arundel'
786 2689 844 2753 per
857 2668 958 2733 breue
974 2668 1014 2734 de
1034 2677 1123 2734 recto
1143 2670 1185 2734 de
1206 2667 1381 2732 medietate
1401 2664 1466 2749 xvj.

362 2795 421 2837 scr.
438 2780 522 2837 terre
537 2794 611 2835 cum
626 2780 706 2858 pert.
720 2771 754 2836 in
765 2772 955 2860 Aldeburgo
970 2795 1068 2859 quem
1083 2771 1293 2837 medietatem
1305 2769 1469 2857 predictus

198 2853 342 2998 {iffi-{iffi
361 2877 527 2942 Johsnnes
549 2875 753 2961 recuperauit
775 2899 888 2942 uersus
909 2876 1049 2942 eundem
1070 2875 1252 2941 Walterum
1272 2893 1378 2940 eorem
1398 2873 1468 2938 ins-

199 3003 329 3082 ffiffl·
363 2978 496 3044 tieieniis
509 2977 739 3042 itinerantibus
754 2978 789 3042 in
803 2979 962 3043 comitatu
977 2979 1010 3042 N
1012 2977 1149 3043 orfoleie.

199 3089 341 3184 mm*
429 3082 473 3146 Et
487 3081 652 3145 Walterus
666 3081 759 3145 uenit
774 3089 808 3145 et
822 3080 903 3145 dicit
917 3081 1004 3167 quod
1018 3079 1189 3165 inplacitst
1204 3101 1280 3144 enm
1294 3101 1352 3164 per
1368 3077 1471 3142 breue

200 3181 350 3280 ffifflff
363 3184 404 3249 de
424 3192 511 3248 recto
531 3183 609 3269 quie
627 3191 747 3247 terrem
767 3183 857 3247 illum
880 3183 990 3248 amisit
1009 3205 1115 3247 coram
1139 3181 1262 3246 eisdem
1284 3179 1474 3246 iustinianis

202 3276 350 3364 'inimi
364 3312 422 3375 per
435 3288 597 3354 defeltsm.
643 3288 686 3353 Et
703 3289 823 3374 quesiti
844 3297 922 3353 sunt
940 3288 1040 3353 mtuli
1060 3296 1095 3353 et
1115 3287 1289 3352 inuentum
1311 3294 1360 3351 est
1381 3285 1474 3371 quod

201 3337 352 3467 lltfflld-
364 3391 451 3456 idem
471 3390 636 3456 Johsnnes
658 3392 863 3477 recuperauit
885 3391 1037 3456 seisinsm
1057 3413 1151 3456 suem
1173 3413 1231 3476 per
1252 3389 1407 3455 iudicium
1428 3400 1476 3456 ut

200 3463 351 3599 &diffidis
365 3495 405 3561 de
428 3504 514 3560 tene
535 3517 598 3580 que
620 3494 684 3558 suit
705 3495 875 3581 partibilis,
890 3505 925 3560 et
946 3496 1019 3561 ideo
1042 3495 1290 3561 Consideratum
1312 3503 1361 3558 est
1382 3495 1478 3581 quod

201 3605 351 3700 gggfflffl·
365 3598 530 3665 lohannes
558 3605 671 3662 teneat
699 3598 735 3661 in
764 3619 843 3682 pene
873 3605 908 3662 et
934 3598 1099 3662 Walterus
1128 3597 1331 3662 custodiatur
1355 3605 1480 3682 postea

202 3708 315 3787 ‚uffiufff
365 3700 492 3766 inuenit
507 3700 629 3787 plegios
644 3701 730 3786 quud
745 3701 786 3766 de
802 3709 910 3766 cetero
923 3724 988 3765 non
1003 3710 1165 3788 sequetur.

242 3825 314 3888 335,
428 3803 604 3868 'Redull'us
624 3804 665 3869 de
687 3804 807 3870 Tiuille
828 3828 888 3892 per
908 3815 1109 3870 ettomatum
1132 3828 1228 3870 suum
1249 3805 1336 3891 petit
1356 3828 1480 3872 uersus

255 3919 305 3960 Μ
366 3909 540 3995 Hugonem
562 3908 730 3973 Graundin
752 3909 862 3975 dimid.
883 3932 985 3974 carue.
1001 3919 1085 3975 terre
1106 3933 1180 3975 cum
1200 3909 1332 3995 pertin
1348 3909 1481 3996 Aspele

367 4011 577 4077 Shitlindune
599 4020 633 4076 et
653 4011 861 4078 Paekesdene
879 4021 918 4077 ut
938 4013 990 4077 ius
1004 4036 1100 4078 suum
1116 4023 1175 4079 ete
1191 4013 1275 4078 etin
1290 4034 1389 4099 quem
1405 4037 1479 4080 non

202 4093 465 4239 ffiffihabet
488 4111 668 4200 ingressum
697 4113 759 4179 nisi
784 4137 843 4200 per
873 4114 1044 4180 Olericiem
1073 4115 1114 4180 de
1144 4115 1308 4180 Bereuills
1336 4139 1480 4184 uxoiem

202 4235 346 4324 &effingu-
366 4216 495 4282 Ricendi
509 4217 569 4281 filii
584 4217 747 4282 Euerwini
761 4219 916 4283 auunculi
932 4218 1034 4305 ipsius
1048 4219 1181 4284 Redulli
1196 4242 1259 4304 que
1274 4242 1340 4283 non
1354 4219 1484 4289 hebuit

203 4330 335 4426 fflgffi
367 4319 441 4384 inde
457 4319 519 4384 nisi
534 4320 644 4385 dotem
659 4330 717 4386 ete.
735 4329 769 4386 et
784 4320 860 4386 inde
875 4321 1024 4408 producit
1038 4332 1169 4388 sentem.
1239 4335 1246 4345 ’

204 4425 346 4521 gffiffm
507 4437 515 4468 ¹
534 4437 563 4486 A.
575 4451 611 4486 m.
624 4439 638 4486 9
650 4437 675 4487 d.
839 4440 849 4471 ²
865 4441 895 4490 A.
905 4456 939 4492 m.
953 4441 1004 4493 ud.
1170 4443 1181 4473 ³
1197 4441 1226 4493 d
1241 4457 1276 4489 m.
1291 4443 1330 4490 10.
