3342 5217
644 4 785 66 umam,
808 4 872 54 un.
941 32 948 47 ·
984 42 992 69 ,

344 200 436 256 sumn
459 183 499 241 ut
516 175 646 241 audiuit
662 174 736 254 diei,
751 184 786 241 et
801 176 894 242 Dom
911 176 983 243 Rex
1004 176 1092 243 idem
1114 177 1295 243 manerium
1318 174 1457 243 tradidit

344 281 451 357 eidem
467 280 634 347 Gileberto
649 281 829 347 tenendum
842 280 884 346 de
899 280 999 347 bellio
1013 281 1095 359 suo',
1106 289 1141 347 et
1155 282 1362 368 postmodum
1376 281 1458 367 quia

343 384 431 449 idem
461 383 648 449 Gilebertus
677 384 742 448 fuit
770 383 812 448 de
842 384 966 449 familia
994 408 1054 451 sua
1082 384 1175 451 dedit
1203 385 1291 451 idem
1320 385 1392 449 Rex
1422 384 1455 447 ei

343 486 524 559 manerium
545 485 628 551 illud
650 486 828 551 tenendum
851 485 893 551 de
915 487 1007 552 Dom.
1025 488 1115 574 Rege
1136 496 1171 552 et
1192 487 1365 553 heredibus
1386 486 1455 551 suia

342 596 538 673 permutem
553 610 644 652 suam
659 610 758 674 quam
772 591 894 675 profert
909 598 944 654 et
958 612 1022 675 que
1038 590 1098 655 hoo
1118 598 1259 655 testatur
1278 588 1363 675 quod
1383 588 1455 673 ipae

343 693 414 756 Rex
436 692 527 757 dedit
549 692 655 758 eidem
679 692 847 758 Gileberto
869 701 904 757 et
926 702 1015 759 oarta
1038 716 1098 759 sue
1120 693 1325 759 confirmauit
1348 699 1454 783 totam

342 804 462 860 terram
476 818 551 861 oum
565 805 647 882 pert
663 819 727 883 que
742 796 806 861 fuit
822 798 953 862 Redulfi
966 798 1144 864 Camerarii
1154 799 1195 864 de
1207 794 1455 863 Taunkaruilla¹

341 898 377 963 in
400 900 649 985 Huppehauene
671 909 706 965 et
728 923 827 987 quam
849 901 937 966 idem
960 902 1147 969 Gilebertus
1167 904 1258 988 prius
1278 900 1394 969 habuit
1411 900 1454 965 de

342 1004 442 1069 bellio
462 1004 566 1089 ipsius
584 1004 687 1090 Regis
706 1005 890 1071 habendam
907 1014 966 1071 eto
982 1005 1024 1071 de
1038 1006 1108 1092 ipso
1124 1007 1214 1093 Rege
1229 1016 1264 1072 et
1279 1004 1453 1071 heredibus

343 1108 499 1173 suiacum
513 1108 665 1173 omnihus
678 1117 760 1194 pert
775 1108 864 1173 suis³
878 1110 1043 1195 predictus
1064 1110 1225 1175 Radulhrs
1239 1110 1329 1175 illam
1343 1109 1454 1173 tenuit

342 1210 378 1275 in
393 1234 492 1275 manu
507 1234 567 1276 sua
580 1210 683 1276 donee
697 1233 770 1276 eam
783 1211 962 1277 reddiderit
975 1212 1155 1277 'heredibus
1169 1212 1307 1299 predicti
1320 1210 1454 1276 Radulfi

343 1337 403 1400 per
430 1315 635 1380 uoluntatem
661 1338 754 1380 suam
779 1316 834 1380 uel
860 1338 919 1401 per
943 1338 1057 1403 pacem
1066 1316 1084 1380 ⁴.
1130 1317 1228 1382 Teate
1254 1316 1344 1403 Rege
1368 1322 1454 1401 aput

343 1418 669 1483 westmonasterium
684 1428 769 1484 xxv0.
784 1417 838 1483 die
853 1417 877 1485 J
877 1442 928 1484 en.
944 1440 1029 1485 anno
1042 1420 1162 1507 regni⁵.

409 1525 453 1589 Et
479 1524 666 1590 Gilebertus
690 1524 893 1610 arqirietauit
919 1524 1002 1611 Regi
1032 1524 1163 1589 feodum
1187 1548 1283 1589 suum
1308 1523 1395 1610 quod
1421 1523 1454 1587 ei

343 1626 459 1691 debuit
473 1628 539 1691 fere
554 1627 594 1691 de
609 1627 736 1691 duobus
749 1626 845 1691 annis
853 1626 872 1691 ⁰.

410 1730 455 1795 Et
468 1730 585 1794 Petrus
598 1749 730 1815 presens
745 1736 794 1793 eet
809 1738 844 1794 et
859 1728 939 1794 dicit
959 1729 1045 1816 quod
1067 1752 1245 1816 numquam
1266 1729 1342 1795 inde
1364 1752 1454 1794 sum-

345 1834 489 1899 monitus
502 1832 567 1897 suit
580 1854 640 1898 neo
654 1832 736 1897 illud
750 1834 854 1919 gratia
867 1833 1010 1899 reddidit
1025 1854 1087 1905 neo¹
1099 1834 1183 1921 Regi
1198 1858 1258 1899 nec
1272 1834 1337 1911 alii,
1351 1835 1454 1899 immo

344 1961 403 2024 per
423 1938 573 2003 timorem
596 1945 630 2002 et
651 1938 755 2001 minas
770 1937 801 2002 ei
814 1937 924 2002 illatas
937 1930 980 2002 ab
996 1938 1037 2003 Η
1054 1937 1094 2003 de
1110 1938 1219 2025 Burgo
1235 1936 1332 2003 tuno'
1346 1938 1369 2003 J
1370 1938 1453 2003 usti·

344 2040 441 2105 oiario
463 2040 584 2127 Anglie
607 2048 643 2105 et
664 2040 732 2105 suia
752 2040 811 2125 qui
831 2039 881 2104 illi
903 2040 1020 2105 minati
1040 2041 1173 2105 bierunt
1191 2040 1279 2126 quod
1292 2038 1355 2105 nisi
1369 2039 1454 2104 illud

343 2142 493 2208 redderet
514 2143 608 2207 illum
630 2142 666 2207 iu
687 2143 748 2207 tali
770 2144 839 2207 loeo
859 2151 993 2229 poneret
1014 2143 1101 2229 quod
1115 2166 1180 2208 non
1194 2143 1321 2208 uideret
1335 2164 1453 2207 manus

344 2247 525 2333 neepedes,
540 2247 627 2311 unde
642 2246 824 2333 dicitquod
842 2247 963 2313 iniuste
983 2255 1018 2312 et
1039 2248 1109 2312 sine
1131 2248 1250 2313 iudicio
1272 2248 1454 2313 diffleisitua

343 2358 402 2428 est,
424 2358 459 2414 et
480 2350 567 2435 petit
589 2350 690 2413 telem
715 2349 867 2415 aeiainam
890 2350 1020 2436 qualem
1045 2351 1135 2437 prius
1161 2351 1286 2429 habuit,
1307 2360 1343 2417 et
1368 2352 1453 2417 bene

342 2455 423 2519 dicit
447 2453 534 2540 quod
556 2454 651 2519 Dom.
668 2454 700 2519 J.
721 2455 793 2519 Rex
814 2455 897 2520 illud
920 2456 951 2520 ei
972 2456 1064 2521 dedit
1085 2478 1143 2541 pro
1165 2456 1315 2543 homagio
1337 2479 1396 2521 suo
1418 2465 1454 2520 et

343 2559 436 2623 Dom.
451 2557 523 2622 Rex
537 2556 595 2642 qui
609 2579 697 2620 nuno
711 2564 762 2621 est
776 2556 853 2621 inde
868 2558 956 2643 oepit
971 2558 1157 2644 homagium
1172 2580 1276 2623 suum.

408 2661 453 2724 Et
467 2659 653 2725 Gilebertue
667 2659 753 2745 petit
767 2659 829 2724 eibi
844 2660 974 2725 ellooari
988 2660 1074 2747 quod
1089 2661 1176 2726 idem
1196 2661 1313 2726 Petrus
1334 2684 1452 2749 eogno-

342 2766 394 2829 uit
423 2764 510 2851 quod
538 2763 680 2828 reddidit
709 2764 891 2829 manerium
917 2765 999 2830 illud
1025 2773 1060 2830 et
1084 2765 1171 2851 petit
1194 2773 1233 2830 ut
1258 2765 1352 2831 Dom
1378 2766 1452 2831 Rex

343 2869 530 2934 warentizet
552 2869 583 2934 ei
605 2877 727 2934 cartam
747 2867 837 2933 illam
857 2877 891 2933 et
906 2869 1027 2934 donum
1042 2892 1138 2935 suum
1153 2870 1231 2956 quia
1244 2893 1308 2935 non
1323 2879 1453 2936 constat

343 2973 375 3039 ei
389 2996 449 3039 neo
462 2971 505 3038 ad
519 2995 595 3037 eum
610 2972 754 3057 pertinet
768 2971 809 3036 de
824 2972 860 3036 ui
875 2973 929 3037 uel
945 2972 1041 3037 minis
1056 2972 1087 3037 ei
1097 2973 1213 3039 illetis⁸
1227 2974 1305 3060 quia
1318 2982 1451 3041 tautum

376 3221 386 3254 ¹
403 3220 436 3270 In
447 3220 519 3270 1228.
553 3220 646 3269 Beseet
662 3218 686 3269 ie
703 3223 731 3270 to
746 3218 810 3268 hold
827 3218 873 3269 the
918 3232 997 3282 peaoe
1008 3218 1058 3269 hae
1069 3218 1134 3269 been
1145 3216 1295 3269 modswith
1307 3216 1408 3271 Frnnee
1419 3234 1450 3271 or

343 3300 437 3336 maner
458 3284 552 3347 during
573 3286 618 3335 the
639 3284 725 3347 king'e
745 3285 871 3347 pleneme.
919 3284 1126 3334 toreomeother
1136 3300 1238 3335 meson.

338 3352 403 3400 Bet.
413 3351 451 3400 ol.
462 3352 492 3399 12
501 3351 570 3399 Heu.
580 3352 603 3399 3.
613 3365 647 3400 m
660 3351 692 3399 10
702 3346 872 3413 (unprinted).
952 3348 962 3381 ⁵
979 3350 1019 3397 No
1030 3364 1092 3411 year
1103 3348 1261 3401 mentioned

345 3415 471 3466 Tbedate
486 3416 515 3464 of
530 3415 575 3465 the
591 3415 749 3476 subsequent
765 3412 872 3477 grentI
951 3412 1043 3465 ‘This
1064 3414 1151 3464 olauae
1174 3418 1248 3464 must
1274 3412 1306 3464 be
1332 3414 1394 3477 μή
1421 3415 1453 3465 of

344 3481 470 3532 bevenot
481 3479 637 3529 discovered.
919 3478 1034 3529 Basaet's
1056 3478 1114 3541 plea
1136 3478 1189 3528 and
1211 3494 1294 3528 seems
1316 3482 1344 3528 to
1368 3492 1449 3531 maen

377 3544 472 3594 ¹Who
491 3544 568 3609 being
584 3560 601 3594 a
617 3544 734 3594 Norman
751 3542 872 3593 forfeited
919 3542 1113 3594 thie-Basse
1124 3542 1177 3593 had
1186 3542 1249 3593 been
1264 3544 1293 3592 in
1308 3543 1407 3607 reoeipt
1421 3544 1452 3593 of

344 3610 388 3659 hia
402 3609 465 3661 land
480 3610 509 3659 in
525 3610 618 3660 John’a
634 3608 715 3671 reign.
748 3607 809 3658 Bet.
829 3609 870 3658 cl„
919 3623 935 3657 a
955 3609 1041 3670 salary
1059 3610 1182 3671 (feodum,
1199 3610 1247 3670 fea)
1264 3610 1293 3657 oi
1308 3610 1363 3659 220
1379 3608 1468 3669 hom.

344 3675 396 3725 vol.
419 3675 443 3733 1,
464 3690 508 3737 pp.
528 3675 553 3733 4,
570 3676 594 3733 5,
611 3676 627 3725 9
644 3674 668 3731 b.
687 3674 727 3723 11.
761 3672 870 3737 Upevou
919 3672 964 3723 the
979 3672 1138 3735 Rxehequer.
1174 3672 1410 3723 Inoonsideration
1422 3674 1453 3724 oi

344 3755 398 3791 wau
418 3738 554 3790 entruated
574 3742 603 3789 to
624 3738 698 3789 Peter
716 3736 749 3789 de
765 3738 872 3801 musy
919 3734 964 3788 the
975 3738 1054 3787 above
1064 3742 1142 3800 grant
1151 3736 1185 3788 he
1195 3737 1309 3789 releaaed
1323 3738 1369 3789 the
1384 3738 1450 3803 king

334 3805 446 3866 idOot.
459 3805 531 3854 1204.
832 3836 834 3839 v
919 3802 1114 3865 fortwoyeare.
1148 3802 1204 3853 The
1247 3802 1391 3865 ymentsoi
1404 3804 1450 3855 tha

377 3870 504 3932 ’Supply
514 3871 579 3919 ucat
590 3884 620 3918 or
630 3867 675 3918 the
685 3866 745 3917 like.
920 3866 1127 3965 stifendoanbe
1235 3868 1263 3917 in
1275 3864 1334 3919 not.
1349 3866 1389 3918 cl„

377 3934 482 3985 ⁴Until
494 3932 690 3995 thekingehell
700 3936 796 3983 restore
806 3930 827 3981 it
844 3935 871 3982 to
978 3929 1449 3997 Butnoudisgmoedandaprisomr.

345 3999 431 4062 Rulph
442 4000 471 4047 of
486 3998 670 4048 Tunkerville’e
681 3997 752 4047 heire
762 3998 870 4048 beonnae
952 3994 1080 4061 ¹'Supply
1091 3999 1244 4061 respondere.
