<?xml version="1.0" encoding="UTF-8"?>
<!DOCTYPE html PUBLIC "-//W3C//DTD XHTML 1.0 Transitional//EN"
    "http://www.w3.org/TR/xhtml1/DTD/xhtml1-transitional.dtd">
<html xmlns="http://www.w3.org/1999/xhtml" xml:lang="en" lang="en">
 <head>
  <title>
</title>
<meta http-equiv="Content-Type" content="text/html;charset=utf-8" />
  <meta name='ocr-system' content='tesseract 3.04.00' />
  <meta name='ocr-capabilities' content='ocr_page ocr_carea ocr_par ocr_line ocrx_word'/>
</head>
<body>
  <div class='ocr_page' id='page_1' title='image "bractonsnoteboo01maitgoog_0059.png"; bbox 0 0 3342 5217; ppageno 0'>
   <div class='ocr_carea' id='block_1_1' title="bbox 480 472 1354 549">
    <p class='ocr_par' dir='ltr' id='par_1_1' title="bbox 480 472 1354 549">
     <span class='ocr_line' id='line_1_1' title="bbox 480 472 1354 549; baseline 0.002 -14"><span class='ocrx_word' id='word_1_1' title='bbox 480 486 798 548; x_wconf 69' lang='lat' dir='ltr'>monstrumne.</span> <span class='ocrx_word' id='word_1_2' title='bbox 824 474 917 549; x_wconf 77' lang='lat'><strong>1219,</strong></span> <span class='ocrx_word' id='word_1_3' title='bbox 940 485 1003 536; x_wconf 77' lang='lat' dir='ltr'>An.</span> <span class='ocrx_word' id='word_1_4' title='bbox 1027 474 1122 537; x_wconf 78' lang='lat'><strong>3-4.</strong></span> <span class='ocrx_word' id='word_1_5' title='bbox 1313 472 1354 537; x_wconf 76' lang='lat'>49</span> 
     </span>
    </p>
   </div>
   <div class='ocr_carea' id='block_1_2' title="bbox 248 654 1359 3854">
    <p class='ocr_par' dir='ltr' id='par_1_2' title="bbox 248 654 1356 1572">
     <span class='ocr_line' id='line_1_2' title="bbox 249 654 1354 742; baseline -0.004 -20"><span class='ocrx_word' id='word_1_6' title='bbox 249 657 378 722; x_wconf 78' lang='lat' dir='ltr'>Ricardi</span> <span class='ocrx_word' id='word_1_7' title='bbox 398 656 499 742; x_wconf 87' lang='lat' dir='ltr'>petris</span> <span class='ocrx_word' id='word_1_8' title='bbox 519 657 569 721; x_wconf 89' lang='lat' dir='ltr'>sui</span> <span class='ocrx_word' id='word_1_9' title='bbox 590 656 637 721; x_wconf 81' lang='lat' dir='ltr'>eie</span> <span class='ocrx_word' id='word_1_10' title='bbox 656 665 762 721; x_wconf 85' lang='lat' dir='ltr'>eretro</span> <span class='ocrx_word' id='word_1_11' title='bbox 781 665 859 721; x_wconf 90' lang='lat' dir='ltr'>sunt</span> <span class='ocrx_word' id='word_1_12' title='bbox 880 657 942 721; x_wconf 84' lang='lat' dir='ltr'><strong>lxx.</strong></span> <span class='ocrx_word' id='word_1_13' title='bbox 958 678 1064 721; x_wconf 80' lang='lat' dir='ltr'>merce</span> <span class='ocrx_word' id='word_1_14' title='bbox 1085 664 1119 721; x_wconf 88' lang='lat' dir='ltr'>et</span> <span class='ocrx_word' id='word_1_15' title='bbox 1133 654 1300 720; x_wconf 90' lang='lat' dir='ltr'>residuum</span> <span class='ocrx_word' id='word_1_16' title='bbox 1314 654 1354 718; x_wconf 92' lang='lat' dir='ltr'>de</span> 
     </span>
     <span class='ocr_line' id='line_1_3' title="bbox 248 758 1355 845; baseline -0.004 -21"><span class='ocrx_word' id='word_1_17' title='bbox 248 770 393 845; x_wconf 89' lang='lat' dir='ltr'>tempore</span> <span class='ocrx_word' id='word_1_18' title='bbox 421 782 481 823; x_wconf 91' lang='lat' dir='ltr'>suo</span> <span class='ocrx_word' id='word_1_19' title='bbox 506 768 541 824; x_wconf 88' lang='lat' dir='ltr'>et</span> <span class='ocrx_word' id='word_1_20' title='bbox 569 758 645 823; x_wconf 89' lang='lat' dir='ltr'>inde</span> <span class='ocrx_word' id='word_1_21' title='bbox 672 758 821 844; x_wconf 79' lang='lat' dir='ltr'>producit</span> <span class='ocrx_word' id='word_1_22' title='bbox 850 768 972 823; x_wconf 80' lang='lat' dir='ltr'>sectam</span> <span class='ocrx_word' id='word_1_23' title='bbox 998 767 1068 835; x_wconf 81' lang='lat' dir='ltr'>etc,</span> <span class='ocrx_word' id='word_1_24' title='bbox 1093 759 1214 844; x_wconf 80' lang='lat' dir='ltr'>profert</span> <span class='ocrx_word' id='word_1_25' title='bbox 1243 765 1355 821; x_wconf 85' lang='lat' dir='ltr'>eutem</span> 
     </span>
     <span class='ocr_line' id='line_1_4' title="bbox 248 861 1355 929; baseline -0.002 0"><span class='ocrx_word' id='word_1_26' title='bbox 248 874 370 929; x_wconf 79' lang='lat' dir='ltr'>certem</span> <span class='ocrx_word' id='word_1_27' title='bbox 394 864 429 929; x_wconf 91' lang='lat' dir='ltr'>in</span> <span class='ocrx_word' id='word_1_28' title='bbox 454 864 514 928; x_wconf 88' lang='lat' dir='ltr'>hec</span> <span class='ocrx_word' id='word_1_29' title='bbox 538 864 639 928; x_wconf 78' lang='lat' dir='ltr'>uerba</span> <span class='ocrx_word' id='word_1_30' title='bbox 664 862 821 928; x_wconf 76' lang='lat' dir='ltr'>Ricardus</span> <span class='ocrx_word' id='word_1_31' title='bbox 846 863 887 928; x_wconf 95' lang='lat' dir='ltr'>de</span> <span class='ocrx_word' id='word_1_32' title='bbox 912 863 1008 929; x_wconf 77' lang='lat' dir='ltr'>Clare</span> <span class='ocrx_word' id='word_1_33' title='bbox 1030 863 1146 929; x_wconf 81' lang='lat' dir='ltr'>Comes</span> <span class='ocrx_word' id='word_1_34' title='bbox 1168 861 1355 927; x_wconf 78' lang='lat' dir='ltr'>Hertfordie</span> 
     </span>
     <span class='ocr_line' id='line_1_5' title="bbox 248 964 1355 1034; baseline -0.005 0"><span class='ocrx_word' id='word_1_35' title='bbox 248 969 398 1034; x_wconf 89' lang='lat' dir='ltr'>omnibus</span> <span class='ocrx_word' id='word_1_36' title='bbox 434 978 493 1034; x_wconf 82' lang='lat' dir='ltr'>etc</span> <span class='ocrx_word' id='word_1_37' title='bbox 524 969 670 1033; x_wconf 82' lang='lat' dir='ltr'>salutem.</span> <span class='ocrx_word' id='word_1_38' title='bbox 703 967 820 1032; x_wconf 80' lang='lat' dir='ltr'>Sciatis</span> <span class='ocrx_word' id='word_1_39' title='bbox 856 988 909 1031; x_wconf 89' lang='lat' dir='ltr'>me</span> <span class='ocrx_word' id='word_1_40' title='bbox 946 966 1071 1031; x_wconf 84' lang='lat' dir='ltr'>dedisse</span> <span class='ocrx_word' id='word_1_41' title='bbox 1105 975 1165 1031; x_wconf 84' lang='lat' dir='ltr'>etc</span> <span class='ocrx_word' id='word_1_42' title='bbox 1194 964 1355 1029; x_wconf 81' lang='lat' dir='ltr'>Beetricie</span> 
     </span>
     <span class='ocr_line' id='line_1_6' title="bbox 248 1070 1355 1161; baseline -0.005 -22"><span class='ocrx_word' id='word_1_43' title='bbox 248 1075 289 1139; x_wconf 90' lang='lat' dir='ltr'>de</span> <span class='ocrx_word' id='word_1_44' title='bbox 318 1074 504 1161; x_wconf 80' lang='lat' dir='ltr'>Langelega</span> <span class='ocrx_word' id='word_1_45' title='bbox 532 1095 590 1158; x_wconf 89' lang='lat' dir='ltr'>pro</span> <span class='ocrx_word' id='word_1_46' title='bbox 617 1072 753 1137; x_wconf 88' lang='lat' dir='ltr'>seruicio</span> <span class='ocrx_word' id='word_1_47' title='bbox 782 1094 842 1135; x_wconf 87' lang='lat' dir='ltr'>suo</span> <span class='ocrx_word' id='word_1_48' title='bbox 867 1095 895 1136; x_wconf 82' lang='lat' dir='ltr'>x.</span> <span class='ocrx_word' id='word_1_49' title='bbox 921 1071 992 1136; x_wconf 89' lang='lat' dir='ltr'><strong>libr.</strong></span> <span class='ocrx_word' id='word_1_50' title='bbox 1019 1071 1166 1136; x_wconf 88' lang='lat' dir='ltr'>redditus</span> <span class='ocrx_word' id='word_1_51' title='bbox 1190 1070 1355 1135; x_wconf 83' lang='lat' dir='ltr'>habendas</span> 
     </span>
     <span class='ocr_line' id='line_1_7' title="bbox 249 1174 1354 1264; baseline -0.003 -23"><span class='ocrx_word' id='word_1_52' title='bbox 249 1187 283 1243; x_wconf 91' lang='lat' dir='ltr'>et</span> <span class='ocrx_word' id='word_1_53' title='bbox 303 1178 501 1264; x_wconf 77' lang='lat' dir='ltr'>recipiendas</span> <span class='ocrx_word' id='word_1_54' title='bbox 521 1177 562 1242; x_wconf 89' lang='lat' dir='ltr'>de</span> <span class='ocrx_word' id='word_1_55' title='bbox 582 1198 635 1241; x_wconf 90' lang='lat' dir='ltr'>me</span> <span class='ocrx_word' id='word_1_56' title='bbox 655 1185 689 1241; x_wconf 89' lang='lat' dir='ltr'>et</span> <span class='ocrx_word' id='word_1_57' title='bbox 709 1175 882 1240; x_wconf 82' lang='lat' dir='ltr'>heredibus</span> <span class='ocrx_word' id='word_1_58' title='bbox 898 1176 978 1240; x_wconf 86' lang='lat' dir='ltr'>meis</span> <span class='ocrx_word' id='word_1_59' title='bbox 997 1175 1039 1240; x_wconf 92' lang='lat' dir='ltr'>de</span> <span class='ocrx_word' id='word_1_60' title='bbox 1058 1198 1185 1240; x_wconf 80' lang='lat' dir='ltr'>camere</span> <span class='ocrx_word' id='word_1_61' title='bbox 1198 1174 1354 1261; x_wconf 78' lang='lat' dir='ltr'><strong>quamdiu</strong></span> 
     </span>
     <span class='ocr_line' id='line_1_8' title="bbox 249 1279 1356 1347; baseline -0.005 -1"><span class='ocrx_word' id='word_1_62' title='bbox 249 1282 368 1346; x_wconf 86' lang='lat' dir='ltr'>uixerit</span> <span class='ocrx_word' id='word_1_63' title='bbox 389 1283 442 1346; x_wconf 92' lang='lat' dir='ltr'>uel</span> <span class='ocrx_word' id='word_1_64' title='bbox 462 1282 503 1346; x_wconf 91' lang='lat' dir='ltr'>de</span> <span class='ocrx_word' id='word_1_65' title='bbox 523 1281 630 1347; x_wconf 69' lang='lat' dir='ltr'>chasil</span> <span class='ocrx_word' id='word_1_66' title='bbox 638 1281 646 1313; x_wconf 92' lang='lat'>¹</span> <span class='ocrx_word' id='word_1_67' title='bbox 662 1282 715 1345; x_wconf 91' lang='lat' dir='ltr'>uel</span> <span class='ocrx_word' id='word_1_68' title='bbox 736 1282 776 1345; x_wconf 93' lang='lat' dir='ltr'>de</span> <span class='ocrx_word' id='word_1_69' title='bbox 794 1280 987 1345; x_wconf 79' lang='lat' dir='ltr'>molendinis</span> <span class='ocrx_word' id='word_1_70' title='bbox 1002 1280 1083 1345; x_wconf 85' lang='lat' dir='ltr'>meis</span> <span class='ocrx_word' id='word_1_71' title='bbox 1097 1280 1138 1344; x_wconf 93' lang='lat' dir='ltr'>de</span> <span class='ocrx_word' id='word_1_72' title='bbox 1153 1279 1356 1343; x_wconf 86' lang='lat' dir='ltr'>Middletone</span> 
     </span>
     <span class='ocr_line' id='line_1_9' title="bbox 248 1383 1355 1471; baseline -0.003 -23"><span class='ocrx_word' id='word_1_73' title='bbox 248 1384 350 1449; x_wconf 90' lang='lat' dir='ltr'>donec</span> <span class='ocrx_word' id='word_1_74' title='bbox 371 1385 402 1450; x_wconf 92' lang='lat' dir='ltr'>ei</span> <span class='ocrx_word' id='word_1_75' title='bbox 424 1386 586 1471; x_wconf 75' lang='lat' dir='ltr'>assignate</span> <span class='ocrx_word' id='word_1_76' title='bbox 613 1385 745 1448; x_wconf 88' lang='lat' dir='ltr'>fuerunt</span> <span class='ocrx_word' id='word_1_77' title='bbox 767 1408 795 1449; x_wconf 68' lang='lat' dir='ltr'>rc</span> <span class='ocrx_word' id='word_1_78' title='bbox 819 1384 888 1449; x_wconf 88' lang='lat' dir='ltr'>libr.</span> <span class='ocrx_word' id='word_1_79' title='bbox 912 1392 997 1448; x_wconf 87' lang='lat' dir='ltr'>terre</span> <span class='ocrx_word' id='word_1_80' title='bbox 1023 1383 1101 1449; x_wconf 78' lang='lat' dir='ltr'>olibi</span> <span class='ocrx_word' id='word_1_81' title='bbox 1126 1383 1161 1447; x_wconf 91' lang='lat' dir='ltr'>in</span> <span class='ocrx_word' id='word_1_82' title='bbox 1187 1384 1255 1447; x_wconf 88' lang='lat' dir='ltr'>loeo</span> <span class='ocrx_word' id='word_1_83' title='bbox 1281 1404 1355 1446; x_wconf 88' lang='lat' dir='ltr'>con-</span> 
     </span>
     <span class='ocr_line' id='line_1_10' title="bbox 249 1486 464 1572; baseline 0.005 -21"><span class='ocrx_word' id='word_1_84' title='bbox 249 1488 376 1572; x_wconf 77' lang='lat' dir='ltr'><strong>petenti</strong></span> <span class='ocrx_word' id='word_1_85' title='bbox 392 1486 464 1552; x_wconf 69' lang='lat' dir='ltr'>etc*</span> 
     </span>
    </p>

    <p class='ocr_par' dir='ltr' id='par_1_3' title="bbox 248 1589 1356 2098">
     <span class='ocr_line' id='line_1_11' title="bbox 315 1589 1355 1677; baseline -0.002 -22"><span class='ocrx_word' id='word_1_86' title='bbox 315 1591 358 1655; x_wconf 86' lang='lat' dir='ltr'>Et</span> <span class='ocrx_word' id='word_1_87' title='bbox 388 1590 505 1656; x_wconf 83' lang='lat' dir='ltr'>Comes</span> <span class='ocrx_word' id='word_1_88' title='bbox 534 1590 626 1654; x_wconf 87' lang='lat' dir='ltr'>uenit</span> <span class='ocrx_word' id='word_1_89' title='bbox 655 1598 690 1654; x_wconf 90' lang='lat' dir='ltr'>et</span> <span class='ocrx_word' id='word_1_90' title='bbox 723 1591 886 1677; x_wconf 77' lang='lat' dir='ltr'>cognoscit</span> <span class='ocrx_word' id='word_1_91' title='bbox 921 1598 1044 1655; x_wconf 80' lang='lat' dir='ltr'>certem</span> <span class='ocrx_word' id='word_1_92' title='bbox 1080 1590 1182 1675; x_wconf 84' lang='lat' dir='ltr'>petris</span> <span class='ocrx_word' id='word_1_93' title='bbox 1217 1589 1269 1654; x_wconf 89' lang='lat' dir='ltr'>sui</span> <span class='ocrx_word' id='word_1_94' title='bbox 1305 1598 1355 1653; x_wconf 88' lang='lat' dir='ltr'>set</span> 
     </span>
     <span class='ocr_line' id='line_1_12' title="bbox 248 1692 1356 1779; baseline 0 -22"><span class='ocrx_word' id='word_1_95' title='bbox 248 1694 381 1758; x_wconf 91' lang='lat' dir='ltr'>uidetur</span> <span class='ocrx_word' id='word_1_96' title='bbox 403 1694 489 1779; x_wconf 89' lang='lat' dir='ltr'>quod</span> <span class='ocrx_word' id='word_1_97' title='bbox 511 1716 574 1757; x_wconf 90' lang='lat' dir='ltr'>non</span> <span class='ocrx_word' id='word_1_98' title='bbox 597 1694 695 1757; x_wconf 90' lang='lat' dir='ltr'>debet</span> <span class='ocrx_word' id='word_1_99' title='bbox 717 1694 748 1757; x_wconf 89' lang='lat' dir='ltr'>ei</span> <span class='ocrx_word' id='word_1_100' title='bbox 770 1693 961 1779; x_wconf 88' lang='lat' dir='ltr'>respondere</span> <span class='ocrx_word' id='word_1_101' title='bbox 984 1692 1026 1757; x_wconf 90' lang='lat' dir='ltr'>de</span> <span class='ocrx_word' id='word_1_102' title='bbox 1052 1693 1112 1757; x_wconf 89' lang='lat' dir='ltr'>hoe</span> <span class='ocrx_word' id='word_1_103' title='bbox 1138 1692 1256 1769; x_wconf 90' lang='lat' dir='ltr'>debito,</span> <span class='ocrx_word' id='word_1_104' title='bbox 1279 1693 1356 1778; x_wconf 86' lang='lat' dir='ltr'>quia</span> 
     </span>
     <span class='ocr_line' id='line_1_13' title="bbox 248 1796 1356 1883; baseline -0.001 -21"><span class='ocrx_word' id='word_1_105' title='bbox 248 1808 341 1883; x_wconf 81' lang='lat' dir='ltr'>puter</span> <span class='ocrx_word' id='word_1_106' title='bbox 355 1820 433 1862; x_wconf 88' lang='lat' dir='ltr'>suus</span> <span class='ocrx_word' id='word_1_107' title='bbox 448 1821 512 1862; x_wconf 93' lang='lat' dir='ltr'>non</span> <span class='ocrx_word' id='word_1_108' title='bbox 526 1798 635 1883; x_wconf 91' lang='lat' dir='ltr'>potuit</span> <span class='ocrx_word' id='word_1_109' title='bbox 650 1796 796 1861; x_wconf 79' lang='lat' dir='ltr'>denarios</span> <span class='ocrx_word' id='word_1_110' title='bbox 811 1820 934 1862; x_wconf 81' lang='lat' dir='ltr'>annuos</span> <span class='ocrx_word' id='word_1_111' title='bbox 955 1797 1031 1862; x_wconf 81' lang='lat' dir='ltr'>dere</span> <span class='ocrx_word' id='word_1_112' title='bbox 1050 1797 1091 1862; x_wconf 93' lang='lat' dir='ltr'>de</span> <span class='ocrx_word' id='word_1_113' title='bbox 1112 1820 1238 1861; x_wconf 81' lang='lat' dir='ltr'>camere</span> <span class='ocrx_word' id='word_1_114' title='bbox 1254 1797 1356 1883; x_wconf 86' lang='lat' dir='ltr'>ipsius</span> 
     </span>
     <span class='ocr_line' id='line_1_14' title="bbox 250 1901 1355 1987; baseline -0.001 -19"><span class='ocrx_word' id='word_1_115' title='bbox 250 1902 410 1968; x_wconf 87' lang='lat' dir='ltr'>Gileberti</span> <span class='ocrx_word' id='word_1_116' title='bbox 431 1903 516 1967; x_wconf 89' lang='lat' dir='ltr'>sicut</span> <span class='ocrx_word' id='word_1_117' title='bbox 538 1902 569 1966; x_wconf 88' lang='lat' dir='ltr'>ei</span> <span class='ocrx_word' id='word_1_118' title='bbox 591 1902 723 1965; x_wconf 88' lang='lat' dir='ltr'>uidetur</span> <span class='ocrx_word' id='word_1_119' title='bbox 745 1924 803 1987; x_wconf 91' lang='lat' dir='ltr'>per</span> <span class='ocrx_word' id='word_1_120' title='bbox 824 1901 912 1987; x_wconf 88' lang='lat' dir='ltr'>quod</span> <span class='ocrx_word' id='word_1_121' title='bbox 934 1902 1003 1987; x_wconf 86' lang='lat' dir='ltr'>ipse</span> <span class='ocrx_word' id='word_1_122' title='bbox 1029 1910 1197 1967; x_wconf 89' lang='lat' dir='ltr'>teneretur</span> <span class='ocrx_word' id='word_1_123' title='bbox 1221 1901 1355 1967; x_wconf 84' lang='lat' dir='ltr'>reddere</span> 
     </span>
     <span class='ocr_line' id='line_1_15' title="bbox 249 2004 1328 2098; baseline 0 -27"><span class='ocrx_word' id='word_1_124' title='bbox 249 2004 462 2093; x_wconf 86' lang='lat' dir='ltr'>permissum⁸</span> <span class='ocrx_word' id='word_1_125' title='bbox 476 2006 545 2071; x_wconf 89' lang='lat' dir='ltr'>eius</span> <span class='ocrx_word' id='word_1_126' title='bbox 561 2015 595 2071; x_wconf 93' lang='lat' dir='ltr'>et</span> <span class='ocrx_word' id='word_1_127' title='bbox 610 2029 707 2092; x_wconf 90' lang='lat' dir='ltr'>super</span> <span class='ocrx_word' id='word_1_128' title='bbox 721 2006 781 2071; x_wconf 88' lang='lat' dir='ltr'>hoe</span> <span class='ocrx_word' id='word_1_129' title='bbox 796 2008 888 2091; x_wconf 91' lang='lat' dir='ltr'>ponit</span> <span class='ocrx_word' id='word_1_130' title='bbox 902 2030 937 2071; x_wconf 90' lang='lat' dir='ltr'>se</span> <span class='ocrx_word' id='word_1_131' title='bbox 951 2029 1049 2098; x_wconf 81' lang='lat' dir='ltr'>super</span> <span class='ocrx_word' id='word_1_132' title='bbox 1062 2006 1219 2071; x_wconf 90' lang='lat' dir='ltr'>iudicium</span> <span class='ocrx_word' id='word_1_133' title='bbox 1234 2006 1328 2071; x_wconf 87' lang='lat' dir='ltr'>curie.</span> 
     </span>
    </p>

    <p class='ocr_par' dir='ltr' id='par_1_4' title="bbox 249 2108 1356 2611">
     <span class='ocr_line' id='line_1_16' title="bbox 316 2108 1356 2197; baseline 0.002 -24"><span class='ocrx_word' id='word_1_134' title='bbox 316 2110 360 2174; x_wconf 90' lang='lat' dir='ltr'>Et</span> <span class='ocrx_word' id='word_1_135' title='bbox 374 2110 437 2195; x_wconf 90' lang='lat' dir='ltr'>ipsi</span> <span class='ocrx_word' id='word_1_136' title='bbox 454 2119 572 2196; x_wconf 90' lang='lat' dir='ltr'>petunt</span> <span class='ocrx_word' id='word_1_137' title='bbox 593 2108 678 2197; x_wconf 93' lang='lat' dir='ltr'>quod</span> <span class='ocrx_word' id='word_1_138' title='bbox 697 2111 885 2175; x_wconf 80' lang='lat' dir='ltr'>warentizet</span> <span class='ocrx_word' id='word_1_139' title='bbox 904 2111 951 2175; x_wconf 86' lang='lat' dir='ltr'>eis</span> <span class='ocrx_word' id='word_1_140' title='bbox 972 2118 1094 2175; x_wconf 73' lang='lat' dir='ltr'>cartem</span> <span class='ocrx_word' id='word_1_141' title='bbox 1116 2133 1209 2175; x_wconf 84' lang='lat' dir='ltr'>suam</span> <span class='ocrx_word' id='word_1_142' title='bbox 1230 2110 1356 2175; x_wconf 84' lang='lat' dir='ltr'>desicut</span> 
     </span>
     <span class='ocr_line' id='line_1_17' title="bbox 250 2212 1356 2299; baseline -0.001 -22"><span class='ocrx_word' id='word_1_143' title='bbox 250 2212 340 2277; x_wconf 86' lang='lat' dir='ltr'>illem</span> <span class='ocrx_word' id='word_1_144' title='bbox 355 2212 526 2299; x_wconf 81' lang='lat' dir='ltr'>cognoscit,</span> <span class='ocrx_word' id='word_1_145' title='bbox 541 2220 576 2277; x_wconf 92' lang='lat' dir='ltr'>et</span> <span class='ocrx_word' id='word_1_146' title='bbox 590 2213 673 2277; x_wconf 90' lang='lat' dir='ltr'>bene</span> <span class='ocrx_word' id='word_1_147' title='bbox 687 2212 780 2298; x_wconf 86' lang='lat' dir='ltr'>ponit</span> <span class='ocrx_word' id='word_1_148' title='bbox 794 2234 829 2276; x_wconf 93' lang='lat' dir='ltr'>se</span> <span class='ocrx_word' id='word_1_149' title='bbox 844 2234 941 2297; x_wconf 89' lang='lat' dir='ltr'>super</span> <span class='ocrx_word' id='word_1_150' title='bbox 955 2212 1112 2276; x_wconf 89' lang='lat' dir='ltr'>iudicium</span> <span class='ocrx_word' id='word_1_151' title='bbox 1129 2212 1157 2276; x_wconf 91' lang='lat' dir='ltr'>si</span> <span class='ocrx_word' id='word_1_152' title='bbox 1171 2220 1265 2297; x_wconf 86' lang='lat' dir='ltr'>peter</span> <span class='ocrx_word' id='word_1_153' title='bbox 1278 2234 1356 2276; x_wconf 84' lang='lat' dir='ltr'>suus</span> 
     </span>
     <span class='ocr_line' id='line_1_18' title="bbox 250 2314 1356 2402; baseline -0.001 -21"><span class='ocrx_word' id='word_1_154' title='bbox 250 2318 358 2402; x_wconf 91' lang='lat' dir='ltr'>potuit</span> <span class='ocrx_word' id='word_1_155' title='bbox 372 2316 433 2380; x_wconf 90' lang='lat' dir='ltr'>hoc</span> <span class='ocrx_word' id='word_1_156' title='bbox 447 2317 550 2380; x_wconf 77' lang='lat' dir='ltr'>faeere</span> <span class='ocrx_word' id='word_1_157' title='bbox 566 2338 674 2392; x_wconf 87' lang='lat' dir='ltr'>necne,</span> <span class='ocrx_word' id='word_1_158' title='bbox 689 2315 717 2379; x_wconf 91' lang='lat' dir='ltr'>si</span> <span class='ocrx_word' id='word_1_159' title='bbox 732 2316 780 2379; x_wconf 85' lang='lat' dir='ltr'>ite</span> <span class='ocrx_word' id='word_1_160' title='bbox 789 2324 878 2387; x_wconf 78' lang='lat' dir='ltr'>¹esset</span> <span class='ocrx_word' id='word_1_161' title='bbox 898 2314 1045 2380; x_wconf 90' lang='lat' dir='ltr'>debitum</span> <span class='ocrx_word' id='word_1_162' title='bbox 1066 2316 1152 2402; x_wconf 91' lang='lat' dir='ltr'>quod</span> <span class='ocrx_word' id='word_1_163' title='bbox 1171 2326 1264 2402; x_wconf 85' lang='lat' dir='ltr'>peter</span> <span class='ocrx_word' id='word_1_164' title='bbox 1278 2339 1356 2380; x_wconf 86' lang='lat' dir='ltr'>suus</span> 
     </span>
     <span class='ocr_line' id='line_1_19' title="bbox 251 2419 1356 2505; baseline -0.001 -19"><span class='ocrx_word' id='word_1_165' title='bbox 251 2421 374 2498; x_wconf 89' lang='lat' dir='ltr'>debuit,</span> <span class='ocrx_word' id='word_1_166' title='bbox 403 2420 502 2485; x_wconf 91' lang='lat' dir='ltr'>debet</span> <span class='ocrx_word' id='word_1_167' title='bbox 530 2419 599 2505; x_wconf 89' lang='lat' dir='ltr'>ipse</span> <span class='ocrx_word' id='word_1_168' title='bbox 625 2420 758 2485; x_wconf 86' lang='lat' dir='ltr'>reddere</span> <span class='ocrx_word' id='word_1_169' title='bbox 784 2420 853 2485; x_wconf 88' lang='lat' dir='ltr'>sine</span> <span class='ocrx_word' id='word_1_170' title='bbox 879 2419 1140 2498; x_wconf 75' lang='lat' dir='ltr'>contradiccione¹</span> <span class='ocrx_word' id='word_1_171' title='bbox 1166 2428 1201 2485; x_wconf 92' lang='lat' dir='ltr'>et</span> <span class='ocrx_word' id='word_1_172' title='bbox 1226 2420 1267 2485; x_wconf 91' lang='lat' dir='ltr'>de</span> <span class='ocrx_word' id='word_1_173' title='bbox 1293 2421 1356 2485; x_wconf 81' lang='lat' dir='ltr'>elio</span> 
     </span>
     <span class='ocr_line' id='line_1_20' title="bbox 249 2524 512 2611; baseline 0 -22"><span class='ocrx_word' id='word_1_174' title='bbox 249 2527 333 2611; x_wconf 88' lang='lat' dir='ltr'>petit</span> <span class='ocrx_word' id='word_1_175' title='bbox 348 2524 512 2589; x_wconf 86' lang='lat' dir='ltr'>iudicium.</span> 
     </span>
    </p>

    <p class='ocr_par' dir='ltr' id='par_1_5' title="bbox 250 2625 1359 3130">
     <span class='ocr_line' id='line_1_21' title="bbox 314 2625 1357 2712; baseline -0.003 -20"><span class='ocrx_word' id='word_1_176' title='bbox 314 2628 358 2692; x_wconf 87' lang='lat' dir='ltr'>Et</span> <span class='ocrx_word' id='word_1_177' title='bbox 385 2627 501 2693; x_wconf 86' lang='lat' dir='ltr'>Comes</span> <span class='ocrx_word' id='word_1_178' title='bbox 526 2627 606 2692; x_wconf 89' lang='lat' dir='ltr'>dicit</span> <span class='ocrx_word' id='word_1_179' title='bbox 632 2627 672 2691; x_wconf 94' lang='lat' dir='ltr'>de</span> <span class='ocrx_word' id='word_1_180' title='bbox 698 2626 809 2692; x_wconf 91' lang='lat' dir='ltr'>debito</span> <span class='ocrx_word' id='word_1_181' title='bbox 834 2626 936 2711; x_wconf 85' lang='lat' dir='ltr'>petris</span> <span class='ocrx_word' id='word_1_182' title='bbox 961 2626 1013 2691; x_wconf 87' lang='lat' dir='ltr'>sui</span> <span class='ocrx_word' id='word_1_183' title='bbox 1038 2626 1125 2712; x_wconf 92' lang='lat' dir='ltr'>quod</span> <span class='ocrx_word' id='word_1_184' title='bbox 1149 2626 1218 2712; x_wconf 84' lang='lat' dir='ltr'>ipse</span> <span class='ocrx_word' id='word_1_185' title='bbox 1240 2625 1357 2691; x_wconf 81' lang='lat' dir='ltr'>hebuit</span> 
     </span>
     <span class='ocr_line' id='line_1_22' title="bbox 250 2730 1358 2816; baseline -0.003 -20"><span class='ocrx_word' id='word_1_186' title='bbox 250 2740 444 2808; x_wconf 86' lang='lat' dir='ltr'>executores,</span> <span class='ocrx_word' id='word_1_187' title='bbox 459 2739 494 2795; x_wconf 91' lang='lat' dir='ltr'>et</span> <span class='ocrx_word' id='word_1_188' title='bbox 508 2731 611 2795; x_wconf 87' lang='lat' dir='ltr'>nescit</span> <span class='ocrx_word' id='word_1_189' title='bbox 625 2730 653 2795; x_wconf 87' lang='lat' dir='ltr'>si</span> <span class='ocrx_word' id='word_1_190' title='bbox 668 2731 793 2795; x_wconf 89' lang='lat' dir='ltr'>mencio</span> <span class='ocrx_word' id='word_1_191' title='bbox 808 2732 895 2795; x_wconf 81' lang='lat' dir='ltr'>fecta</span> <span class='ocrx_word' id='word_1_192' title='bbox 908 2731 972 2796; x_wconf 88' lang='lat' dir='ltr'>fuit</span> <span class='ocrx_word' id='word_1_193' title='bbox 990 2732 1025 2795; x_wconf 91' lang='lat' dir='ltr'>in</span> <span class='ocrx_word' id='word_1_194' title='bbox 1045 2738 1243 2795; x_wconf 81' lang='lat' dir='ltr'>testamento</span> <span class='ocrx_word' id='word_1_195' title='bbox 1256 2730 1358 2816; x_wconf 81' lang='lat' dir='ltr'>petris</span> 
     </span>
     <span class='ocr_line' id='line_1_23' title="bbox 250 2833 1357 2921; baseline 0.002 -24"><span class='ocrx_word' id='word_1_196' title='bbox 250 2834 302 2898; x_wconf 87' lang='lat' dir='ltr'>eui</span> <span class='ocrx_word' id='word_1_197' title='bbox 324 2833 365 2897; x_wconf 91' lang='lat' dir='ltr'>de</span> <span class='ocrx_word' id='word_1_198' title='bbox 387 2834 447 2897; x_wconf 94' lang='lat' dir='ltr'>hoc</span> <span class='ocrx_word' id='word_1_199' title='bbox 468 2833 580 2898; x_wconf 91' lang='lat' dir='ltr'>debito</span> <span class='ocrx_word' id='word_1_200' title='bbox 601 2856 661 2898; x_wconf 92' lang='lat' dir='ltr'>nec</span> <span class='ocrx_word' id='word_1_201' title='bbox 682 2834 747 2911; x_wconf 84' lang='lat' dir='ltr'>ne‘‚</span> <span class='ocrx_word' id='word_1_202' title='bbox 762 2857 822 2898; x_wconf 91' lang='lat' dir='ltr'>nec</span> <span class='ocrx_word' id='word_1_203' title='bbox 841 2834 870 2898; x_wconf 83' lang='lat' dir='ltr'>si</span> <span class='ocrx_word' id='word_1_204' title='bbox 889 2843 983 2919; x_wconf 87' lang='lat' dir='ltr'>peter</span> <span class='ocrx_word' id='word_1_205' title='bbox 1002 2858 1080 2900; x_wconf 88' lang='lat' dir='ltr'>suus</span> <span class='ocrx_word' id='word_1_206' title='bbox 1100 2835 1223 2921; x_wconf 81' lang='lat' dir='ltr'>aliquid</span> <span class='ocrx_word' id='word_1_207' title='bbox 1242 2835 1357 2899; x_wconf 90' lang='lat' dir='ltr'>debuit</span> 
     </span>
     <span class='ocr_line' id='line_1_24' title="bbox 251 2937 1359 3026; baseline 0.002 -25"><span class='ocrx_word' id='word_1_208' title='bbox 251 2960 311 3003; x_wconf 90' lang='lat' dir='ltr'>nec</span> <span class='ocrx_word' id='word_1_209' title='bbox 325 2960 374 3015; x_wconf 90' lang='lat' dir='ltr'>ne,</span> <span class='ocrx_word' id='word_1_210' title='bbox 390 2946 424 3001; x_wconf 88' lang='lat' dir='ltr'>et</span> <span class='ocrx_word' id='word_1_211' title='bbox 439 2938 512 3001; x_wconf 92' lang='lat' dir='ltr'>ideo</span> <span class='ocrx_word' id='word_1_212' title='bbox 526 2937 611 3023; x_wconf 89' lang='lat' dir='ltr'>petit</span> <span class='ocrx_word' id='word_1_213' title='bbox 625 2937 712 3003; x_wconf 88' lang='lat' dir='ltr'>diem</span> <span class='ocrx_word' id='word_1_214' title='bbox 728 2939 927 3004; x_wconf 84' lang='lat' dir='ltr'>certificandi</span> <span class='ocrx_word' id='word_1_215' title='bbox 946 2962 980 3004; x_wconf 87' lang='lat' dir='ltr'>se</span> <span class='ocrx_word' id='word_1_216' title='bbox 1001 2949 1035 3005; x_wconf 90' lang='lat' dir='ltr'>et</span> <span class='ocrx_word' id='word_1_217' title='bbox 1055 2940 1239 3026; x_wconf 87' lang='lat' dir='ltr'>inquirendi</span> <span class='ocrx_word' id='word_1_218' title='bbox 1261 2962 1359 3025; x_wconf 89' lang='lat' dir='ltr'>super</span> 
     </span>
     <span class='ocr_line' id='line_1_25' title="bbox 251 3041 1131 3130; baseline 0.003 -23"><span class='ocrx_word' id='word_1_219' title='bbox 251 3042 311 3107; x_wconf 89' lang='lat' dir='ltr'>hoc</span> <span class='ocrx_word' id='word_1_220' title='bbox 326 3042 499 3107; x_wconf 81' lang='lat' dir='ltr'>ueritatem</span> <span class='ocrx_word' id='word_1_221' title='bbox 515 3050 573 3107; x_wconf 88' lang='lat' dir='ltr'>etc.</span> <span class='ocrx_word' id='word_1_222' title='bbox 590 3042 690 3107; x_wconf 83' lang='lat' dir='ltr'>hebet</span> <span class='ocrx_word' id='word_1_223' title='bbox 704 3041 791 3107; x_wconf 90' lang='lat' dir='ltr'>diem</span> <span class='ocrx_word' id='word_1_224' title='bbox 806 3065 900 3128; x_wconf 87' lang='lat' dir='ltr'>prece</span> <span class='ocrx_word' id='word_1_225' title='bbox 915 3046 1058 3130; x_wconf 88' lang='lat' dir='ltr'>petentis</span> <span class='ocrx_word' id='word_1_226' title='bbox 1072 3055 1131 3110; x_wconf 91' lang='lat' dir='ltr'>etc.</span> 
     </span>
    </p>

    <p class='ocr_par' dir='ltr' id='par_1_6' title="bbox 251 3144 1358 3541">
     <span class='ocr_line' id='line_1_26' title="bbox 315 3144 1358 3233; baseline 0.002 -24"><span class='ocrx_word' id='word_1_227' title='bbox 315 3144 514 3210; x_wconf 72' lang='lat' dir='ltr'>‘Willelmus</span> <span class='ocrx_word' id='word_1_228' title='bbox 543 3144 584 3209; x_wconf 92' lang='lat' dir='ltr'>de</span> <span class='ocrx_word' id='word_1_229' title='bbox 614 3144 784 3209; x_wconf 85' lang='lat' dir='ltr'>Cundstan</span> <span class='ocrx_word' id='word_1_230' title='bbox 812 3146 899 3231; x_wconf 89' lang='lat' dir='ltr'>petit</span> <span class='ocrx_word' id='word_1_231' title='bbox 923 3169 1037 3211; x_wconf 85' lang='lat' dir='ltr'>uersus</span> <span class='ocrx_word' id='word_1_232' title='bbox 1061 3147 1226 3233; x_wconf 85' lang='lat' dir='ltr'>Rogemm</span> <span class='ocrx_word' id='word_1_233' title='bbox 1256 3146 1296 3211; x_wconf 90' lang='lat' dir='ltr'>de</span> <span class='ocrx_word' id='word_1_234' title='bbox 1326 3148 1358 3211; x_wconf 84' lang='lat' dir='ltr'>la</span> 
     </span>
     <span class='ocr_line' id='line_1_27' title="bbox 252 3248 1357 3336; baseline 0 -22"><span class='ocrx_word' id='word_1_235' title='bbox 252 3248 359 3314; x_wconf 88' lang='lat' dir='ltr'>Suche</span> <span class='ocrx_word' id='word_1_236' title='bbox 383 3249 469 3335; x_wconf 90' lang='lat' dir='ltr'>quod</span> <span class='ocrx_word' id='word_1_237' title='bbox 492 3249 599 3334; x_wconf 79' lang='lat' dir='ltr'>capiet</span> <span class='ocrx_word' id='word_1_238' title='bbox 619 3248 807 3336; x_wconf 79' lang='lat' dir='ltr'>homagium</span> <span class='ocrx_word' id='word_1_239' title='bbox 826 3258 862 3314; x_wconf 86' lang='lat' dir='ltr'>et</span> <span class='ocrx_word' id='word_1_240' title='bbox 880 3250 1073 3315; x_wconf 84' lang='lat' dir='ltr'>racionabile</span> <span class='ocrx_word' id='word_1_241' title='bbox 1088 3251 1247 3315; x_wconf 88' lang='lat' dir='ltr'>releuium</span> <span class='ocrx_word' id='word_1_242' title='bbox 1261 3273 1357 3315; x_wconf 89' lang='lat' dir='ltr'>suum</span> 
     </span>
     <span class='ocr_line' id='line_1_28' title="bbox 251 3350 1356 3436; baseline 0.001 -21"><span class='ocrx_word' id='word_1_243' title='bbox 251 3350 292 3415; x_wconf 92' lang='lat' dir='ltr'>de</span> <span class='ocrx_word' id='word_1_244' title='bbox 306 3350 408 3415; x_wconf 88' lang='lat' dir='ltr'>libero</span> <span class='ocrx_word' id='word_1_245' title='bbox 422 3358 609 3415; x_wconf 75' lang='lat' dir='ltr'>tenemento</span> <span class='ocrx_word' id='word_1_246' title='bbox 624 3373 682 3414; x_wconf 90' lang='lat' dir='ltr'>suo</span> <span class='ocrx_word' id='word_1_247' title='bbox 697 3350 782 3436; x_wconf 90' lang='lat' dir='ltr'>quod</span> <span class='ocrx_word' id='word_1_248' title='bbox 797 3359 890 3417; x_wconf 89' lang='lat' dir='ltr'>tenet</span> <span class='ocrx_word' id='word_1_249' title='bbox 904 3360 939 3416; x_wconf 92' lang='lat' dir='ltr'>et</span> <span class='ocrx_word' id='word_1_250' title='bbox 953 3351 994 3417; x_wconf 94' lang='lat' dir='ltr'>de</span> <span class='ocrx_word' id='word_1_251' title='bbox 1009 3374 1047 3416; x_wconf 91' lang='lat' dir='ltr'>eo</span> <span class='ocrx_word' id='word_1_252' title='bbox 1062 3359 1173 3416; x_wconf 89' lang='lat' dir='ltr'>tenere</span> <span class='ocrx_word' id='word_1_253' title='bbox 1187 3353 1306 3416; x_wconf 82' lang='lat' dir='ltr'>clamat</span> <span class='ocrx_word' id='word_1_254' title='bbox 1321 3352 1356 3416; x_wconf 92' lang='lat' dir='ltr'>in</span> 
     </span>
     <span class='ocr_line' id='line_1_29' title="bbox 252 3454 399 3541; baseline -0.007 -22"><span class='ocrx_word' id='word_1_255' title='bbox 252 3454 399 3541; x_wconf 86' lang='lat' dir='ltr'>Ellerige.</span> 
     </span>
    </p>

    <p class='ocr_par' dir='ltr' id='par_1_7' title="bbox 250 3557 1358 3854">
     <span class='ocr_line' id='line_1_30' title="bbox 318 3557 1355 3646; baseline 0 -23"><span class='ocrx_word' id='word_1_256' title='bbox 318 3558 362 3623; x_wconf 86' lang='lat' dir='ltr'>Et</span> <span class='ocrx_word' id='word_1_257' title='bbox 386 3558 534 3644; x_wconf 84' lang='lat' dir='ltr'>Rogerus</span> <span class='ocrx_word' id='word_1_258' title='bbox 560 3557 652 3622; x_wconf 92' lang='lat' dir='ltr'>uenit</span> <span class='ocrx_word' id='word_1_259' title='bbox 678 3565 712 3623; x_wconf 88' lang='lat' dir='ltr'>et</span> <span class='ocrx_word' id='word_1_260' title='bbox 737 3557 817 3623; x_wconf 93' lang='lat' dir='ltr'>dicit</span> <span class='ocrx_word' id='word_1_261' title='bbox 843 3557 929 3646; x_wconf 90' lang='lat' dir='ltr'>quod</span> <span class='ocrx_word' id='word_1_262' title='bbox 955 3580 1020 3624; x_wconf 91' lang='lat' dir='ltr'>non</span> <span class='ocrx_word' id='word_1_263' title='bbox 1045 3559 1143 3623; x_wconf 86' lang='lat' dir='ltr'>debet</span> <span class='ocrx_word' id='word_1_264' title='bbox 1169 3558 1355 3645; x_wconf 81' lang='lat' dir='ltr'>homagium</span> 
     </span>
     <span class='ocr_line' id='line_1_31' title="bbox 250 3663 1357 3749; baseline 0 -20"><span class='ocrx_word' id='word_1_265' title='bbox 250 3687 347 3729; x_wconf 85' lang='lat' dir='ltr'>suum</span> <span class='ocrx_word' id='word_1_266' title='bbox 361 3663 437 3729; x_wconf 89' lang='lat' dir='ltr'>inde</span> <span class='ocrx_word' id='word_1_267' title='bbox 449 3684 571 3749; x_wconf 83' lang='lat' dir='ltr'>capere,</span> <span class='ocrx_word' id='word_1_268' title='bbox 582 3663 660 3748; x_wconf 86' lang='lat' dir='ltr'>quie</span> <span class='ocrx_word' id='word_1_269' title='bbox 673 3686 841 3749; x_wconf 82' lang='lat' dir='ltr'>nunquam</span> <span class='ocrx_word' id='word_1_270' title='bbox 855 3672 1070 3729; x_wconf 78' lang='lat' dir='ltr'>antecessores</span> <span class='ocrx_word' id='word_1_271' title='bbox 1085 3664 1186 3749; x_wconf 90' lang='lat' dir='ltr'>ipsius</span> <span class='ocrx_word' id='word_1_272' title='bbox 1200 3664 1357 3729; x_wconf 89' lang='lat' dir='ltr'>Willelmi</span> 
     </span>
     <span class='ocr_line' id='line_1_32' title="bbox 250 3768 1358 3854; baseline -0.001 -21"><span class='ocrx_word' id='word_1_273' title='bbox 250 3768 439 3854; x_wconf 79' lang='lat' dir='ltr'>homagium</span> <span class='ocrx_word' id='word_1_274' title='bbox 450 3768 596 3832; x_wconf 84' lang='lat' dir='ltr'>fecerunt</span> <span class='ocrx_word' id='word_1_275' title='bbox 606 3769 860 3833; x_wconf 79' lang='lat' dir='ltr'>antecessoribus</span> <span class='ocrx_word' id='word_1_276' title='bbox 871 3769 946 3845; x_wconf 85' lang='lat' dir='ltr'>suis,</span> <span class='ocrx_word' id='word_1_277' title='bbox 955 3769 1009 3833; x_wconf 91' lang='lat' dir='ltr'>uel</span> <span class='ocrx_word' id='word_1_278' title='bbox 1020 3769 1179 3833; x_wconf 89' lang='lat' dir='ltr'>releuium</span> <span class='ocrx_word' id='word_1_279' title='bbox 1190 3768 1358 3845; x_wconf 88' lang='lat' dir='ltr'>dederunt,</span> 
     </span>
    </p>
   </div>
   <div class='ocr_carea' id='block_1_3' title="bbox 250 3965 1357 4548">
    <p class='ocr_par' dir='ltr' id='par_1_8' title="bbox 250 3965 1357 4548">
     <span class='ocr_line' id='line_1_33' title="bbox 283 3965 1127 4032; baseline 0.004 -17"><span class='ocrx_word' id='word_1_280' title='bbox 283 3967 293 3999; x_wconf 91' lang='lat'>¹</span> <span class='ocrx_word' id='word_1_281' title='bbox 310 3965 415 4016; x_wconf 84' lang='lat' dir='ltr'>Neither</span> <span class='ocrx_word' id='word_1_282' title='bbox 425 3965 454 4015; x_wconf 89' lang='lat' dir='ltr'>in</span> <span class='ocrx_word' id='word_1_283' title='bbox 467 3966 594 4016; x_wconf 83' lang='lat' dir='ltr'>notebook</span> <span class='ocrx_word' id='word_1_284' title='bbox 610 3981 658 4017; x_wconf 88' lang='lat' dir='ltr'>nor</span> <span class='ocrx_word' id='word_1_285' title='bbox 672 3966 701 4016; x_wconf 92' lang='lat' dir='ltr'>in</span> <span class='ocrx_word' id='word_1_286' title='bbox 714 3968 777 4017; x_wconf 88' lang='lat' dir='ltr'>rolls</span> <span class='ocrx_word' id='word_1_287' title='bbox 861 3968 872 4000; x_wconf 82' lang='lat'>⁸</span> <span class='ocrx_word' id='word_1_288' title='bbox 889 3968 960 4018; x_wconf 80' lang='lat' dir='ltr'>corr.</span> <span class='ocrx_word' id='word_1_289' title='bbox 971 3970 1127 4032; x_wconf 72' lang='lat' dir='ltr'>promiscum.</span> 
     </span>
     <span class='ocr_line' id='line_1_34' title="bbox 250 4030 1354 4095; baseline -0.001 -14"><span class='ocrx_word' id='word_1_290' title='bbox 250 4046 301 4081; x_wconf 77' lang='lat' dir='ltr'>een</span> <span class='ocrx_word' id='word_1_291' title='bbox 318 4032 331 4081; x_wconf 96' lang='lat' dir='ltr'>I</span> <span class='ocrx_word' id='word_1_292' title='bbox 348 4031 409 4081; x_wconf 82' lang='lat' dir='ltr'>reed</span> <span class='ocrx_word' id='word_1_293' title='bbox 424 4030 479 4080; x_wconf 80' lang='lat' dir='ltr'>this</span> <span class='ocrx_word' id='word_1_294' title='bbox 494 4046 523 4081; x_wconf 82' lang='lat' dir='ltr'>es</span> <span class='ocrx_word' id='word_1_295' title='bbox 538 4032 619 4095; x_wconf 77' lang='lat' dir='ltr'>ought</span> <span class='ocrx_word' id='word_1_296' title='bbox 632 4032 678 4081; x_wconf 88' lang='lat' dir='ltr'>but</span> <span class='ocrx_word' id='word_1_297' title='bbox 689 4033 777 4082; x_wconf 75' lang='lat' dir='ltr'>charil’</span> <span class='ocrx_word' id='word_1_298' title='bbox 861 4034 914 4083; x_wconf 80' lang='lat' dir='ltr'>⁴1t</span> <span class='ocrx_word' id='word_1_299' title='bbox 933 4033 956 4081; x_wconf 86' lang='lat' dir='ltr'>is</span> <span class='ocrx_word' id='word_1_300' title='bbox 972 4033 1027 4082; x_wconf 90' lang='lat' dir='ltr'>still</span> <span class='ocrx_word' id='word_1_301' title='bbox 1045 4032 1089 4082; x_wconf 87' lang='lat' dir='ltr'>the</span> <span class='ocrx_word' id='word_1_302' title='bbox 1105 4032 1169 4094; x_wconf 81' lang='lat' dir='ltr'>duty</span> <span class='ocrx_word' id='word_1_303' title='bbox 1187 4032 1216 4082; x_wconf 80' lang='lat' dir='ltr'>of</span> <span class='ocrx_word' id='word_1_304' title='bbox 1230 4031 1274 4081; x_wconf 86' lang='lat' dir='ltr'>the</span> <span class='ocrx_word' id='word_1_305' title='bbox 1290 4031 1354 4092; x_wconf 88' lang='lat' dir='ltr'>heir,</span> 
     </span>
     <span class='ocr_line' id='line_1_35' title="bbox 250 4096 1357 4160; baseline 0.001 -15"><span class='ocrx_word' id='word_1_306' title='bbox 250 4112 280 4146; x_wconf 88' lang='lat' dir='ltr'>or</span> <span class='ocrx_word' id='word_1_307' title='bbox 291 4099 382 4147; x_wconf 71' lang='lat' dir='ltr'>charis.</span> <span class='ocrx_word' id='word_1_308' title='bbox 829 4103 877 4146; x_wconf 88' lang='lat' dir='ltr'>not</span> <span class='ocrx_word' id='word_1_309' title='bbox 894 4097 939 4147; x_wconf 89' lang='lat' dir='ltr'>the</span> <span class='ocrx_word' id='word_1_310' title='bbox 955 4102 1082 4158; x_wconf 83' lang='lat' dir='ltr'>executor,</span> <span class='ocrx_word' id='word_1_311' title='bbox 1101 4102 1129 4146; x_wconf 88' lang='lat' dir='ltr'>to</span> <span class='ocrx_word' id='word_1_312' title='bbox 1143 4112 1195 4160; x_wconf 76' lang='lat' dir='ltr'>pay</span> <span class='ocrx_word' id='word_1_313' title='bbox 1212 4096 1257 4146; x_wconf 90' lang='lat' dir='ltr'>the</span> <span class='ocrx_word' id='word_1_314' title='bbox 1274 4097 1357 4147; x_wconf 88' lang='lat' dir='ltr'>debts.</span> 
     </span>
     <span class='ocr_line' id='line_1_36' title="bbox 283 4159 1357 4223; baseline 0 -12"><span class='ocrx_word' id='word_1_315' title='bbox 283 4162 295 4193; x_wconf 81' lang='lat'>²</span> <span class='ocrx_word' id='word_1_316' title='bbox 311 4162 393 4211; x_wconf 80' lang='lat' dir='ltr'>These</span> <span class='ocrx_word' id='word_1_317' title='bbox 400 4164 473 4211; x_wconf 81' lang='lat' dir='ltr'>rents</span> <span class='ocrx_word' id='word_1_318' title='bbox 482 4159 581 4223; x_wconf 81' lang='lat' dir='ltr'>issuing</span> <span class='ocrx_word' id='word_1_319' title='bbox 589 4162 656 4210; x_wconf 81' lang='lat' dir='ltr'>from</span> <span class='ocrx_word' id='word_1_320' title='bbox 664 4176 681 4211; x_wconf 79' lang='lat' dir='ltr'>n</span> <span class='ocrx_word' id='word_1_321' title='bbox 691 4160 777 4211; x_wconf 79' lang='lat' dir='ltr'>chem·</span> <span class='ocrx_word' id='word_1_322' title='bbox 828 4162 882 4212; x_wconf 90' lang='lat' dir='ltr'>But</span> <span class='ocrx_word' id='word_1_323' title='bbox 893 4164 989 4211; x_wconf 78' lang='lat' dir='ltr'>semble</span> <span class='ocrx_word' id='word_1_324' title='bbox 1000 4164 1021 4212; x_wconf 89' lang='lat' dir='ltr'>it</span> <span class='ocrx_word' id='word_1_325' title='bbox 1032 4163 1055 4212; x_wconf 87' lang='lat' dir='ltr'>is</span> <span class='ocrx_word' id='word_1_326' title='bbox 1066 4162 1201 4212; x_wconf 78' lang='lat' dir='ltr'>otherwise</span> <span class='ocrx_word' id='word_1_327' title='bbox 1210 4162 1233 4211; x_wconf 80' lang='lat' dir='ltr'>if</span> <span class='ocrx_word' id='word_1_328' title='bbox 1241 4162 1286 4212; x_wconf 89' lang='lat' dir='ltr'>the</span> <span class='ocrx_word' id='word_1_329' title='bbox 1296 4162 1357 4211; x_wconf 86' lang='lat' dir='ltr'>debt</span> 
     </span>
     <span class='ocr_line' id='line_1_37' title="bbox 250 4225 1353 4289; baseline 0.001 -12"><span class='ocrx_word' id='word_1_330' title='bbox 250 4227 298 4277; x_wconf 86' lang='lat' dir='ltr'>ber</span> <span class='ocrx_word' id='word_1_331' title='bbox 312 4240 356 4277; x_wconf 78' lang='lat' dir='ltr'>ere</span> <span class='ocrx_word' id='word_1_332' title='bbox 371 4240 432 4289; x_wconf 84' lang='lat' dir='ltr'>very</span> <span class='ocrx_word' id='word_1_333' title='bbox 448 4225 552 4275; x_wconf 85' lang='lat' dir='ltr'>euricus</span> <span class='ocrx_word' id='word_1_334' title='bbox 568 4226 664 4289; x_wconf 78' lang='lat' dir='ltr'>things.</span> <span class='ocrx_word' id='word_1_335' title='bbox 693 4227 779 4278; x_wconf 80' lang='lat' dir='ltr'>About</span> <span class='ocrx_word' id='word_1_336' title='bbox 829 4227 861 4277; x_wconf 90' lang='lat' dir='ltr'>be</span> <span class='ocrx_word' id='word_1_337' title='bbox 879 4227 1029 4278; x_wconf 83' lang='lat' dir='ltr'>mentioned</span> <span class='ocrx_word' id='word_1_338' title='bbox 1047 4226 1076 4276; x_wconf 87' lang='lat' dir='ltr'>in</span> <span class='ocrx_word' id='word_1_339' title='bbox 1098 4226 1144 4276; x_wconf 89' lang='lat' dir='ltr'>the</span> <span class='ocrx_word' id='word_1_340' title='bbox 1164 4227 1224 4275; x_wconf 79' lang='lat' dir='ltr'>will.</span> <span class='ocrx_word' id='word_1_341' title='bbox 1268 4227 1312 4275; x_wconf 91' lang='lat' dir='ltr'>Br.</span> <span class='ocrx_word' id='word_1_342' title='bbox 1335 4227 1353 4278; x_wconf 80' lang='lat' dir='ltr'>f.</span> 
     </span>
     <span class='ocr_line' id='line_1_38' title="bbox 250 4290 1357 4343; baseline 0 -3"><span class='ocrx_word' id='word_1_343' title='bbox 250 4291 511 4342; x_wconf 80' lang='lat' dir='ltr'>thernseeBr.f.180.</span> <span class='ocrx_word' id='word_1_344' title='bbox 532 4291 573 4339; x_wconf 81' lang='lat' dir='ltr'>An</span> <span class='ocrx_word' id='word_1_345' title='bbox 582 4290 665 4341; x_wconf 80' lang='lat' dir='ltr'>essize</span> <span class='ocrx_word' id='word_1_346' title='bbox 671 4292 723 4340; x_wconf 81' lang='lat' dir='ltr'>will</span> <span class='ocrx_word' id='word_1_347' title='bbox 732 4296 779 4341; x_wconf 88' lang='lat' dir='ltr'>not</span> <span class='ocrx_word' id='word_1_348' title='bbox 829 4293 879 4343; x_wconf 77' lang='lat'>407</span> <span class='ocrx_word' id='word_1_349' title='bbox 892 4292 916 4343; x_wconf 90' lang='lat' dir='ltr'>b.</span> <span class='ocrx_word' id='word_1_350' title='bbox 934 4292 1042 4342; x_wconf 74' lang='lat' dir='ltr'>‘duntur</span> <span class='ocrx_word' id='word_1_351' title='bbox 1057 4290 1173 4342; x_wconf 73' lang='lat' dir='ltr'>actiones</span> <span class='ocrx_word' id='word_1_352' title='bbox 1187 4290 1357 4341; x_wconf 84' lang='lat' dir='ltr'>creditoribus</span> 
     </span>
     <span class='ocr_line' id='line_1_39' title="bbox 250 4355 1357 4413; baseline -0.002 -8"><span class='ocrx_word' id='word_1_353' title='bbox 250 4357 284 4406; x_wconf 92' lang='lat' dir='ltr'>h&#39;e</span> <span class='ocrx_word' id='word_1_354' title='bbox 301 4355 341 4405; x_wconf 81' lang='lat' dir='ltr'>for</span> <span class='ocrx_word' id='word_1_355' title='bbox 356 4355 420 4405; x_wconf 81' lang='lat' dir='ltr'>such</span> <span class='ocrx_word' id='word_1_356' title='bbox 437 4370 454 4404; x_wconf 82' lang='lat' dir='ltr'>n</span> <span class='ocrx_word' id='word_1_357' title='bbox 470 4358 537 4413; x_wconf 87' lang='lat' dir='ltr'>rent,</span> <span class='ocrx_word' id='word_1_358' title='bbox 554 4370 613 4405; x_wconf 88' lang='lat' dir='ltr'>cum</span> <span class='ocrx_word' id='word_1_359' title='bbox 630 4356 779 4406; x_wconf 83' lang='lat' dir='ltr'>huiusmodi</span> <span class='ocrx_word' id='word_1_360' title='bbox 829 4360 921 4407; x_wconf 77' lang='lat' dir='ltr'>contre</span> <span class='ocrx_word' id='word_1_361' title='bbox 942 4356 1048 4406; x_wconf 84' lang='lat' dir='ltr'>heredes</span> <span class='ocrx_word' id='word_1_362' title='bbox 1068 4361 1095 4406; x_wconf 90' lang='lat' dir='ltr'>et</span> <span class='ocrx_word' id='word_1_363' title='bbox 1117 4371 1171 4405; x_wconf 90' lang='lat' dir='ltr'>non</span> <span class='ocrx_word' id='word_1_364' title='bbox 1190 4360 1282 4406; x_wconf 79' lang='lat' dir='ltr'>mntrs</span> <span class='ocrx_word' id='word_1_365' title='bbox 1300 4371 1357 4404; x_wconf 83' lang='lat' dir='ltr'>exe·</span> 
     </span>
     <span class='ocr_line' id='line_1_40' title="bbox 250 4420 948 4483; baseline 0.001 -13"><span class='ocrx_word' id='word_1_366' title='bbox 250 4420 366 4471; x_wconf 78' lang='lat' dir='ltr'>redditus</span> <span class='ocrx_word' id='word_1_367' title='bbox 377 4434 432 4469; x_wconf 87' lang='lat' dir='ltr'>non</span> <span class='ocrx_word' id='word_1_368' title='bbox 444 4420 479 4469; x_wconf 83' lang='lat' dir='ltr'>sit</span> <span class='ocrx_word' id='word_1_369' title='bbox 491 4423 675 4470; x_wconf 87' lang='lat' dir='ltr'>tenementum.</span> <span class='ocrx_word' id='word_1_370' title='bbox 706 4420 778 4483; x_wconf 80' lang='lat' dir='ltr'>They</span> <span class='ocrx_word' id='word_1_371' title='bbox 829 4423 948 4471; x_wconf 71' lang='lat' dir='ltr'>cutores!</span> 
     </span>
     <span class='ocr_line' id='line_1_41' title="bbox 250 4484 1155 4548; baseline 0.001 -12"><span class='ocrx_word' id='word_1_372' title='bbox 250 4500 318 4536; x_wconf 84' lang='lat' dir='ltr'>seem</span> <span class='ocrx_word' id='word_1_373' title='bbox 329 4490 358 4535; x_wconf 89' lang='lat' dir='ltr'>to</span> <span class='ocrx_word' id='word_1_374' title='bbox 368 4486 400 4535; x_wconf 89' lang='lat' dir='ltr'>be</span> <span class='ocrx_word' id='word_1_375' title='bbox 410 4484 464 4548; x_wconf 84' lang='lat' dir='ltr'>just</span> <span class='ocrx_word' id='word_1_376' title='bbox 476 4484 617 4536; x_wconf 84' lang='lat' dir='ltr'>unseeured</span> <span class='ocrx_word' id='word_1_377' title='bbox 625 4486 766 4536; x_wconf 75' lang='lat' dir='ltr'>annuities.</span> <span class='ocrx_word' id='word_1_378' title='bbox 861 4487 872 4518; x_wconf 77' lang='lat'>⁵</span> <span class='ocrx_word' id='word_1_379' title='bbox 887 4488 916 4536; x_wconf 77' lang='lat' dir='ltr'>A.</span> <span class='ocrx_word' id='word_1_380' title='bbox 931 4502 966 4535; x_wconf 91' lang='lat' dir='ltr'>m.</span> <span class='ocrx_word' id='word_1_381' title='bbox 980 4487 1025 4546; x_wconf 79' lang='lat'>10;</span> <span class='ocrx_word' id='word_1_382' title='bbox 1042 4485 1072 4535; x_wconf 91' lang='grc' dir='ltr'>Β.</span> <span class='ocrx_word' id='word_1_383' title='bbox 1085 4501 1120 4534; x_wconf 90' lang='lat' dir='ltr'>m.</span> <span class='ocrx_word' id='word_1_384' title='bbox 1132 4488 1155 4537; x_wconf 83' lang='lat'>9.</span> 
     </span>
    </p>
   </div>
   <div class='ocr_carea' id='block_1_4' title="bbox 337 4587 1272 4648">
    <p class='ocr_par' dir='ltr' id='par_1_9' title="bbox 337 4587 1272 4648">
     <span class='ocr_line' id='line_1_42' title="bbox 337 4587 1272 4648; baseline -0.001 0"><span class='ocrx_word' id='word_1_385' title='bbox 337 4602 370 4648; x_wconf 80' lang='lat' dir='ltr'>u.</span> <span class='ocrx_word' id='word_1_386' title='bbox 1252 4587 1272 4647; x_wconf 82' lang='lat'><em>4</em></span> 
     </span>
    </p>
   </div>
   <div class='ocr_carea' id='block_1_5' title="bbox 0 0 1680 5217">
    <p class='ocr_par' dir='ltr' id='par_1_10' title="bbox 0 0 1680 5217">
     <span class='ocr_line' id='line_1_43' title="bbox 0 0 1680 5217; baseline 0 0"><span class='ocrx_word' id='word_1_387' title='bbox 0 0 1680 5217; x_wconf 95' lang='lat' dir='ltr'> </span> 
     </span>
    </p>
   </div>
  </div>
 </body>
</html>
