3342 5217
487 443 637 502 rmmrr,
660 442 724 490 nn.
750 428 842 502 12:30,
864 442 927 490 aa
953 430 1001 491 14.
1230 433 1290 494 341

190 623 278 680 recto
304 637 416 680 uersus
437 615 612 702 Hugonem
641 613 682 678 de
711 613 913 701 Longewade
941 623 976 678 et
1005 615 1085 680 alios
1114 623 1232 682 terram
1258 611 1452 698 inffss‘ssffl„

190 721 232 784 W
415 721 421 735 ·
580 721 587 734 ·
698 720 705 733 ·
858 721 864 732 ·
908 721 915 734 ·
1115 721 1123 735 ·
1305 705 1417 745 eunonium
1425 705 1451 743 de

233 729 345 786 estona
359 731 398 786 ιιι
412 745 462 786 rus
477 722 608 787 ecclesie
623 743 681 785 sue
695 720 841 807 mequod
855 743 918 807 1ps1
932 729 1006 807 post
1021 744 1183 787 essomum
1197 745 1292 787 suum
1304 751 1445 838 mma

189 824 231 889 de
260 826 344 892 malo
366 827 519 892 ueniendi
540 826 784 892 essoniauerunt
805 847 840 890 se
862 825 903 889 de
925 826 1010 891 malo
1032 827 1117 906 lecti,
1138 828 1187 892 ita
1207 828 1293 914 quod
1305 848 1438 942 Ἠῶ,

189 939 378 1016 preceptum
404 931 468 995 fuit
496 928 680 995 uicecomiti
709 927 795 1014 quod
825 928 973 994 mitteret
1001 929 1043 994 ad
1071 951 1125 994 eos
1155 938 1450 1032 quatuorggffig,

190 1031 311 1096 milites
325 1033 366 1097 ad
381 1032 559 1098 uidendum
574 1041 684 1096 utrum
705 1031 878 1096 infimitas
897 1040 982 1098 esset
999 1017 1135 1120 languor
1153 1033 1207 1097 uel
1227 1055 1292 1097 non
1304 1032 1445 1126 3³30}ss

189 1143 259 1211 eto,
274 1143 308 1199 et
323 1135 444 1200 milites
461 1135 615 1201 uiderunt
635 1157 688 1200 eos
709 1143 760 1200 set
781 1157 847 1200 non
868 1144 1031 1201 uenerunt
1052 1137 1094 1202 od
1115 1137 1290 1202 testificari·
1303 1126 1450 1265 ἓξὲξ

189 1236 269 1302 dum
290 1238 397 1302 uisum
420 1261 516 1303 suum
538 1261 597 1303 neo
613 1239 703 1303 Prior
723 1261 783 1303 neo
804 1238 923 1324 aliquis
944 1261 1001 1324 pro
1023 1261 1061 1304 eo
1082 1247 1213 1304 secutus
1226 1240 1428 1351 fuitffmnug

188 1365 302 1408 uersus
331 1343 459 1409 eosdem
481 1344 610 1408 miliies.
654 1344 698 1408 Ει
721 1343 927 1424 ooncesaum¹
949 1343 1034 1430 quod
1056 1343 1119 1429 ipsi
1140 1321 1453 1444 essoniatiffiffgpb

188 1455 323 1534 surgant
337 1447 407 1512 siue
426 1448 569 1512 habeant
587 1447 775 1534 languorem
794 1447 849 1512 uel
864 1469 937 1525 non,
953 1456 987 1512 et
1008 1447 1099 1513 Prior
1117 1447 1152 1511 in
1168 1447 1291 1512 miseri-
1425 1432 1432 1444 ⁹

188 1551 296 1616 cordia
310 1553 387 1638 quia
400 1575 465 1616 non
480 1559 530 1617 est
545 1560 740 1637 prosecutus.

126 1701 133 1717 .
254 1653 387 1720 'Assisa
414 1655 508 1720 uenit
536 1656 741 1742 recognitum
769 1656 797 1720 si
832 1656 977 1742 Rogems
1007 1657 1083 1741 Hay
1110 1655 1291 1722 auunculus
1334 1669 1417 1709 sm

189 1759 310 1846 Rogen‘
323 1759 383 1823 filii
403 1759 525 1824 Thome
546 1759 622 1846 Hay
636 1759 701 1824 fuit
722 1760 852 1826 saisitus
873 1761 909 1824 in
930 1759 1089 1824 dominico
1111 1782 1169 1824 suo
1190 1768 1229 1823 ιιι
1250 1759 1291 1824 de

188 1861 281 1926 feodo
307 1862 347 1926 de
373 1861 430 1947 iiii.
453 1862 533 1948 uirg.
557 1870 642 1927 torre
666 1871 699 1928 et
722 1863 787 1948 viij.
810 1887 871 1929 aer.
894 1863 980 1950 prati
1001 1871 1036 1927 et
1058 1859 1426 1954 (ιιιιιιιιιιίςὶιιιίἣξξιᾙω

187 1987 249 2030 aer.
272 1973 357 2030 ierne
379 1975 413 2030 eb
430 1965 455 2051 j.
478 1966 643 2052 mesuagio
664 1989 738 2030 oum
760 1975 842 2052 pert.
869 1967 903 2030 in
930 1968 1127 2031 Hunestuna
1152 1967 1204 2031 die
1230 1975 1289 2032 eto

187 2091 286 2153 quam
311 2077 438 2146 terram,
460 2075 590 2154 pratum
613 2076 647 2133 et
669 2069 872 2156 mesuagium
892 2070 1026 2156 Agatho
1046 2070 1115 2135 filia
1138 2069 1291 2135 Willelmi

187 2173 228 2236 de
245 2173 278 2238 S.
293 2172 446 2236 Johanne
460 2179 551 2236 benet
562 2171 619 2257 qui
633 2173 726 2236 uenit
741 2181 775 2238 ει
790 2181 840 2238 est
855 2173 939 2238 infra
953 2182 1074 2239 etatem
1089 2183 1140 2239 set
1150 2175 1291 2240 «Iacobus
1302 2177 1453 2266 {gfflffl‘ss

187 2275 228 2339 de
244 2274 402 2341 Cioestria
416 2283 523 2339 eustos
541 2275 686 2340 eiusdem
700 2275 831 2363 Agathe
852 2276 932 2341 dicit
947 2277 1032 2363 quod
1052 2300 1117 2342 non
1131 2277 1229 2342 debet
1249 2278 1291 2343 ad

186 2380 247 2444 hoo
271 2380 369 2444 breue
391 2379 582 2464 respondere
604 2379 681 2466 quia
702 2402 767 2443 non
793 2380 901 2444 tenuit
925 2389 1028 2445 totam
1054 2388 1172 2446 terram
1202 2369 1290 2446 illam

185 2483 265 2569 quia
280 2484 369 2549 Prior
386 2484 426 2548 de
449 2483 617 2570 Bograue⁶
637 2491 729 2548 tenet
750 2483 825 2548 inde
843 2485 869 2569 j.
884 2483 966 2570 uirg.
989 2492 1074 2548 terre
1096 2494 1131 2549 et
1159 2484 1213 2571 xij.
1228 2507 1290 2550 aer.

187 2597 273 2653 terre
303 2597 337 2653 et
361 2587 385 2674 j
412 2587 633 2652 molendinum
655 2610 729 2651 cum
750 2587 963 2652 nduoeaoione
989 2588 1121 2653 ecclesie
1146 2588 1290 2653 eiusdem

186 2691 267 2756 uille
303 2700 337 2755 et
366 2699 514 2776 preterea
541 2689 724 2754 Willelmus
758 2689 798 2754 de
829 2690 861 2755 S.
890 2690 1040 2754 «Iohanne
1068 2701 1162 2777 pater
1189 2692 1442 2797 ipsiuflgffiffl„

185 2795 318 2882 Agathe
355 2802 447 2858 tenet
483 2792 692 2857 medietatem
725 2793 812 2858 illius
841 2794 978 2857 manerii
1007 2803 1041 2859 θι
1071 2794 1197 2884 desiout
1225 2819 1289 2860 non
1301 2796 1436 2882 312⁰}th

185 2906 280 2964 tenet
298 2907 401 2962 totam
424 2906 543 2961 terram
565 2919 629 2960 non
651 2897 725 2961 uult
746 2896 788 2961 ad
811 2897 871 2961 hoo
892 2897 992 2962 breue
1014 2897 1204 2983 respondere
1226 2889 1451 2974 nieifflssssif'

185 3004 277 3070 ouria
291 3000 549 3068 considerauen't.
1301 2982 1444 3114 ffitffisin

252 3107 297 3170 Ει
319 3105 464 3190 Rogerus
482 3103 568 3167 filius
590 3103 711 3167 Thome
733 3101 813 3167 dicit
835 3102 922 3188 quod
943 3103 996 3168 die
1018 3125 1082 3189 quo
1103 3103 1203 3168 breue
1225 3103 1288 3167 fuit
1301 3123 1443 3216 mim*

184 3211 387 3297 inpetratum
400 3207 507 3272 tenuit
518 3207 589 3293 ipsa
600 3215 703 3272 totam
715 3216 833 3272 eerram
846 3207 934 3271 illam
949 3217 984 3272 et
995 3217 1125 3294 pratum
1137 3217 1171 3272 et
1182 3231 1287 3272 mesu·
1300 3215 1450 3309 ffiggm

185 3316 298 3402 agium
309 3337 383 3378 oum
395 3322 476 3399 pem.
488 3312 623 3398 integre.
656 3312 700 3375 Ει
709 3311 786 3398 quia
793 3312 865 3397 ipsa
875 3321 926 3376 est
934 3312 1018 3376 infra
1028 3321 1159 3391 etatem,
1168 3321 1203 3376 et
1211 3311 1289 3397 quia
1300 3309 1449 3404 {ffifflffl

185 3441 251 3483 non
266 3416 386 3502 poterit
401 3423 546 3479 constare
565 3423 676 3479 utrum
700 3415 748 3479 ita
767 3415 811 3479 sit
830 3416 884 3479 uel
907 3438 971 3479 non
991 3416 1054 3480 nisi
1068 3415 1287 3501 perimentem,
1300 3403 1443 3488 fflffi

184 3523 244 3587 fiat
259 3519 335 3585 inde
350 3518 518 3604 inquisicio
533 3519 745 3604 periuratum
760 3541 858 3606 super
872 3520 1007 3584 amiculo
1022 3519 1084 3584 illo.
1299 3497 1448 3629 ffiffiiiiii·

250 3626 296 3689 Ει
324 3625 481 3689 iuratores
504 3623 617 3687 dieunt
639 3623 726 3709 quod
750 3623 896 3709 predicta
916 3623 1049 3711 Agatha
1070 3630 1162 3687 tenet
1184 3630 1287 3686 totam

184 3739 305 3795 terram
320 3727 419 3804 illam,
433 3735 571 3812 pratum,
586 3735 621 3791 et
640 3727 842 3813 mesuagium
865 3736 899 3791 et
922 3726 1029 3790 tenuit
1044 3725 1096 3789 die
1111 3749 1175 3812 quo
1190 3726 1287 3790 breue

184 3834 250 3898 suia
275 3831 484 3918 inpetratum.
527 3830 652 3895 Dicunt
677 3830 779 3896 eciam
809 3851 906 3916 super
934 3839 1170 3894 sacramentum
1192 3850 1287 3893 suum

219 4009 229 4042 ¹
246 4009 359 4058 Brnoton
370 4006 433 4056 citos
442 4005 621 4057 tiriseasennd
632 4009 713 4057 states
763 4007 829 4055 How
840 4005 901 4055 does
912 4005 966 4054 this
982 4005 1030 4067 girl
1045 4018 1116 4054 oome
1131 4003 1165 4066 by
1179 4001 1243 4052 land
1259 4001 1288 4051 in

185 4074 241 4124 thir
252 4074 315 4130 rulo.
328 4073 345 4122 ι.
358 4073 416 4130 355,
427 4073 475 4122 355
487 4072 511 4122 b.
762 4071 809 4120 her
825 4071 932 4120 futher’s
948 4070 1073 4119 lifetime?
1094 4069 1135 4117 An
1151 4082 1250 4117 snswer
1264 4068 1289 4116 is

218 4140 230 4171 ²
247 4139 309 4201 Sup.
322 4145 366 4195 ert,
375 4137 406 4186 A.
763 4135 908 4198 suggested.

218 4205 230 4238 ³
246 4203 278 4252 A.
289 4217 325 4251 m.
338 4203 377 4250 14.
795 4199 807 4233 ⁶
822 4203 954 4263 Boxgrove
965 4199 994 4249 in
1006 4199 1108 4250 sussex.

218 4269 229 4300 ⁴
246 4269 313 4317 Note
320 4282 355 4316 on
363 4266 439 4316 inner
447 4267 557 4329 margin.
579 4266 715 4318 Seeubove
795 4265 806 4300 7
823 4265 879 4315 The
894 4265 967 4328 perol
989 4264 1050 4314 does
1067 4267 1114 4312 not
1130 4261 1289 4337 demun-ior

185 4335 252 4384 case
264 4334 321 4382 410.
764 4329 809 4381 tha
819 4331 907 4381 infant
917 4330 941 4379 is
955 4333 1002 4379 not
1019 4329 1048 4377 in
1063 4328 1117 4378 this
1132 4342 1190 4377 osse
1206 4327 1289 4376 semed

219 4399 300 4446 ⁵Not
312 4397 415 4446 written
430 4400 458 4446 at
474 4397 519 4446 the
530 4411 600 4446 same
610 4397 673 4446 time
683 4411 714 4447 ss
764 4396 793 4446 οι
806 4395 870 4445 lond
884 4394 1034 4458 bydesoent
1048 4393 1095 4443 but
1109 4393 1159 4442 has
1170 4393 1233 4443 been
1244 4408 1287 4442 en-

186 4463 322 4528 (probably
344 4462 439 4528 before)
462 4461 506 4512 the
528 4461 602 4512 other
626 4465 710 4512 notes.
764 4461 858 4512 ieofled
868 4460 962 4523 during
971 4459 1019 4510 her
1028 4459 1140 4521 infanoy.
