3342 5217
394 457 459 522 296
604 450 1130 526 mcnmnns,nc.1229‚sn
1154 450 1291 512 13-14.

395 637 503 704 uends
521 647 557 703 et
575 637 618 702 sd
637 629 909 724 supplimcionem
923 631 1027 720 ipsius
1041 634 1192 721 Hngonis
1203 633 1408 698 confirmauit
1426 655 1499 718 pre·

394 743 502 808 dictus
516 739 694 826 Episcopus
708 738 830 803 donum
850 736 933 800 illud
949 737 999 799 its
1012 737 1100 822 quod
1117 745 1191 821 post
1209 735 1375 799 decessum
1395 734 1500 820 ipm'us

394 845 467 910 Ade
482 843 596 909 ecdem
617 841 777 928 copellst¹
791 839 913 904 rediret
929 839 974 903 sd
989 839 1156 903 ecclesiam
1178 838 1220 902 de
1234 839 1377 903 Gmham
1397 837 1501 902 libers

394 955 430 1012 et
444 947 562 1033 quiete
607 945 652 1008 Et
666 942 792 1008 desicrm
806 941 932 1028 capella
943 941 1002 1004 ills
1014 963 1079 1005 non
1092 950 1145 1005 est
1163 963 1282 1005 necans
1300 963 1361 1004 nec
1381 940 1499 1004 πίθητ’*

393 1155 478 1241 petit
492 1154 649 1219 iudicium
664 1151 692 1216 si
706 1151 825 1216 debeat
839 1148 882 1213 sd
901 1149 963 1213 hoc
976 1149 1077 1213 breue
1093 1148 1285 1235 respondere
1303 1158 1339 1213 et
1357 1155 1445 1213 mrte
1465 1145 1497 1210 ei

393 1279 458 1322 non
472 1256 594 1322 debent
608 1276 722 1319 nocere
731 1252 752 1318 ¹.

459 1363 504 1426 Et
532 1359 694 1426 Gerardus
729 1356 810 1422 dicit
839 1355 964 1442 capella
991 1377 1090 1440 quem
1117 1355 1188 1440 ipse
1216 1362 1313 1418 uocet
1340 1352 1496 1439 ospellsm

393 1465 511 1530 matrix
527 1462 661 1530 ecclesia
675 1470 725 1526 est
745 1468 780 1524 et
800 1460 900 1524 hebet
915 1458 1069 1544 quicquid
1087 1457 1207 1521 matrix
1227 1455 1362 1521 ecclesis
1378 1456 1496 1520 hebens

392 1570 491 1634 debet
520 1567 597 1654 quia
627 1573 705 1630 ente
739 1573 870 1649 tempus
906 1561 1056 1648 Episcopi
1092 1561 1243 1647 Hugcnis
1277 1568 1313 1625 et
1347 1560 1497 1646 Episcopi

392 1672 531 1737 Walteri
560 1671 623 1735 fuit
653 1669 785 1755 quidem
814 1667 890 1732 Ads
916 1689 1054 1752 persons
1081 1665 1122 1730 de
1151 1665 1265 1729 cedem
1293 1663 1427 1728 ecclesis
1454 1663 1495 1728 de

391 1777 476 1841 donc
497 1776 593 1842 electi
615 1775 714 1840 Gelfr'
1072 1769 1085 1800 ⁴
1106 1769 1234 1834 concilii
1258 1777 1294 1832 et
1315 1769 1398 1834 obiit
1419 1766 1494 1832 inde

391 1901 528 1965 persons
550 1887 585 1943 et
608 1899 665 1963 pro
689 1874 838 1941 habenda
862 1873 1074 1960 inquisicicne
1100 1873 1196 1936 offert
1216 1870 1346 1936 domino
1368 1869 1453 1957 Regi
1469 1869 1494 1956 j

393 2005 487 2046 marc.

458 2087 501 2149 Et
530 2085 608 2172 quis
628 2085 813 2149 willelmus
842 2081 1059 2148 summonitus
1083 2080 1148 2145 fuit
1172 2078 1215 2144 ad
1238 2077 1496 2165 respondendum

391 2188 498 2253 eidem
522 2188 663 2254 Gemrdo
685 2210 784 2274 quare
806 2210 873 2251 non
892 2186 1042 2273 permisit
1062 2208 1140 2250 eum
1165 2193 1349 2271 presentare
1371 2184 1498 2270 etipse

392 2292 472 2356 satis
491 2292 690 2356 sufficienter
709 2290 853 2356 ostendit
869 2289 956 2376 quod
978 2290 1048 2374 ipse
1068 2290 1155 2354 iuste
1176 2289 1303 2374 inpedit
1325 2311 1402 2356 eum
1421 2287 1500 2374 quis

393 2394 631 2480 predecessores
653 2394 704 2459 sui
727 2401 999 2478 presentsuerunt
1027 2391 1210 2477 predictum
1234 2389 1342 2456 Adam
1369 2390 1428 2476 qui
1455 2389 1499 2455 cd

393 2499 535 2584 ipsorum
550 2499 826 2584 presentscionem
842 2497 1001 2562 admissus
1020 2496 1084 2560 fuit
1103 2504 1138 2560 et
1157 2495 1322 2582 predictus
1335 2494 1499 2560 Gemrdus

393 2601 493 2665 nichil
515 2601 550 2665 in
571 2601 770 2666 contrarium
792 2599 943 2676 ostendit,
966 2599 1213 2665 consideratum
1242 2598 1404 2685 estquod
1433 2599 1498 2664 Ge-

394 2703 507 2768 mrdus
531 2703 632 2768 nichil
653 2702 742 2788 capit
767 2724 825 2787 per
848 2703 947 2767 breue
970 2702 1060 2768 istud
1084 2713 1136 2768 set
1158 2703 1203 2767 sit
1224 2704 1259 2767 in
1281 2701 1501 2767 misericordis

394 2827 452 2890 pro
467 2805 545 2870 falso
560 2805 698 2869 clsmcre
713 2813 748 2868 et
762 2805 929 2890 perquirat
943 2804 1006 2869 sibi
1019 2827 1079 2890 per
1092 2805 1182 2870 alind
1196 2805 1295 2870 breue
1309 2803 1500 2880 siuoluerit,

389 2919 427 2975 et
441 2910 633 2974 mandatum
653 2917 704 2974 est
726 2909 886 2995 Episcopo
906 2910 1123 2974 Lincolniensi
1137 2909 1223 2996 qnod
1244 2909 1279 2974 id
1295 2908 1382 2995 quod
1401 2930 1498 2972 snum

392 3013 491 3078 fuerit
506 3013 540 3076 in
555 3011 616 3076 hac
630 3020 723 3097 perte
738 3021 919 3098 exequatur
933 3033 998 3077 non
1012 3013 1162 3078 obstante
1181 3012 1411 3078 reclamacione
1425 3033 1499 3097 pre·

392 3119 489 3184 dicte

272 3242 345 3304 358,
458 3221 642 3285 Willelmus
666 3220 769 3285 Dinas
798 3221 885 3308 petit
912 3244 1025 3286 uersus
1053 3221 1236 3286 Johsnnom
1267 3220 1370 3286 Dinss
1398 3241 1499 3284 unam

256 3341 364 3383 nusum
393 3324 509 3410 uirgst.
540 3332 624 3388 terre
654 3348 729 3389 cum
758 3335 840 3411 pert.
870 3326 906 3390 in
935 3325 1092 3390 Miurines
1120 3333 1160 3388 ut
1191 3324 1243 3389 ins
1278 3347 1375 3388 suum
1411 3323 1500 3388 unde

394 3426 551 3491 Ricardus
580 3426 692 3512 Dynss
720 3435 814 3512 pater
843 3450 921 3492 snus
946 3428 1010 3492 fuit
1039 3427 1169 3493 seisitus
1197 3429 1232 3493 in
1258 3429 1419 3494 dominico
1439 3452 1501 3495 suo

393 3539 538 3615 tempore
561 3530 661 3617 Regis
682 3531 713 3596 J.
732 3533 889 3618 capiendo
910 3532 986 3596 inde
1007 3541 1066 3597 etc
1082 3540 1117 3597 et
1135 3532 1177 3597 de
1196 3532 1341 3618 predicto
1360 3533 1501 3600 Ricardc

393 3633 559 3697 descendit
577 3632 628 3697 ius
648 3643 733 3699 terre
750 3634 838 3699 illius
857 3635 914 3699 isti
928 3635 1092 3699 Willelmo
1109 3644 1148 3699 ut
1162 3635 1229 3700 filio
1250 3645 1285 3700 et
1307 3635 1420 3701 heredi
1440 3659 1502 3702 suo
1635 3673 1636 3720 3

393 3744 454 3800 etc.
469 3744 504 3799 et
519 3735 605 3821 quod
620 3737 686 3801 tale
701 3737 744 3801 sit
759 3737 810 3802 ius
825 3761 920 3804 sunm
935 3739 1029 3804 offert
1044 3748 1104 3805 etc.
1635 3819 1636 3830 ἶ

460 3839 504 3903 Et
518 3839 684 3905 Johennes
699 3841 792 3905 uenit
807 3851 842 3906 et
856 3842 936 3907 dicit
951 3843 1037 3929 quod
1056 3866 1122 3908 non
1135 3844 1235 3909 debet
1256 3844 1288 3910 ei
1306 3843 1501 3931 respondere
1635 3861 1636 3864 ’

395 3944 472 4029 quie
486 3951 536 4008 est
551 3945 649 4009 lister
663 3967 741 4010 suus
755 3946 796 4012 de
811 3947 923 4012 eodem
939 3956 1032 4034 patre
1047 3948 1223 4034 eademque
1238 3957 1343 4013 matre
1362 3956 1399 4013 et
1413 3948 1501 4033 quod

428 4159 436 4190 ¹
455 4158 525 4207 Corr.
538 4161 643 4221 capello.
1002 4161 1014 4193 ⁴
1029 4161 1052 4210 Δ
1063 4161 1142 4211 blank
1153 4159 1177 4210 is
1187 4161 1243 4211 left.
1261 4161 1294 4209 In
1307 4162 1371 4212 1173
1380 4161 1500 4223 θυσίη]
1635 4219 1636 4224 p

428 4223 562 4272 ²Neither
593 4224 637 4273 the
669 4223 760 4288 chspel
791 4239 840 4274 nor
875 4224 920 4274 the
973 4225 1209 4288 Plsntcgenetwss
1225 4225 1322 4276 elected
1338 4225 1449 4289 bishop;
1466 4225 1500 4276 lie
1635 4231 1636 4252 ³

395 4287 625 4349 viccrsgethsrsol
635 4289 674 4353 (l).
972 4305 1025 4341 wss
1036 4306 1113 4340 never
1121 4291 1295 4342 consecrated.
1330 4290 1499 4354 Perhapsthe
1635 4305 1636 4328 l

428 4352 539 4403 ⁸These
549 4352 588 4402 six
599 4352 651 4404 lost
663 4354 824 4405 wordssesm
837 4358 884 4404 cut
895 4356 924 4404 ol
970 4355 1081 4406 omitted
1092 4355 1176 4405 words
1187 4371 1251 4407 were
1264 4360 1499 4420 perunctos-itatem
1635 4355 1636 4394 ἓ

396 4417 469 4479 plscs
486 4417 539 4468 sud
558 4431 620 4481 msy
634 4419 664 4470 bs
680 4423 739 4482 pert
756 4419 785 4469 ol
800 4420 921 4471 Gsrsrd's
971 4423 1158 4473 Lateranorum.

396 4483 474 4545 rcply.
