<?xml version="1.0" encoding="UTF-8"?>
<!DOCTYPE html PUBLIC "-//W3C//DTD XHTML 1.0 Transitional//EN"
    "http://www.w3.org/TR/xhtml1/DTD/xhtml1-transitional.dtd">
<html xmlns="http://www.w3.org/1999/xhtml" xml:lang="en" lang="en">
 <head>
  <title>
</title>
<meta http-equiv="Content-Type" content="text/html;charset=utf-8" />
  <meta name='ocr-system' content='tesseract 3.04.00' />
  <meta name='ocr-capabilities' content='ocr_page ocr_carea ocr_par ocr_line ocrx_word'/>
</head>
<body>
  <div class='ocr_page' id='page_1' title='image "bractonsnoteboo01maitgoog_0551.png"; bbox 0 0 3342 5217; ppageno 0'>
   <div class='ocr_carea' id='block_1_1' title="bbox 220 94 1335 1748">
    <p class='ocr_par' dir='ltr' id='par_1_1' title="bbox 221 94 1328 268">
     <span class='ocr_line' id='line_1_1' title="bbox 223 94 1328 183; baseline -0.001 -22"><span class='ocrx_word' id='word_1_1' title='bbox 223 94 396 162; x_wconf 86' lang='lat' dir='ltr'>tenendam</span> <span class='ocrx_word' id='word_1_2' title='bbox 426 96 467 161; x_wconf 89' lang='lat' dir='ltr'>de</span> <span class='ocrx_word' id='word_1_3' title='bbox 497 95 635 162; x_wconf 83' lang='lat' dir='ltr'>Ricardo</span> <span class='ocrx_word' id='word_1_4' title='bbox 660 96 797 163; x_wconf 92' lang='lat' dir='ltr'>Burdun</span> <span class='ocrx_word' id='word_1_5' title='bbox 822 98 880 183; x_wconf 93' lang='lat' dir='ltr'>qui</span> <span class='ocrx_word' id='word_1_6' title='bbox 903 96 993 163; x_wconf 90' lang='lat' dir='ltr'>illam</span> <span class='ocrx_word' id='word_1_7' title='bbox 1020 96 1128 162; x_wconf 88' lang='lat' dir='ltr'>tenuit</span> <span class='ocrx_word' id='word_1_8' title='bbox 1152 94 1192 161; x_wconf 88' lang='lat' dir='ltr'>de</span> <span class='ocrx_word' id='word_1_9' title='bbox 1217 95 1328 161; x_wconf 87' lang='lat' dir='ltr'>eodem</span> 
     </span>
     <span class='ocr_line' id='line_1_2' title="bbox 221 200 1017 268; baseline 0 -2"><span class='ocrx_word' id='word_1_10' title='bbox 221 200 358 267; x_wconf 83' lang='lat' dir='ltr'>Jacobo¹</span> <span class='ocrx_word' id='word_1_11' title='bbox 373 208 408 266; x_wconf 93' lang='lat' dir='ltr'>et</span> <span class='ocrx_word' id='word_1_12' title='bbox 422 201 565 266; x_wconf 76' lang='lat' dir='ltr'>lacobus</span> <span class='ocrx_word' id='word_1_13' title='bbox 579 201 620 265; x_wconf 91' lang='lat' dir='ltr'>de</span> <span class='ocrx_word' id='word_1_14' title='bbox 635 201 748 267; x_wconf 90' lang='lat' dir='ltr'>eodem</span> <span class='ocrx_word' id='word_1_15' title='bbox 763 201 894 268; x_wconf 87' lang='lat' dir='ltr'>Abbate</span> <span class='ocrx_word' id='word_1_16' title='bbox 909 200 1017 267; x_wconf 88' lang='lat' dir='ltr'>libere.</span> 
     </span>
    </p>

    <p class='ocr_par' dir='ltr' id='par_1_2' title="bbox 220 304 1333 1014">
     <span class='ocr_line' id='line_1_3' title="bbox 287 304 1330 391; baseline -0.001 -21"><span class='ocrx_word' id='word_1_17' title='bbox 287 306 331 370; x_wconf 86' lang='lat' dir='ltr'>Et</span> <span class='ocrx_word' id='word_1_18' title='bbox 353 304 465 370; x_wconf 81' lang='lat' dir='ltr'>Abbns</span> <span class='ocrx_word' id='word_1_19' title='bbox 486 326 544 391; x_wconf 89' lang='lat' dir='ltr'>per</span> <span class='ocrx_word' id='word_1_20' title='bbox 566 313 769 370; x_wconf 87' lang='lat' dir='ltr'>attornatum</span> <span class='ocrx_word' id='word_1_21' title='bbox 793 328 889 371; x_wconf 88' lang='lat' dir='ltr'>suum</span> <span class='ocrx_word' id='word_1_22' title='bbox 915 304 996 371; x_wconf 87' lang='lat' dir='ltr'>dicit</span> <span class='ocrx_word' id='word_1_23' title='bbox 1020 304 1106 391; x_wconf 90' lang='lat' dir='ltr'>quod</span> <span class='ocrx_word' id='word_1_24' title='bbox 1131 304 1273 370; x_wconf 66' lang='lat' dir='ltr'>«Iacobus</span> <span class='ocrx_word' id='word_1_25' title='bbox 1296 315 1330 370; x_wconf 90' lang='lat' dir='ltr'>et</span> 
     </span>
     <span class='ocr_line' id='line_1_4' title="bbox 222 407 1330 473; baseline 0.002 -2"><span class='ocrx_word' id='word_1_26' title='bbox 222 407 378 473; x_wconf 82' lang='lat' dir='ltr'>Ricardus</span> <span class='ocrx_word' id='word_1_27' title='bbox 398 416 476 473; x_wconf 92' lang='lat' dir='ltr'>sunt</span> <span class='ocrx_word' id='word_1_28' title='bbox 496 407 611 473; x_wconf 84' lang='lat' dir='ltr'>uillani</span> <span class='ocrx_word' id='word_1_29' title='bbox 631 408 689 473; x_wconf 86' lang='lat' dir='ltr'>sui.</span> <span class='ocrx_word' id='word_1_30' title='bbox 735 408 779 473; x_wconf 88' lang='lat' dir='ltr'>Et</span> <span class='ocrx_word' id='word_1_31' title='bbox 799 408 873 473; x_wconf 92' lang='lat' dir='ltr'>ideo</span> <span class='ocrx_word' id='word_1_32' title='bbox 893 407 990 473; x_wconf 89' lang='lat' dir='ltr'>datus</span> <span class='ocrx_word' id='word_1_33' title='bbox 1011 416 1061 473; x_wconf 90' lang='lat' dir='ltr'>est</span> <span class='ocrx_word' id='word_1_34' title='bbox 1075 407 1144 473; x_wconf 86' lang='lat' dir='ltr'>dies</span> <span class='ocrx_word' id='word_1_35' title='bbox 1159 408 1194 473; x_wconf 90' lang='lat' dir='ltr'>in</span> <span class='ocrx_word' id='word_1_36' title='bbox 1210 408 1280 473; x_wconf 91' lang='lat' dir='ltr'>Oct.</span> <span class='ocrx_word' id='word_1_37' title='bbox 1297 408 1330 473; x_wconf 87' lang='lat' dir='ltr'>S.</span> 
     </span>
     <span class='ocr_line' id='line_1_5' title="bbox 221 509 1330 599; baseline -0.001 -23"><span class='ocrx_word' id='word_1_38' title='bbox 221 512 317 577; x_wconf 90' lang='lat' dir='ltr'>Mich.</span> <span class='ocrx_word' id='word_1_39' title='bbox 335 521 373 577; x_wconf 90' lang='lat' dir='ltr'>ut</span> <span class='ocrx_word' id='word_1_40' title='bbox 387 522 467 577; x_wconf 90' lang='lat' dir='ltr'>tunc</span> <span class='ocrx_word' id='word_1_41' title='bbox 483 511 618 576; x_wconf 86' lang='lat' dir='ltr'>ueniant</span> <span class='ocrx_word' id='word_1_42' title='bbox 632 511 654 575; x_wconf 85' lang='lat' dir='ltr'><strong>J</strong></span> <span class='ocrx_word' id='word_1_43' title='bbox 656 510 775 577; x_wconf 88' lang='lat' dir='ltr'>acobus</span> <span class='ocrx_word' id='word_1_44' title='bbox 790 520 825 577; x_wconf 92' lang='lat' dir='ltr'>et</span> <span class='ocrx_word' id='word_1_45' title='bbox 840 511 997 577; x_wconf 87' lang='lat' dir='ltr'>Ricardus</span> <span class='ocrx_word' id='word_1_46' title='bbox 1012 512 1054 577; x_wconf 88' lang='lat' dir='ltr'>ad</span> <span class='ocrx_word' id='word_1_47' title='bbox 1074 509 1330 599; x_wconf 82' lang='lat' dir='ltr'>cognoscendum</span> 
     </span>
     <span class='ocr_line' id='line_1_6' title="bbox 220 614 1331 701; baseline -0.001 -20"><span class='ocrx_word' id='word_1_48' title='bbox 220 614 351 701; x_wconf 91' lang='lat' dir='ltr'>siquid</span> <span class='ocrx_word' id='word_1_49' title='bbox 376 616 519 680; x_wconf 89' lang='lat' dir='ltr'>clamant</span> <span class='ocrx_word' id='word_1_50' title='bbox 543 615 578 679; x_wconf 93' lang='lat' dir='ltr'>in</span> <span class='ocrx_word' id='word_1_51' title='bbox 603 623 722 681; x_wconf 85' lang='lat' dir='ltr'>terram</span> <span class='ocrx_word' id='word_1_52' title='bbox 748 615 839 681; x_wconf 85' lang='lat' dir='ltr'>illem</span> <span class='ocrx_word' id='word_1_53' title='bbox 865 624 903 681; x_wconf 90' lang='lat' dir='ltr'>ut</span> <span class='ocrx_word' id='word_1_54' title='bbox 930 616 1024 681; x_wconf 89' lang='lat' dir='ltr'>liberi</span> <span class='ocrx_word' id='word_1_55' title='bbox 1047 616 1195 681; x_wconf 86' lang='lat' dir='ltr'>homines</span> <span class='ocrx_word' id='word_1_56' title='bbox 1220 616 1274 681; x_wconf 88' lang='lat' dir='ltr'>uel</span> <span class='ocrx_word' id='word_1_57' title='bbox 1296 616 1331 680; x_wconf 91' lang='lat' dir='ltr'>in</span> 
     </span>
     <span class='ocr_line' id='line_1_7' title="bbox 221 719 1332 804; baseline 0.002 -21"><span class='ocrx_word' id='word_1_58' title='bbox 221 719 355 785; x_wconf 89' lang='lat' dir='ltr'>seruicio</span> <span class='ocrx_word' id='word_1_59' title='bbox 370 719 515 784; x_wconf 87' lang='lat' dir='ltr'>eiusdem</span> <span class='ocrx_word' id='word_1_60' title='bbox 531 726 616 783; x_wconf 86' lang='lat' dir='ltr'>terre</span> <span class='ocrx_word' id='word_1_61' title='bbox 631 728 690 784; x_wconf 90' lang='lat' dir='ltr'>etc.</span> <span class='ocrx_word' id='word_1_62' title='bbox 735 720 779 784; x_wconf 88' lang='lat' dir='ltr'>Et</span> <span class='ocrx_word' id='word_1_63' title='bbox 793 726 978 785; x_wconf 86' lang='lat' dir='ltr'>attornatus</span> <span class='ocrx_word' id='word_1_64' title='bbox 989 719 1129 785; x_wconf 84' lang='lat' dir='ltr'>Abbatis</span> <span class='ocrx_word' id='word_1_65' title='bbox 1144 719 1332 804; x_wconf 88' lang='lat' dir='ltr'>manueapit</span> 
     </span>
     <span class='ocr_line' id='line_1_8' title="bbox 221 822 1333 909; baseline 0.002 -22"><span class='ocrx_word' id='word_1_66' title='bbox 221 822 307 909; x_wconf 92' lang='lat' dir='ltr'>quod</span> <span class='ocrx_word' id='word_1_67' title='bbox 332 823 404 888; x_wconf 87' lang='lat' dir='ltr'>illos</span> <span class='ocrx_word' id='word_1_68' title='bbox 428 822 562 887; x_wconf 79' lang='lat' dir='ltr'>habebit</span> <span class='ocrx_word' id='word_1_69' title='bbox 587 822 630 888; x_wconf 92' lang='lat' dir='ltr'>ad</span> <span class='ocrx_word' id='word_1_70' title='bbox 653 822 740 888; x_wconf 89' lang='lat' dir='ltr'>diem</span> <span class='ocrx_word' id='word_1_71' title='bbox 766 824 869 901; x_wconf 90' lang='lat' dir='ltr'>illum,</span> <span class='ocrx_word' id='word_1_72' title='bbox 894 832 929 889; x_wconf 87' lang='lat' dir='ltr'>ct</span> <span class='ocrx_word' id='word_1_73' title='bbox 956 823 1141 890; x_wconf 79' lang='lat' dir='ltr'>Alexander</span> <span class='ocrx_word' id='word_1_74' title='bbox 1166 832 1333 890; x_wconf 84' lang='lat' dir='ltr'>remaneat</span> 
     </span>
     <span class='ocr_line' id='line_1_9' title="bbox 221 926 975 1014; baseline -0.001 -22"><span class='ocrx_word' id='word_1_75' title='bbox 221 927 309 993; x_wconf 93' lang='lat' dir='ltr'>domi</span> <span class='ocrx_word' id='word_1_76' title='bbox 323 950 362 993; x_wconf 94' lang='lat' dir='ltr'>eo</span> <span class='ocrx_word' id='word_1_77' title='bbox 377 926 468 1014; x_wconf 91' lang='lat' dir='ltr'>quod</span> <span class='ocrx_word' id='word_1_78' title='bbox 478 927 642 1013; x_wconf 79' lang='lat' dir='ltr'>cognoscit</span> <span class='ocrx_word' id='word_1_79' title='bbox 656 949 691 992; x_wconf 84' lang='lat' dir='ltr'>se</span> <span class='ocrx_word' id='word_1_80' title='bbox 706 948 775 992; x_wconf 86' lang='lat' dir='ltr'>esse</span> <span class='ocrx_word' id='word_1_81' title='bbox 791 926 975 992; x_wconf 75' lang='lat' dir='ltr'>uillanum².</span> 
     </span>
    </p>

    <p class='ocr_par' dir='ltr' id='par_1_3' title="bbox 221 1029 1335 1748">
     <span class='ocr_line' id='line_1_10' title="bbox 286 1029 1333 1097; baseline -0.002 0"><span class='ocrx_word' id='word_1_82' title='bbox 286 1031 340 1097; x_wconf 83' lang='lat' dir='ltr'>Ad</span> <span class='ocrx_word' id='word_1_83' title='bbox 354 1031 441 1097; x_wconf 89' lang='lat' dir='ltr'>diem</span> <span class='ocrx_word' id='word_1_84' title='bbox 461 1031 555 1096; x_wconf 92' lang='lat' dir='ltr'>illum</span> <span class='ocrx_word' id='word_1_85' title='bbox 577 1039 738 1097; x_wconf 90' lang='lat' dir='ltr'>uenerunt</span> <span class='ocrx_word' id='word_1_86' title='bbox 759 1030 902 1097; x_wconf 76' lang='lat' dir='ltr'>lacobus</span> <span class='ocrx_word' id='word_1_87' title='bbox 924 1038 959 1095; x_wconf 91' lang='lat' dir='ltr'>et</span> <span class='ocrx_word' id='word_1_88' title='bbox 982 1029 1139 1095; x_wconf 88' lang='lat' dir='ltr'>Ricardns</span> <span class='ocrx_word' id='word_1_89' title='bbox 1162 1040 1197 1096; x_wconf 90' lang='lat' dir='ltr'>et</span> <span class='ocrx_word' id='word_1_90' title='bbox 1218 1030 1333 1095; x_wconf 90' lang='lat' dir='ltr'>dicunt</span> 
     </span>
     <span class='ocr_line' id='line_1_11' title="bbox 222 1134 1335 1225; baseline -0.003 -22"><span class='ocrx_word' id='word_1_91' title='bbox 222 1138 308 1225; x_wconf 91' lang='lat' dir='ltr'>quod</span> <span class='ocrx_word' id='word_1_92' title='bbox 332 1145 510 1203; x_wconf 88' lang='lat' dir='ltr'>tennerunt</span> <span class='ocrx_word' id='word_1_93' title='bbox 534 1145 653 1202; x_wconf 86' lang='lat' dir='ltr'>terram</span> <span class='ocrx_word' id='word_1_94' title='bbox 677 1136 768 1202; x_wconf 88' lang='lat' dir='ltr'>illam</span> <span class='ocrx_word' id='word_1_95' title='bbox 792 1137 828 1201; x_wconf 92' lang='lat' dir='ltr'>in</span> <span class='ocrx_word' id='word_1_96' title='bbox 851 1136 1051 1223; x_wconf 83' lang='lat' dir='ltr'>uilenagium</span> <span class='ocrx_word' id='word_1_97' title='bbox 1077 1135 1117 1200; x_wconf 90' lang='lat' dir='ltr'>de</span> <span class='ocrx_word' id='word_1_98' title='bbox 1143 1134 1273 1201; x_wconf 88' lang='lat' dir='ltr'>Abbate</span> <span class='ocrx_word' id='word_1_99' title='bbox 1300 1143 1335 1200; x_wconf 90' lang='lat' dir='ltr'>et</span> 
     </span>
     <span class='ocr_line' id='line_1_12' title="bbox 223 1230 1334 1328; baseline -0.001 -22"><span class='ocrx_word' id='word_1_100' title='bbox 223 1263 391 1328; x_wconf 92' lang='lat' dir='ltr'>nunquam</span> <span class='ocrx_word' id='word_1_101' title='bbox 407 1241 517 1318; x_wconf 81' lang='lat' dir='ltr'>bbere,</span> <span class='ocrx_word' id='word_1_102' title='bbox 532 1249 567 1305; x_wconf 89' lang='lat' dir='ltr'>et</span> <span class='ocrx_word' id='word_1_103' title='bbox 582 1240 697 1305; x_wconf 90' lang='lat' dir='ltr'>dicunt</span> <span class='ocrx_word' id='word_1_104' title='bbox 711 1239 798 1326; x_wconf 91' lang='lat' dir='ltr'>quod</span> <span class='ocrx_word' id='word_1_105' title='bbox 817 1239 918 1306; x_wconf 88' lang='lat' dir='ltr'>nichil</span> <span class='ocrx_word' id='word_1_106' title='bbox 939 1248 1055 1305; x_wconf 88' lang='lat' dir='ltr'>tenent</span> <span class='ocrx_word' id='word_1_107' title='bbox 1069 1230 1110 1305; x_wconf 91' lang='lat' dir='ltr'>de</span> <span class='ocrx_word' id='word_1_108' title='bbox 1125 1240 1255 1305; x_wconf 81' lang='lat' dir='ltr'>Abbnte</span> <span class='ocrx_word' id='word_1_109' title='bbox 1270 1240 1334 1305; x_wconf 87' lang='lat' dir='ltr'>nisi</span> 
     </span>
     <span class='ocr_line' id='line_1_13' title="bbox 221 1343 1333 1433; baseline 0.002 -24"><span class='ocrx_word' id='word_1_110' title='bbox 221 1346 257 1410; x_wconf 91' lang='lat' dir='ltr'>in</span> <span class='ocrx_word' id='word_1_111' title='bbox 281 1345 490 1433; x_wconf 78' lang='lat' dir='ltr'>nilenagium.</span> <span class='ocrx_word' id='word_1_112' title='bbox 541 1345 586 1409; x_wconf 86' lang='lat' dir='ltr'>Et</span> <span class='ocrx_word' id='word_1_113' title='bbox 611 1343 685 1409; x_wconf 93' lang='lat' dir='ltr'>ideo</span> <span class='ocrx_word' id='word_1_114' title='bbox 710 1343 948 1409; x_wconf 77' lang='lat' dir='ltr'>consideratum</span> <span class='ocrx_word' id='word_1_115' title='bbox 971 1353 1021 1411; x_wconf 90' lang='lat' dir='ltr'>cst</span> <span class='ocrx_word' id='word_1_116' title='bbox 1044 1345 1130 1432; x_wconf 89' lang='lat' dir='ltr'>quod</span> <span class='ocrx_word' id='word_1_117' title='bbox 1151 1344 1263 1411; x_wconf 86' lang='lat' dir='ltr'>Abbas</span> <span class='ocrx_word' id='word_1_118' title='bbox 1283 1368 1333 1411; x_wconf 91' lang='lat' dir='ltr'>re-</span> 
     </span>
     <span class='ocr_line' id='line_1_14' title="bbox 223 1448 1333 1536; baseline -0.002 -21"><span class='ocrx_word' id='word_1_119' title='bbox 223 1449 392 1536; x_wconf 85' lang='lat' dir='ltr'>cuperauit</span> <span class='ocrx_word' id='word_1_120' title='bbox 421 1449 573 1515; x_wconf 83' lang='lat' dir='ltr'>seisinam</span> <span class='ocrx_word' id='word_1_121' title='bbox 602 1471 695 1515; x_wconf 84' lang='lat' dir='ltr'>suam</span> <span class='ocrx_word' id='word_1_122' title='bbox 725 1459 760 1515; x_wconf 90' lang='lat' dir='ltr'>et</span> <span class='ocrx_word' id='word_1_123' title='bbox 790 1450 966 1515; x_wconf 85' lang='lat' dir='ltr'>Gaufn&#39;dus</span> <span class='ocrx_word' id='word_1_124' title='bbox 994 1449 1030 1513; x_wconf 95' lang='lat' dir='ltr'>in</span> <span class='ocrx_word' id='word_1_125' title='bbox 1056 1448 1274 1515; x_wconf 87' lang='lat' dir='ltr'>misericordia</span> <span class='ocrx_word' id='word_1_126' title='bbox 1299 1457 1333 1514; x_wconf 91' lang='lat' dir='ltr'>et</span> 
     </span>
     <span class='ocr_line' id='line_1_15' title="bbox 224 1553 1332 1642; baseline -0.001 -22"><span class='ocrx_word' id='word_1_127' title='bbox 224 1563 412 1642; x_wconf 77' lang='lat' dir='ltr'>preceptum</span> <span class='ocrx_word' id='word_1_128' title='bbox 430 1563 481 1620; x_wconf 85' lang='lat' dir='ltr'>est</span> <span class='ocrx_word' id='word_1_129' title='bbox 501 1554 626 1620; x_wconf 82' lang='lat' dir='ltr'>Abbati</span> <span class='ocrx_word' id='word_1_130' title='bbox 645 1554 732 1640; x_wconf 91' lang='lat' dir='ltr'>quod</span> <span class='ocrx_word' id='word_1_131' title='bbox 750 1553 914 1620; x_wconf 86' lang='lat' dir='ltr'>iusticiam</span> <span class='ocrx_word' id='word_1_132' title='bbox 937 1553 1091 1620; x_wconf 86' lang='lat' dir='ltr'>exhibeat</span> <span class='ocrx_word' id='word_1_133' title='bbox 1113 1553 1270 1621; x_wconf 72' lang='lat' dir='ltr'>(lanfrido</span> <span class='ocrx_word' id='word_1_134' title='bbox 1292 1554 1332 1619; x_wconf 89' lang='lat' dir='ltr'>de</span> 
     </span>
     <span class='ocr_line' id='line_1_16' title="bbox 224 1658 604 1748; baseline -0.003 -21"><span class='ocrx_word' id='word_1_135' title='bbox 224 1661 377 1748; x_wconf 84' lang='lat' dir='ltr'>predictis</span> <span class='ocrx_word' id='word_1_136' title='bbox 391 1660 448 1746; x_wconf 85' lang='lat' dir='ltr'>iiij.</span> <span class='ocrx_word' id='word_1_137' title='bbox 464 1658 604 1726; x_wconf 86' lang='lat' dir='ltr'>marcis⁸.</span> 
     </span>
    </p>
   </div>
   <div class='ocr_carea' id='block_1_2' title="bbox 167 1764 1457 1850">
    <p class='ocr_par' dir='ltr' id='par_1_4' title="bbox 167 1764 1457 1850">
     <span class='ocr_line' id='line_1_17' title="bbox 167 1764 1457 1850; baseline -0.006 -14"><span class='ocrx_word' id='word_1_138' title='bbox 167 1825 172 1836; x_wconf 95' lang='lat'>.</span> <span class='ocrx_word' id='word_1_139' title='bbox 288 1765 327 1831; x_wconf 76' lang='lat' dir='ltr'>‘J</span> <span class='ocrx_word' id='word_1_140' title='bbox 327 1766 471 1832; x_wconf 88' lang='lat' dir='ltr'>ohannes</span> <span class='ocrx_word' id='word_1_141' title='bbox 485 1765 526 1831; x_wconf 92' lang='lat' dir='ltr'>de</span> <span class='ocrx_word' id='word_1_142' title='bbox 541 1764 614 1830; x_wconf 85' lang='lat' dir='ltr'>Mar</span> <span class='ocrx_word' id='word_1_143' title='bbox 628 1774 663 1830; x_wconf 90' lang='lat' dir='ltr'>et</span> <span class='ocrx_word' id='word_1_144' title='bbox 679 1764 751 1829; x_wconf 87' lang='lat' dir='ltr'>Eua</span> <span class='ocrx_word' id='word_1_145' title='bbox 765 1786 846 1829; x_wconf 79' lang='lat' dir='ltr'>uxor</span> <span class='ocrx_word' id='word_1_146' title='bbox 861 1764 931 1829; x_wconf 87' lang='lat' dir='ltr'>eius</span> <span class='ocrx_word' id='word_1_147' title='bbox 946 1786 1004 1850; x_wconf 89' lang='lat' dir='ltr'>per</span> <span class='ocrx_word' id='word_1_148' title='bbox 1021 1772 1223 1830; x_wconf 87' lang='lat' dir='ltr'>attornatum</span> <span class='ocrx_word' id='word_1_149' title='bbox 1237 1786 1333 1829; x_wconf 89' lang='lat' dir='ltr'>suum</span> <span class='ocrx_word' id='word_1_150' title='bbox 1451 1807 1457 1818; x_wconf 84' lang='lat'><strong>·</strong></span> 
     </span>
    </p>
   </div>
   <div class='ocr_carea' id='block_1_3' title="bbox 223 1866 1375 3519">
    <p class='ocr_par' dir='ltr' id='par_1_5' title="bbox 223 1866 1375 2686">
     <span class='ocr_line' id='line_1_18' title="bbox 224 1866 1334 1957; baseline -0.003 -22"><span class='ocrx_word' id='word_1_151' title='bbox 224 1878 343 1957; x_wconf 84' lang='lat' dir='ltr'>petunt</span> <span class='ocrx_word' id='word_1_152' title='bbox 357 1893 470 1936; x_wconf 88' lang='lat' dir='ltr'>uersus</span> <span class='ocrx_word' id='word_1_153' title='bbox 485 1869 669 1935; x_wconf 84' lang='lat' dir='ltr'>Johannem</span> <span class='ocrx_word' id='word_1_154' title='bbox 683 1869 834 1934; x_wconf 84' lang='lat' dir='ltr'>Albetoft</span> <span class='ocrx_word' id='word_1_155' title='bbox 849 1890 945 1954; x_wconf 92' lang='lat' dir='ltr'>quem</span> <span class='ocrx_word' id='word_1_156' title='bbox 961 1868 1146 1933; x_wconf 87' lang='lat' dir='ltr'>Willelmus</span> <span class='ocrx_word' id='word_1_157' title='bbox 1160 1866 1201 1933; x_wconf 90' lang='lat' dir='ltr'>de</span> <span class='ocrx_word' id='word_1_158' title='bbox 1216 1867 1334 1933; x_wconf 80' lang='lat' dir='ltr'>Cante-</span> 
     </span>
     <span class='ocr_line' id='line_1_19' title="bbox 225 1972 1335 2061; baseline 0 -22"><span class='ocrx_word' id='word_1_159' title='bbox 225 1975 301 2061; x_wconf 92' lang='lat' dir='ltr'>lupo</span> <span class='ocrx_word' id='word_1_160' title='bbox 329 1975 461 2040; x_wconf 88' lang='lat' dir='ltr'>uocauit</span> <span class='ocrx_word' id='word_1_161' title='bbox 487 1974 529 2040; x_wconf 88' lang='lat' dir='ltr'>ad</span> <span class='ocrx_word' id='word_1_162' title='bbox 552 1981 732 2039; x_wconf 75' lang='lat' dir='ltr'>warantum</span> <span class='ocrx_word' id='word_1_163' title='bbox 754 1983 789 2039; x_wconf 93' lang='lat' dir='ltr'>et</span> <span class='ocrx_word' id='word_1_164' title='bbox 815 1972 872 2060; x_wconf 89' lang='lat' dir='ltr'>qui</span> <span class='ocrx_word' id='word_1_165' title='bbox 898 1974 929 2038; x_wconf 91' lang='lat' dir='ltr'>ei</span> <span class='ocrx_word' id='word_1_166' title='bbox 954 1974 1177 2057; x_wconf 73' lang='lat' dir='ltr'>warentizauit</span> <span class='ocrx_word' id='word_1_167' title='bbox 1202 1972 1335 2039; x_wconf 86' lang='lat' dir='ltr'>terciam</span> 
     </span>
     <span class='ocr_line' id='line_1_20' title="bbox 225 2078 1336 2167; baseline -0.002 -22"><span class='ocrx_word' id='word_1_168' title='bbox 225 2088 351 2166; x_wconf 85' lang='lat' dir='ltr'>partem</span> <span class='ocrx_word' id='word_1_169' title='bbox 371 2080 510 2146; x_wconf 89' lang='lat' dir='ltr'>duarum</span> <span class='ocrx_word' id='word_1_170' title='bbox 531 2080 676 2167; x_wconf 89' lang='lat' dir='ltr'>parcium</span> <span class='ocrx_word' id='word_1_171' title='bbox 698 2078 834 2144; x_wconf 88' lang='lat' dir='ltr'>manerii</span> <span class='ocrx_word' id='word_1_172' title='bbox 855 2078 895 2143; x_wconf 93' lang='lat' dir='ltr'>de</span> <span class='ocrx_word' id='word_1_173' title='bbox 917 2078 1093 2145; x_wconf 79' lang='lat' dir='ltr'>Scitefeld⁶</span> <span class='ocrx_word' id='word_1_174' title='bbox 1108 2102 1183 2145; x_wconf 90' lang='lat' dir='ltr'>cnm</span> <span class='ocrx_word' id='word_1_175' title='bbox 1199 2086 1280 2165; x_wconf 90' lang='lat' dir='ltr'>pert.</span> <span class='ocrx_word' id='word_1_176' title='bbox 1296 2086 1336 2143; x_wconf 90' lang='lat' dir='ltr'>ut</span> 
     </span>
     <span class='ocr_line' id='line_1_21' title="bbox 223 2180 1336 2268; baseline -0.002 -20"><span class='ocrx_word' id='word_1_177' title='bbox 223 2183 334 2249; x_wconf 87' lang='lat' dir='ltr'>dotem</span> <span class='ocrx_word' id='word_1_178' title='bbox 356 2182 442 2248; x_wconf 82' lang='lat' dir='ltr'>eius⁶</span> <span class='ocrx_word' id='word_1_179' title='bbox 456 2184 527 2249; x_wconf 84' lang='lat' dir='ltr'>Eue</span> <span class='ocrx_word' id='word_1_180' title='bbox 549 2182 636 2249; x_wconf 91' lang='lat' dir='ltr'>unde</span> <span class='ocrx_word' id='word_1_181' title='bbox 658 2181 842 2247; x_wconf 87' lang='lat' dir='ltr'>Willelmus</span> <span class='ocrx_word' id='word_1_182' title='bbox 864 2180 984 2247; x_wconf 72' lang='lat' dir='ltr'>(lumin</span> <span class='ocrx_word' id='word_1_183' title='bbox 1007 2180 1169 2268; x_wconf 82' lang='lat' dir='ltr'>quondam</span> <span class='ocrx_word' id='word_1_184' title='bbox 1192 2182 1245 2247; x_wconf 92' lang='lat' dir='ltr'>uir</span> <span class='ocrx_word' id='word_1_185' title='bbox 1266 2180 1336 2247; x_wconf 86' lang='lat' dir='ltr'>eius</span> 
     </span>
     <span class='ocr_line' id='line_1_22' title="bbox 225 2286 1336 2375; baseline -0.003 -22"><span class='ocrx_word' id='word_1_186' title='bbox 225 2296 286 2354; x_wconf 89' lang='lat' dir='ltr'>etc.</span> <span class='ocrx_word' id='word_1_187' title='bbox 339 2288 384 2353; x_wconf 88' lang='lat' dir='ltr'>Et</span> <span class='ocrx_word' id='word_1_188' title='bbox 413 2289 581 2355; x_wconf 83' lang='lat' dir='ltr'>Johannes</span> <span class='ocrx_word' id='word_1_189' title='bbox 611 2286 704 2354; x_wconf 91' lang='lat' dir='ltr'>uenit</span> <span class='ocrx_word' id='word_1_190' title='bbox 730 2296 765 2353; x_wconf 89' lang='lat' dir='ltr'>et</span> <span class='ocrx_word' id='word_1_191' title='bbox 790 2287 954 2375; x_wconf 78' lang='lat' dir='ltr'>cognoscit</span> <span class='ocrx_word' id='word_1_192' title='bbox 980 2289 1063 2353; x_wconf 90' lang='lat' dir='ltr'>bene</span> <span class='ocrx_word' id='word_1_193' title='bbox 1090 2286 1176 2374; x_wconf 91' lang='lat' dir='ltr'>quod</span> <span class='ocrx_word' id='word_1_194' title='bbox 1201 2287 1251 2351; x_wconf 85' lang='lat' dir='ltr'>ita</span> <span class='ocrx_word' id='word_1_195' title='bbox 1272 2286 1336 2351; x_wconf 86' lang='lat' dir='ltr'>fuit</span> 
     </span>
     <span class='ocr_line' id='line_1_23' title="bbox 225 2389 1375 2478; baseline -0.003 -20"><span class='ocrx_word' id='word_1_196' title='bbox 225 2392 338 2460; x_wconf 92' lang='lat' dir='ltr'>dotata</span> <span class='ocrx_word' id='word_1_197' title='bbox 352 2401 387 2459; x_wconf 91' lang='lat' dir='ltr'>et</span> <span class='ocrx_word' id='word_1_198' title='bbox 401 2392 484 2459; x_wconf 90' lang='lat' dir='ltr'>bene</span> <span class='ocrx_word' id='word_1_199' title='bbox 499 2393 690 2459; x_wconf 89' lang='lat' dir='ltr'>concederet</span> <span class='ocrx_word' id='word_1_200' title='bbox 704 2392 736 2457; x_wconf 90' lang='lat' dir='ltr'>ei</span> <span class='ocrx_word' id='word_1_201' title='bbox 750 2392 861 2457; x_wconf 88' lang='lat' dir='ltr'>dotem</span> <span class='ocrx_word' id='word_1_202' title='bbox 881 2414 974 2457; x_wconf 85' lang='lat' dir='ltr'>suam</span> <span class='ocrx_word' id='word_1_203' title='bbox 994 2391 1022 2457; x_wconf 87' lang='lat' dir='ltr'>si</span> <span class='ocrx_word' id='word_1_204' title='bbox 1042 2392 1113 2478; x_wconf 88' lang='lat' dir='ltr'>ipsa</span> <span class='ocrx_word' id='word_1_205' title='bbox 1132 2390 1283 2457; x_wconf 88' lang='lat' dir='ltr'>redderet</span> <span class='ocrx_word' id='word_1_206' title='bbox 1304 2389 1335 2455; x_wconf 90' lang='lat' dir='ltr'>ei</span> <span class='ocrx_word' id='word_1_207' title='bbox 1372 2396 1375 2403; x_wconf 87' lang='lat'>&#39;</span> 
     </span>
     <span class='ocr_line' id='line_1_24' title="bbox 225 2492 1335 2582; baseline -0.005 -20"><span class='ocrx_word' id='word_1_208' title='bbox 225 2495 378 2563; x_wconf 88' lang='lat' dir='ltr'>heredem</span> <span class='ocrx_word' id='word_1_209' title='bbox 404 2495 542 2582; x_wconf 89' lang='lat' dir='ltr'>predicti</span> <span class='ocrx_word' id='word_1_210' title='bbox 565 2494 723 2560; x_wconf 88' lang='lat' dir='ltr'>Willelmi</span> <span class='ocrx_word' id='word_1_211' title='bbox 745 2493 838 2559; x_wconf 89' lang='lat' dir='ltr'>cuius</span> <span class='ocrx_word' id='word_1_212' title='bbox 861 2492 1009 2559; x_wconf 89' lang='lat' dir='ltr'>custodia</span> <span class='ocrx_word' id='word_1_213' title='bbox 1030 2492 1071 2558; x_wconf 89' lang='lat' dir='ltr'>ad</span> <span class='ocrx_word' id='word_1_214' title='bbox 1094 2514 1170 2559; x_wconf 93' lang='lat' dir='ltr'>eum</span> <span class='ocrx_word' id='word_1_215' title='bbox 1193 2492 1335 2579; x_wconf 89' lang='lat' dir='ltr'>pertinet</span> 
     </span>
     <span class='ocr_line' id='line_1_25' title="bbox 226 2600 310 2686; baseline 0 -21"><span class='ocrx_word' id='word_1_216' title='bbox 226 2600 310 2686; x_wconf 72' lang='lat' dir='ltr'>etc!</span> 
     </span>
    </p>

    <p class='ocr_par' dir='ltr' id='par_1_6' title="bbox 227 2699 1339 3519">
     <span class='ocr_line' id='line_1_26' title="bbox 291 2699 1336 2789; baseline -0.003 -21"><span class='ocrx_word' id='word_1_217' title='bbox 291 2704 336 2768; x_wconf 89' lang='lat' dir='ltr'>Et</span> <span class='ocrx_word' id='word_1_218' title='bbox 359 2704 431 2768; x_wconf 86' lang='lat' dir='ltr'>Eua</span> <span class='ocrx_word' id='word_1_219' title='bbox 452 2711 488 2767; x_wconf 91' lang='lat' dir='ltr'>et</span> <span class='ocrx_word' id='word_1_220' title='bbox 507 2703 675 2769; x_wconf 65' lang='lat' dir='ltr'>«Iohannes</span> <span class='ocrx_word' id='word_1_221' title='bbox 697 2724 755 2789; x_wconf 90' lang='lat' dir='ltr'>per</span> <span class='ocrx_word' id='word_1_222' title='bbox 776 2710 979 2767; x_wconf 88' lang='lat' dir='ltr'>attornatnm</span> <span class='ocrx_word' id='word_1_223' title='bbox 999 2724 1095 2767; x_wconf 86' lang='lat' dir='ltr'>sunm</span> <span class='ocrx_word' id='word_1_224' title='bbox 1115 2701 1229 2766; x_wconf 88' lang='lat' dir='ltr'>dicunt</span> <span class='ocrx_word' id='word_1_225' title='bbox 1249 2699 1336 2787; x_wconf 92' lang='lat' dir='ltr'>quod</span> 
     </span>
     <span class='ocr_line' id='line_1_27' title="bbox 227 2804 1335 2873; baseline -0.002 -1"><span class='ocrx_word' id='word_1_226' title='bbox 227 2807 319 2873; x_wconf 89' lang='lat' dir='ltr'>heres</span> <span class='ocrx_word' id='word_1_227' title='bbox 333 2807 388 2871; x_wconf 89' lang='lat' dir='ltr'>ille</span> <span class='ocrx_word' id='word_1_228' title='bbox 403 2807 503 2873; x_wconf 88' lang='lat' dir='ltr'>estin</span> <span class='ocrx_word' id='word_1_229' title='bbox 518 2806 631 2872; x_wconf 85' lang='lat' dir='ltr'>Scocia</span> <span class='ocrx_word' id='word_1_230' title='bbox 648 2817 684 2871; x_wconf 90' lang='lat' dir='ltr'>et</span> <span class='ocrx_word' id='word_1_231' title='bbox 703 2829 768 2871; x_wconf 90' lang='lat' dir='ltr'>non</span> <span class='ocrx_word' id='word_1_232' title='bbox 788 2816 867 2871; x_wconf 89' lang='lat' dir='ltr'>sunt</span> <span class='ocrx_word' id='word_1_233' title='bbox 888 2807 923 2871; x_wconf 92' lang='lat' dir='ltr'>in</span> <span class='ocrx_word' id='word_1_234' title='bbox 943 2805 1062 2871; x_wconf 90' lang='lat' dir='ltr'>seisina</span> <span class='ocrx_word' id='word_1_235' title='bbox 1081 2805 1122 2871; x_wconf 90' lang='lat' dir='ltr'>de</span> <span class='ocrx_word' id='word_1_236' title='bbox 1139 2806 1195 2871; x_wconf 91' lang='lat' dir='ltr'>illo</span> <span class='ocrx_word' id='word_1_237' title='bbox 1217 2804 1335 2870; x_wconf 91' lang='lat' dir='ltr'>herede</span> 
     </span>
     <span class='ocr_line' id='line_1_28' title="bbox 227 2909 1336 2997; baseline -0.002 -22"><span class='ocrx_word' id='word_1_238' title='bbox 227 2934 286 2975; x_wconf 92' lang='lat' dir='ltr'>nec</span> <span class='ocrx_word' id='word_1_239' title='bbox 301 2932 457 2997; x_wconf 91' lang='lat' dir='ltr'>umquam</span> <span class='ocrx_word' id='word_1_240' title='bbox 472 2910 605 2975; x_wconf 88' lang='lat' dir='ltr'>fuerunt</span> <span class='ocrx_word' id='word_1_241' title='bbox 619 2932 680 2976; x_wconf 92' lang='lat' dir='ltr'>nec</span> <span class='ocrx_word' id='word_1_242' title='bbox 694 2932 752 2996; x_wconf 86' lang='lat' dir='ltr'>per</span> <span class='ocrx_word' id='word_1_243' title='bbox 766 2934 821 2977; x_wconf 86' lang='lat' dir='ltr'>eos</span> <span class='ocrx_word' id='word_1_244' title='bbox 834 2911 915 2977; x_wconf 87' lang='lat' dir='ltr'>alibi</span> <span class='ocrx_word' id='word_1_245' title='bbox 930 2919 986 2976; x_wconf 85' lang='lat' dir='ltr'>est.</span> <span class='ocrx_word' id='word_1_246' title='bbox 1034 2910 1077 2974; x_wconf 86' lang='lat' dir='ltr'>Et</span> <span class='ocrx_word' id='word_1_247' title='bbox 1091 2909 1258 2975; x_wconf 72' lang='lat' dir='ltr'>lohannes</span> <span class='ocrx_word' id='word_1_248' title='bbox 1272 2930 1336 2973; x_wconf 90' lang='lat' dir='ltr'>non</span> 
     </span>
     <span class='ocr_line' id='line_1_29' title="bbox 227 3013 1337 3100; baseline -0.001 -21"><span class='ocrx_word' id='word_1_249' title='bbox 227 3022 335 3100; x_wconf 88' lang='lat' dir='ltr'>potest</span> <span class='ocrx_word' id='word_1_250' title='bbox 349 3014 410 3079; x_wconf 92' lang='lat' dir='ltr'>hoc</span> <span class='ocrx_word' id='word_1_251' title='bbox 424 3013 581 3079; x_wconf 90' lang='lat' dir='ltr'>dedicere.</span> <span class='ocrx_word' id='word_1_252' title='bbox 617 3014 746 3080; x_wconf 86' lang='lat' dir='ltr'>Etideo</span> <span class='ocrx_word' id='word_1_253' title='bbox 758 3015 996 3081; x_wconf 85' lang='lat' dir='ltr'>consideratum</span> <span class='ocrx_word' id='word_1_254' title='bbox 1009 3014 1156 3100; x_wconf 90' lang='lat' dir='ltr'>estquod</span> <span class='ocrx_word' id='word_1_255' title='bbox 1170 3015 1194 3080; x_wconf 83' lang='lat' dir='ltr'><strong>J</strong></span> <span class='ocrx_word' id='word_1_256' title='bbox 1194 3014 1337 3079; x_wconf 86' lang='lat' dir='ltr'>ohannes</span> 
     </span>
     <span class='ocr_line' id='line_1_30' title="bbox 228 3118 1338 3205; baseline -0.001 -21"><span class='ocrx_word' id='word_1_257' title='bbox 228 3128 263 3184; x_wconf 90' lang='lat' dir='ltr'>et</span> <span class='ocrx_word' id='word_1_258' title='bbox 292 3120 364 3185; x_wconf 89' lang='lat' dir='ltr'>Eua</span> <span class='ocrx_word' id='word_1_259' title='bbox 392 3126 667 3205; x_wconf 89' lang='lat' dir='ltr'>recuperauerunt</span> <span class='ocrx_word' id='word_1_260' title='bbox 696 3120 848 3186; x_wconf 85' lang='lat' dir='ltr'>seisinam</span> <span class='ocrx_word' id='word_1_261' title='bbox 877 3143 969 3186; x_wconf 89' lang='lat' dir='ltr'>suam</span> <span class='ocrx_word' id='word_1_262' title='bbox 999 3118 1040 3184; x_wconf 89' lang='lat' dir='ltr'>de</span> <span class='ocrx_word' id='word_1_263' title='bbox 1066 3118 1212 3205; x_wconf 82' lang='lat' dir='ltr'>predicta</span> <span class='ocrx_word' id='word_1_264' title='bbox 1237 3119 1338 3184; x_wconf 89' lang='lat' dir='ltr'>tercia</span> 
     </span>
     <span class='ocr_line' id='line_1_31' title="bbox 228 3223 1338 3309; baseline -0.001 -21"><span class='ocrx_word' id='word_1_265' title='bbox 228 3232 320 3309; x_wconf 86' lang='lat' dir='ltr'>parte</span> <span class='ocrx_word' id='word_1_266' title='bbox 343 3233 378 3288; x_wconf 91' lang='lat' dir='ltr'>et</span> <span class='ocrx_word' id='word_1_267' title='bbox 400 3223 568 3288; x_wconf 84' lang='lat' dir='ltr'>Johannes</span> <span class='ocrx_word' id='word_1_268' title='bbox 590 3232 640 3289; x_wconf 91' lang='lat' dir='ltr'>est</span> <span class='ocrx_word' id='word_1_269' title='bbox 662 3224 698 3288; x_wconf 90' lang='lat' dir='ltr'>in</span> <span class='ocrx_word' id='word_1_270' title='bbox 719 3224 943 3291; x_wconf 86' lang='lat' dir='ltr'>misericordia</span> <span class='ocrx_word' id='word_1_271' title='bbox 990 3225 1034 3289; x_wconf 87' lang='lat' dir='ltr'>Et</span> <span class='ocrx_word' id='word_1_272' title='bbox 1054 3224 1238 3289; x_wconf 81' lang='lat' dir='ltr'>Willelmus</span> <span class='ocrx_word' id='word_1_273' title='bbox 1252 3223 1338 3309; x_wconf 91' lang='lat' dir='ltr'>petit</span> 
     </span>
     <span class='ocr_line' id='line_1_32' title="bbox 229 3326 1338 3414; baseline 0 -22"><span class='ocrx_word' id='word_1_274' title='bbox 229 3326 316 3414; x_wconf 92' lang='lat' dir='ltr'>quod</span> <span class='ocrx_word' id='word_1_275' title='bbox 330 3327 518 3393; x_wconf 86' lang='lat' dir='ltr'>warentizet</span> <span class='ocrx_word' id='word_1_276' title='bbox 538 3336 572 3392; x_wconf 93' lang='lat' dir='ltr'>et</span> <span class='ocrx_word' id='word_1_277' title='bbox 592 3327 691 3393; x_wconf 83' lang='lat' dir='ltr'>faciat</span> <span class='ocrx_word' id='word_1_278' title='bbox 713 3330 744 3394; x_wconf 93' lang='lat' dir='ltr'>ei</span> <span class='ocrx_word' id='word_1_279' title='bbox 767 3330 973 3395; x_wconf 85' lang='lat' dir='ltr'>escambium.</span> <span class='ocrx_word' id='word_1_280' title='bbox 1019 3329 1063 3393; x_wconf 87' lang='lat' dir='ltr'>Et</span> <span class='ocrx_word' id='word_1_281' title='bbox 1077 3330 1099 3394; x_wconf 86' lang='lat' dir='ltr'><strong>J</strong></span> <span class='ocrx_word' id='word_1_282' title='bbox 1101 3327 1243 3393; x_wconf 81' lang='lat' dir='ltr'>ohannes</span> <span class='ocrx_word' id='word_1_283' title='bbox 1257 3326 1338 3393; x_wconf 92' lang='lat' dir='ltr'>dicit</span> 
     </span>
     <span class='ocr_line' id='line_1_33' title="bbox 229 3430 1339 3519; baseline 0.003 -24"><span class='ocrx_word' id='word_1_284' title='bbox 229 3430 314 3517; x_wconf 91' lang='lat' dir='ltr'>quod</span> <span class='ocrx_word' id='word_1_285' title='bbox 336 3430 436 3496; x_wconf 89' lang='lat' dir='ltr'>nichil</span> <span class='ocrx_word' id='word_1_286' title='bbox 459 3432 490 3496; x_wconf 91' lang='lat' dir='ltr'>ei</span> <span class='ocrx_word' id='word_1_287' title='bbox 511 3433 669 3497; x_wconf 86' lang='lat' dir='ltr'>concessit</span> <span class='ocrx_word' id='word_1_288' title='bbox 690 3432 754 3497; x_wconf 89' lang='lat' dir='ltr'>nisi</span> <span class='ocrx_word' id='word_1_289' title='bbox 775 3434 862 3519; x_wconf 91' lang='lat' dir='ltr'>quod</span> <span class='ocrx_word' id='word_1_290' title='bbox 884 3432 1022 3499; x_wconf 90' lang='lat' dir='ltr'>adeum</span> <span class='ocrx_word' id='word_1_291' title='bbox 1044 3433 1229 3519; x_wconf 89' lang='lat' dir='ltr'>pertinebat</span> <span class='ocrx_word' id='word_1_292' title='bbox 1247 3432 1339 3498; x_wconf 81' lang='lat' dir='ltr'>salua</span> 
     </span>
    </p>
   </div>
   <div class='ocr_carea' id='block_1_4' title="bbox 229 3534 1337 3724">
    <p class='ocr_par' dir='ltr' id='par_1_7' title="bbox 229 3534 1337 3724">
     <span class='ocr_line' id='line_1_34' title="bbox 229 3534 1337 3605; baseline 0.003 -6"><span class='ocrx_word' id='word_1_293' title='bbox 229 3534 336 3601; x_wconf 89' lang='lat' dir='ltr'>eidem</span> <span class='ocrx_word' id='word_1_294' title='bbox 361 3536 431 3601; x_wconf 88' lang='lat' dir='ltr'>Eue</span> <span class='ocrx_word' id='word_1_295' title='bbox 457 3535 534 3602; x_wconf 90' lang='lat' dir='ltr'>dote</span> <span class='ocrx_word' id='word_1_296' title='bbox 555 3559 615 3602; x_wconf 86' lang='lat' dir='ltr'>sua</span> <span class='ocrx_word' id='word_1_297' title='bbox 637 3545 672 3602; x_wconf 90' lang='lat' dir='ltr'>et</span> <span class='ocrx_word' id='word_1_298' title='bbox 696 3537 881 3604; x_wconf 88' lang='lat' dir='ltr'>Willelmus</span> <span class='ocrx_word' id='word_1_299' title='bbox 905 3538 1005 3604; x_wconf 86' lang='lat' dir='ltr'>nichil</span> <span class='ocrx_word' id='word_1_300' title='bbox 1027 3538 1117 3605; x_wconf 88' lang='lat' dir='ltr'>aliud</span> <span class='ocrx_word' id='word_1_301' title='bbox 1139 3536 1282 3603; x_wconf 88' lang='lat' dir='ltr'>ostendit</span> <span class='ocrx_word' id='word_1_302' title='bbox 1303 3546 1337 3603; x_wconf 90' lang='lat' dir='ltr'>et</span> 
     </span>
     <span class='ocr_line' id='line_1_35' title="bbox 230 3636 956 3724; baseline 0.004 -22"><span class='ocrx_word' id='word_1_303' title='bbox 230 3636 303 3703; x_wconf 87' lang='lat' dir='ltr'>ideo</span> <span class='ocrx_word' id='word_1_304' title='bbox 317 3636 484 3724; x_wconf 77' lang='lat' dir='ltr'>perquirat</span> <span class='ocrx_word' id='word_1_305' title='bbox 498 3660 532 3703; x_wconf 87' lang='lat' dir='ltr'>se</span> <span class='ocrx_word' id='word_1_306' title='bbox 546 3660 660 3704; x_wconf 87' lang='lat' dir='ltr'>uersus</span> <span class='ocrx_word' id='word_1_307' title='bbox 674 3660 750 3705; x_wconf 89' lang='lat' dir='ltr'>eum</span> <span class='ocrx_word' id='word_1_308' title='bbox 765 3640 793 3705; x_wconf 89' lang='lat' dir='ltr'>si</span> <span class='ocrx_word' id='word_1_309' title='bbox 807 3639 956 3705; x_wconf 86' lang='lat' dir='ltr'>uoluerit</span> 
     </span>
    </p>
   </div>
   <div class='ocr_carea' id='block_1_5' title="bbox 186 3766 1211 4026">
    <p class='ocr_par' dir='ltr' id='par_1_8' title="bbox 231 3766 1150 3894">
     <span class='ocr_line' id='line_1_36' title="bbox 263 3766 1007 3831; baseline 0 -14"><span class='ocrx_word' id='word_1_310' title='bbox 263 3766 342 3825; x_wconf 75' lang='grc' dir='ltr'>1Βὶο,</span> <span class='ocrx_word' id='word_1_311' title='bbox 360 3768 390 3817; x_wconf 87' lang='grc' dir='ltr'>Δ.</span> <span class='ocrx_word' id='word_1_312' title='bbox 410 3768 442 3816; x_wconf 92' lang='grc' dir='ltr'>Β.</span> <span class='ocrx_word' id='word_1_313' title='bbox 476 3767 591 3831; x_wconf 71' lang='lat' dir='ltr'>Perhaps</span> <span class='ocrx_word' id='word_1_314' title='bbox 612 3768 657 3818; x_wconf 85' lang='lat' dir='ltr'>the</span> <span class='ocrx_word' id='word_1_315' title='bbox 679 3771 756 3819; x_wconf 84' lang='lat' dir='ltr'>stete-</span> <span class='ocrx_word' id='word_1_316' title='bbox 808 3769 838 3818; x_wconf 77' lang='lat' dir='ltr'>of</span> <span class='ocrx_word' id='word_1_317' title='bbox 848 3768 1007 3831; x_wconf 71' lang='lat' dir='ltr'>perfectiori?</span> 
     </span>
     <span class='ocr_line' id='line_1_37' title="bbox 231 3831 1150 3894; baseline 0 -13"><span class='ocrx_word' id='word_1_318' title='bbox 231 3832 642 3894; x_wconf 80' lang='lat' dir='ltr'>mentofthetenureiswrong.</span> <span class='ocrx_word' id='word_1_319' title='bbox 842 3834 898 3884; x_wconf 82' lang='lat' dir='ltr'>⁴A.</span> <span class='ocrx_word' id='word_1_320' title='bbox 912 3835 990 3891; x_wconf 75' lang='lat' dir='ltr'>m.8;</span> <span class='ocrx_word' id='word_1_321' title='bbox 1008 3832 1038 3884; x_wconf 91' lang='lat' dir='ltr'>B.</span> <span class='ocrx_word' id='word_1_322' title='bbox 1052 3831 1150 3883; x_wconf 73' lang='lat' dir='ltr'>mtd.</span> 
     </span>
    </p>

    <p class='ocr_par' dir='ltr' id='par_1_9' title="bbox 186 3896 1211 4026">
     <span class='ocr_line' id='line_1_38' title="bbox 264 3896 1036 3959; baseline 0.003 -13"><span class='ocrx_word' id='word_1_323' title='bbox 264 3896 274 3927; x_wconf 91' lang='lat'><strong>¹</strong></span> <span class='ocrx_word' id='word_1_324' title='bbox 290 3898 313 3945; x_wconf 93' lang='lat' dir='ltr'>B</span> <span class='ocrx_word' id='word_1_325' title='bbox 325 3900 404 3959; x_wconf 79' lang='lat' dir='ltr'>stopa.</span> <span class='ocrx_word' id='word_1_326' title='bbox 841 3899 852 3931; x_wconf 77' lang='lat'><strong>⁶</strong></span> <span class='ocrx_word' id='word_1_327' title='bbox 869 3898 1036 3949; x_wconf 82' lang='lat' dir='ltr'>Snitterfield.</span> 
     </span>
     <span class='ocr_line' id='line_1_39' title="bbox 186 3960 1211 4026; baseline 0.001 -16"><span class='ocrx_word' id='word_1_328' title='bbox 186 3987 190 3994; x_wconf 85' lang='lat'><strong>·</strong></span> <span class='ocrx_word' id='word_1_329' title='bbox 263 3961 316 4010; x_wconf 75' lang='lat' dir='ltr'>⁸Is</span> <span class='ocrx_word' id='word_1_330' title='bbox 328 3960 381 4011; x_wconf 85' lang='lat' dir='ltr'>this</span> <span class='ocrx_word' id='word_1_331' title='bbox 390 3962 478 4025; x_wconf 83' lang='lat' dir='ltr'>eqnity</span> <span class='ocrx_word' id='word_1_332' title='bbox 486 3978 515 4011; x_wconf 92' lang='lat' dir='ltr'>or</span> <span class='ocrx_word' id='word_1_333' title='bbox 523 3963 757 4026; x_wconf 82' lang='lat' dir='ltr'>merelyaeounsel</span> <span class='ocrx_word' id='word_1_334' title='bbox 842 3963 940 4017; x_wconf 66' lang='lat' dir='ltr'>‘Corn</span> <span class='ocrx_word' id='word_1_335' title='bbox 954 3965 1070 4019; x_wconf 77' lang='lat' dir='ltr'>ciusdem,</span> <span class='ocrx_word' id='word_1_336' title='bbox 1083 3964 1112 4012; x_wconf 76' lang='lat' dir='ltr'>A.</span> <span class='ocrx_word' id='word_1_337' title='bbox 1125 3962 1155 4011; x_wconf 89' lang='lat' dir='ltr'>B.</span> <span class='ocrx_word' id='word_1_338' title='bbox 1208 4016 1211 4021; x_wconf 56' lang='grc'><strong>,</strong></span> 
     </span>
    </p>
   </div>
   <div class='ocr_carea' id='block_1_6' title="bbox 1145 4066 1252 4127">
    <p class='ocr_par' dir='ltr' id='par_1_10' title="bbox 1145 4066 1252 4127">
     <span class='ocr_line' id='line_1_40' title="bbox 1145 4066 1252 4127; baseline -0.019 0"><span class='ocrx_word' id='word_1_339' title='bbox 1145 4066 1252 4127; x_wconf 81' lang='grc'><strong>35-2</strong></span> 
     </span>
    </p>
   </div>
   <div class='ocr_carea' id='block_1_7' title="bbox 0 0 1689 5217">
    <p class='ocr_par' dir='ltr' id='par_1_11' title="bbox 0 0 1689 5217">
     <span class='ocr_line' id='line_1_41' title="bbox 0 0 1689 5217; baseline 0 0"><span class='ocrx_word' id='word_1_340' title='bbox 0 0 1689 5217; x_wconf 95' lang='lat' dir='ltr'> </span> 
     </span>
    </p>
   </div>
  </div>
 </body>
</html>
