3342 5217
396 386 462 456 474
694 404 845 467 mmm,
866 405 931 455 nn.
957 392 1049 467 1231,
1072 404 1135 455 nn
1159 393 1208 455 1⁵.

461 576 505 643 Et
527 575 694 643 «lohannes
715 586 750 641 et
772 577 910 643 Metillis
932 577 1073 644 ueniunt
1095 586 1131 643 et
1155 573 1293 641 Metillis
1314 574 1396 641 dicit
1418 572 1503 661 quod

395 702 460 745 non
485 680 583 745 debet
612 680 644 745 ei
670 682 877 747 warentizare
906 682 985 768 quie
1011 682 1085 769 ipse
1111 681 1192 747 dicit
1221 680 1308 767 quod
1335 700 1501 766 nunquam

394 783 598 870 mesuagium
621 783 704 848 illud
727 784 759 849 ei
782 784 874 851 dedit
896 808 957 851 neo
978 794 1101 851 cartem
1121 808 1214 851 suem
1233 785 1265 851 ei
1284 784 1361 849 inde
1375 784 1456 849 feeit
1469 791 1501 847 et

393 888 467 954 ideo
481 888 551 953 sine
567 888 619 953 die
635 888 712 975 quie
726 912 790 954 non
806 891 882 955 uult
896 890 1112 955 warentizere.

458 993 575 1057 Petrus
589 992 630 1057 de
644 993 792 1058 Burtona
806 994 928 1080 optulit
945 1017 980 1060 se
1002 994 1077 1081 ffijto
1095 994 1150 1060 die
1171 1015 1285 1057 uersus
1305 991 1499 1056 Motillidem

392 1097 433 1163 de
450 1098 597 1161 Burtone
610 1096 651 1161 de
666 1096 786 1181 placito
798 1098 823 1184 j.
839 1099 921 1186 uirg.
938 1108 1022 1164 terre
1038 1099 1093 1185 xij.
1107 1121 1170 1163 eor.
1183 1097 1293 1161 minus
1306 1096 1340 1160 in
1356 1096 1500 1160 Burtone

392 1222 473 1286 quos
487 1200 605 1265 clamet
620 1208 659 1265 ut
672 1200 725 1264 ius
739 1224 835 1267 suum
856 1224 970 1268 uersus
989 1226 1070 1269 eam.
1116 1203 1161 1267 Et
1175 1201 1313 1266 Metillis
1328 1223 1393 1265 non
1408 1200 1500 1266 uenit

391 1312 426 1369 et
441 1314 528 1369 terra
542 1312 638 1390 capta
652 1304 716 1369 luit
730 1304 765 1369 in
781 1326 915 1371 menum
934 1306 1029 1371 Dom
1044 1306 1146 1393 Regis
1159 1328 1219 1391 per
1231 1304 1387 1370 defaltum
1402 1325 1498 1389 quem

391 1408 468 1475 feeit
491 1431 512 1473 a
530 1408 584 1475 die
608 1416 678 1485 ete,
700 1416 735 1473 et
761 1409 941 1475 uiceeomes
966 1410 1137 1475 mandauit
1161 1409 1250 1475 diem
1275 1407 1445 1494 eopeionis.
1467 1415 1500 1471 et

391 1534 489 1599 super
511 1512 570 1577 hoc
595 1520 754 1578 testatum
778 1522 829 1579 est
850 1513 938 1599 quod
959 1514 1024 1579 iter
1044 1513 1226 1599 arripuerat
1247 1534 1362 1577 uersus
1380 1520 1498 1575 terrem

390 1624 536 1681 sanctem
566 1624 742 1702 antequem
771 1618 970 1682 summonite
995 1619 1103 1683 fuerat
1128 1617 1194 1683 soil
1219 1616 1263 1681 ud
1285 1616 1499 1680 Pentecosten

390 1742 475 1785 anno
497 1720 590 1807 regni
615 1720 716 1807 Regis
744 1720 839 1806 xiiij0,
860 1730 895 1787 et
916 1731 1119 1807 oompertum
1148 1729 1199 1786 est
1228 1719 1315 1806 quod
1342 1718 1497 1805 placitum

390 1826 512 1911 incepit
527 1824 568 1889 ed
584 1826 704 1889 festum
719 1823 751 1889 S.
768 1824 901 1889 Hillnrii
920 1833 1082 1890 enn01v0.
1127 1825 1173 1889 Et
1187 1824 1306 1889 Petrus
1319 1822 1400 1887 dicit
1415 1818 1498 1907 quod

389 1930 461 2015 ipse
474 1936 525 1993 est
539 1928 574 1992 in
589 1928 710 2015 Anglia
724 1936 758 1993 et
774 1928 848 1993 ideo
862 1929 959 1993 datus
973 1937 1025 1994 est
1043 1927 1114 1993 dies
1133 1926 1175 1993 de
1198 1924 1360 1991 audiendo
1380 1921 1498 1989 iudicio

389 2056 410 2097 a
430 2032 484 2097 die
506 2040 565 2097 ete
590 2040 629 2096 ut
652 2031 784 2096 interim
809 2032 1046 2117 inquiratursi
1069 2031 1173 2096 sitin
1197 2029 1321 2117 Anglin
1345 2027 1400 2093 uel
1426 2048 1498 2100 non,

389 2144 424 2200 et
444 2142 523 2200 tunc
544 2135 698 2221 procedat
719 2134 878 2200 iudicium
899 2135 935 2199 in
956 2135 1071 2201 eodem
1092 2143 1183 2200 stetu
1204 2154 1269 2220 quo
1291 2154 1378 2197 nune
1399 2130 1497 2196 siin·

388 2248 490 2305 uento
504 2240 609 2305 fuerit

454 2343 579 2408 Letioin
600 2365 663 2429 que
685 2343 750 2407 luit
772 2365 853 2408 uxor
871 2343 971 2409 Alani
991 2344 1022 2408 le
1037 2340 1159 2408 Geunt'
1174 2341 1296 2428 optulit
1310 2362 1346 2405 se
1360 2338 1434 2425 iiij¹⁰
1447 2337 1497 2403 die

292 2462 318 2491 ²¹²
388 2470 500 2513 uersus
523 2446 747 2512 Alexandrum
771 2448 877 2513 filium
903 2446 1061 2513 Herberti
1085 2454 1120 2511 et
1146 2444 1343 2510 Metillidem
1365 2464 1497 2507 uxorem

388 2552 458 2617 eius
472 2552 514 2616 de
529 2550 648 2636 placito
663 2550 850 2615 medietatis
864 2550 962 2615 unius
976 2549 1136 2637 mesuagii
1150 2572 1226 2613 eum
1240 2556 1321 2634 pert.
1333 2546 1369 2611 in
1383 2546 1498 2611 subur·

387 2657 443 2721 bio
466 2654 580 2722 Oont’¹
600 2676 699 2740 quem
721 2655 842 2720 elamet
861 2662 901 2719 ut
915 2653 1026 2719 dotem
1040 2675 1132 2717 suom
1147 2660 1210 2716 etc.
1254 2651 1299 2715 Et
1314 2648 1498 2715 Alexander

387 2767 422 2824 et
448 2758 585 2824 Metillis
606 2780 672 2822 non
698 2765 862 2851 uenerunt
886 2764 945 2822 ete
971 2765 1007 2822 et
1032 2754 1116 2821 sum’
1141 2744 1201 2820 ete
1247 2755 1292 2820 Et
1316 2776 1417 2839 super
1440 2754 1500 2819 hoe

387 2871 550 2929 uenerunt
578 2861 694 2927 bellini
723 2860 968 2926 Cantueriensis
1001 2858 1177 2946 Episcopi*
1204 2865 1239 2923 et
1267 2864 1389 2943 petunt
1423 2856 1498 2923 inde

386 2967 510 3033 curiam
526 2987 619 3031 suem
634 2973 668 3031 et
683 2964 819 3029 hebent

451 3068 578 3134 ⁸Alioiu
603 3090 666 3154 quo
688 3068 752 3132 fuit
774 3089 857 3132 uxor
879 3066 1025 3153 Philippi
1049 3066 1094 3147 ⁸de
1120 3067 1232 3153 Burgo
1256 3064 1357 3152 petiit
1385 3086 1498 3131 uersus

342 3194 348 3205 ·
388 3172 534 3263 Odonem
556 3172 598 3237 de
621 3170 788 3237 Swalhem
810 3170 1022 3235 medietatem
1041 3170 1074 3255 ij.
1090 3192 1151 3235 aer.
1170 3178 1206 3235 et
1223 3170 1325 3235 trium
1346 3168 1497 3234 rodarum

386 3282 471 3341 terre
487 3298 560 3340 eum
575 3281 655 3359 pert.
672 3273 707 3337 in
719 3273 838 3359 Burgo‚
853 3281 888 3337 et
907 3295 1021 3338 uersus
1037 3273 1238 3339 Willelmum
1261 3272 1291 3337 le
1313 3272 1342 3337 F
1341 3294 1499 3357 muneeys

386 3378 597 3443 medietatem
619 3376 717 3442 unius
738 3399 798 3443 oor.
820 3399 895 3443 eum
918 3385 1000 3463 pert
1023 3377 1059 3441 in
1082 3376 1196 3443 eedem
1220 3376 1302 3441 uilla
1323 3384 1364 3441 ut
1386 3375 1497 3441 dotem

386 3504 487 3547 suem.
532 3482 575 3545 Et
591 3480 662 3546 Odo
678 3489 712 3545 et
727 3481 784 3545 elii
799 3481 889 3565 prius
908 3480 1063 3547 dixemnt
1084 3482 1172 3567 quod
1193 3482 1270 3545 talis
1291 3489 1343 3546 est
1363 3502 1498 3547 eonsue-

386 3586 466 3650 tudo
480 3586 515 3649 in
530 3584 623 3649 feodo
638 3582 776 3649 Comitis
791 3584 961 3648 Britannie
976 3584 1064 3670 quod
1080 3584 1233 3649 mulieres
1254 3606 1319 3649 non
1341 3592 1498 3670 poterunt

386 3688 504 3753 habere
519 3687 583 3752 nisi
594 3687 728 3751 terciam
743 3695 871 3772 portem
885 3696 1046 3753 terrarum
1060 3688 1205 3753 uirorum
1216 3710 1349 3754 suorum
1360 3688 1498 3774 eoquod

385 3798 562 3857 tenuerunt
577 3812 635 3877 per
649 3790 822 3855 seruicium
839 3789 979 3855 militare
999 3790 1096 3855 simul
1110 3813 1187 3855 eum
1201 3791 1355 3877 magio,
1370 3800 1406 3856 et
1419 3792 1497 3856 inde
1610 3827 1611 3834 κ

384 3902 563 3982 posuerunt
578 3916 611 3958 se
627 3915 724 3979 super
738 3893 888 3971 iuratam,
897 3902 933 3957 et
941 3893 1048 3959 Alieie
1061 3893 1220 3959 similiter.
1258 3894 1302 3958 Et
1317 3895 1499 3960 uicecomes

384 3998 475 4063 misit
496 3996 743 4083 inquisicionem
765 4019 828 4082 que
851 3997 927 4061 telis
947 4006 997 4062 est
1016 3998 1104 4083 quod
1118 4006 1206 4063 terra
1220 3998 1277 4062 illu
1291 4008 1426 4064 tenetur
1440 4022 1500 4086 per

385 4101 558 4167 seruieium
580 4101 720 4165 militare
740 4100 839 4165 simul
860 4123 935 4165 eum
949 4101 1103 4187 soceogio‚
1117 4109 1156 4165 et
1168 4102 1257 4187 quod
1269 4102 1346 4167 talis
1361 4103 1406 4168 sit
1421 4126 1498 4169 oon·
1609 4157 1610 4160 η

386 4204 524 4269 suetudo
546 4204 690 4269 eiusdem
713 4204 850 4268 manerii
870 4204 957 4290 quod
976 4204 1129 4270 mulieres
1143 4228 1209 4270 non
1223 4214 1361 4293 possunt
1374 4206 1498 4273 hebere

417 4373 428 4470 ζ
445 4374 593 4487 gamm
628 4373 796 4437 Canterbury.
996 4372 1008 4405 ⁸
1024 4373 1055 4423 Β·
1066 4388 1102 4423 m.
1115 4374 1153 4425 1⁸·
