3342 5217
253 184 325 246 685.

258 283 321 323 mor.

266 3790 322 3841 nou

257 3860 328 3922 686.

689 0 714 38 ar.
740 0 743 3 ’
774 0 818 57 s·
850 4 907 45 ...r
1019 5 1113 57 ,.,‚·
1180 32 1187 45 ,

440 170 606 235 Walterus
628 171 670 235 de
692 171 861 237 Wildeker
886 172 972 259 petit
994 194 1107 239 uersus
1128 172 1332 237 Willelmum
1353 158 1396 237 'dc
1421 173 1488 237 Ros

375 293 474 357 quem
489 272 580 337 Prior
593 273 634 337 de
651 274 812 339 Kinthem
832 284 928 339 uocat
943 276 985 339 sd
1000 284 1181 341 warantum
1197 284 1232 340 et
1247 276 1305 361 qui
1319 275 1350 339 ei
1365 298 1488 341 waren·

375 374 456 438 tizst
493 375 580 460 quod
610 376 781 462 permittat
809 400 886 442 eum
915 378 1034 443 hebere
1065 378 1258 443 racionabile
1288 378 1488 446 estouen’um

374 500 471 542 suum
486 478 521 543 in
535 478 630 543 bosco
645 479 686 544 de
701 480 832 545 Husum
848 488 883 545 et
898 480 984 546 unde
1000 480 1086 566 petit
1107 482 1193 567 quod
1215 482 1387 567 permittat
1410 505 1486 546 eum

375 580 495 645 habere
517 580 552 645 in
575 582 688 646 eodem
710 583 806 647 bosco
827 583 966 648 husbote
989 583 1122 648 haibote
1145 584 1242 648 etad
1257 584 1436 649 ardendum
1452 593 1488 649 et

375 686 592 750 claudendum
608 694 643 750 et
657 686 700 751 sd
713 696 821 751 aratra
836 696 870 752 et
885 687 1119 752 slisutensilia
1130 696 1164 751 et
1176 687 1262 753 unde
1278 688 1379 774 Hugo
1394 696 1490 773 pater

375 812 454 854 suus
478 790 570 855 cuius
594 790 687 855 heres
710 791 780 876 ipse
804 800 854 855 est
876 792 940 855 fuit
962 791 1093 856 scisitus
1114 800 1153 856 ut
1175 792 1216 857 de
1239 791 1332 856 feodo
1354 792 1408 857 die
1424 814 1488 877 quo

377 892 460 956 obiit
475 902 510 958 et
530 902 687 980 tanquam
709 895 895 980 pertinente
917 895 959 959 od
982 896 1121 961 liberum
1142 902 1369 960 tenementum
1391 918 1490 960 suum

376 996 411 1059 in
427 996 623 1061 Winestuna
637 1004 783 1083 tempore
799 998 900 1085 Regis
915 998 945 1063 J.
962 1006 1039 1063 ante
1223 997 1233 1029 ¹
1249 1006 1283 1061 et
1299 998 1387 1062 unde
1402 998 1489 1083 petit

377 1098 529 1163 seisinsm
551 1098 654 1184 patris
676 1099 728 1163 sui
749 1099 834 1163 sieut
857 1099 949 1163 heres
971 1099 1074 1184 patris
1096 1099 1156 1175 sui,
1173 1106 1208 1163 et
1231 1099 1417 1185 dicitquod
1431 1120 1490 1185 per

377 1202 439 1265 hoc
454 1201 540 1287 quod
554 1202 624 1287 ipse
644 1201 800 1266 deforciat
822 1201 854 1265 ei
876 1201 1074 1266 estouerium
1096 1200 1179 1265 illud
1200 1201 1417 1266 deterioratos
1439 1210 1491 1266 est

378 1313 448 1382 etc„
462 1312 497 1368 et
511 1304 599 1368 unde
614 1304 694 1369 dicit
709 1305 796 1390 quod
812 1304 876 1369 fuit
890 1304 1021 1369 seisitus
1040 1313 1184 1390 tempore
1205 1305 1343 1393 Roberti
1357 1304 1398 1369 de
1414 1306 1488 1369 Ros

444 1409 488 1472 Et
502 1408 686 1472 Willelmus
709 1409 802 1472 uenit
824 1416 859 1472 et
882 1406 1028 1472 defendit
1050 1408 1101 1472 ius
1123 1430 1220 1472 suum
1243 1416 1277 1471 et
1299 1408 1381 1473 dicit
1401 1407 1489 1494 quod

378 1512 543 1599 predictus
563 1513 664 1598 Hugo
684 1534 851 1597 nunquam
868 1514 931 1577 fuit
946 1511 1076 1577 seisitus
1091 1512 1132 1577 de
1147 1512 1308 1576 estouerio
1321 1511 1378 1575 illo
1394 1521 1433 1575 ut
1448 1513 1489 1577 de

379 1615 471 1680 feodo
486 1625 519 1679 et
535 1614 605 1680 iure
621 1638 680 1680 nec
695 1625 734 1679 ut
749 1616 790 1680 de
805 1616 966 1681 estouerio
987 1616 1073 1701 quod
1088 1615 1231 1701 pertinet
1247 1614 1288 1679 sd
1303 1615 1489 1700 predictum

378 1727 603 1784 tenementum
626 1741 722 1783 suum
737 1718 778 1783 de
793 1719 998 1804 Wynestune
1020 1719 1097 1805 quis
1120 1719 1149 1783 si
1170 1718 1313 1804 aliquem
1335 1718 1490 1783 seisinsm

378 1822 494 1886 habuit
509 1821 550 1889 de
566 1821 674 1907 aliquo
689 1822 850 1886 estouerio
866 1822 925 1887 hoc
941 1822 1004 1887 luit
1019 1831 1165 1907 tempore
1188 1823 1356 1888 cuiusdam
1374 1824 1490 1889 Sibille

379 1926 420 1990 de
436 1926 501 1989 Ros
516 1926 579 2010 qu'e
594 1925 727 1990 boscum
742 1926 835 1991 illum
859 1926 968 1990 tenuit
992 1925 1026 1990 in
1047 1926 1158 1990 dotem
1173 1934 1208 1991 et
1222 1926 1263 1991 de
1277 1928 1490 2012 permissione

379 2031 481 2117 ipsius
496 2029 610 2095 Sibille
626 2038 660 2094 et
674 2030 767 2094 cuius
781 2030 975 2095 senescallus
989 2030 1058 2116 ipse
1074 2031 1173 2116 Hugo
1189 2030 1261 2106 fuit,
1272 2038 1307 2093 et
1321 2028 1410 2115 quod
1424 2052 1491 2093 non

380 2135 444 2199 fuit
472 2134 602 2199 seisitus
631 2134 672 2198 de
702 2134 862 2199 estouerio
888 2134 943 2198 illo
970 2143 1009 2198 ut
1035 2135 1075 2200 de
1101 2134 1194 2200 feodo
1218 2158 1279 2200 nec
1305 2134 1387 2199 obiit
1413 2134 1489 2199 inde

380 2239 509 2303 seisitus
531 2245 569 2302 ut
592 2237 776 2323 pertinente
799 2237 842 2303 ed
864 2244 1087 2303 tenementum
1110 2260 1205 2303 suum
1228 2237 1269 2302 de
1285 2238 1492 2324 Wynestuns

380 2343 473 2428 ponit
496 2364 531 2407 se
557 2363 655 2427 super
679 2341 819 2427 patriam
849 2351 883 2406 et
913 2343 1008 2406 offert
1037 2343 1131 2407 Dom.
1162 2342 1246 2429 Regi
1274 2342 1316 2406 xl.
1346 2341 1401 2407 sol
1432 2364 1490 2428 pro

381 2447 532 2513 habenda
552 2446 661 2511 inmte
682 2455 717 2510 et
739 2468 797 2532 pro
818 2447 966 2511 facienda
986 2446 1152 2511 mencione
1171 2445 1213 2511 de
1228 2455 1374 2532 tempore
1389 2446 1491 2535 Regis

381 2552 411 2617 J.
428 2560 463 2615 et
477 2549 687 2635 recipiuntur.

448 2656 491 2719 Et
513 2654 679 2719 Walterus
700 2652 780 2718 dicit
803 2652 890 2738 quod
915 2661 1011 2739 peter
1035 2676 1113 2718 suus
1136 2654 1184 2718 ite
1210 2653 1273 2718 fuit
1299 2654 1430 2719 seisitus
1456 2664 1491 2719 et

382 2758 464 2823 obiit
479 2757 554 2822 inde
569 2757 699 2821 seisitus
713 2765 748 2821 et
762 2756 875 2821 eodem
892 2764 1036 2843 tempore
1057 2757 1234 2822 secundum
1257 2756 1343 2842 quod
1365 2758 1491 2843 predic-

382 2869 454 2926 tum
470 2870 528 2937 est,
543 2868 578 2924 et
593 2860 668 2924 inde
682 2860 776 2945 ponit
790 2882 825 2925 se
840 2882 937 2945 super
952 2860 1099 2946 patrium.
1145 2862 1188 2925 Et
1205 2859 1279 2925 ideo
1299 2871 1490 2948 preceptum

382 2975 433 3031 est
459 2964 643 3030 uicecomiti
668 2964 754 3050 quod
784 2965 896 3029 uenire
927 2966 1024 3029 facist
1053 2987 1158 3029 coram
1187 2965 1373 3030 iusticiariis
1403 2966 1491 3052 opud

381 3067 708 3133 westmonasterium
730 3077 789 3132 etc.
812 3067 867 3152 xij.
889 3076 958 3131 tam
980 3066 1102 3131 milites
1124 3076 1183 3131 etc.
1199 3067 1242 3132 ed
1262 3090 1491 3154 recognoscen-

381 3173 461 3237 dum
484 3193 581 3257 super
604 3178 843 3235 sacramentum
866 3192 962 3235 suum
987 3179 1048 3235 etc.
1074 3170 1102 3235 si
1127 3170 1292 3256 predictus
1316 3172 1418 3258 Hugo
1443 3172 1492 3237 its

382 3276 464 3341 obiit
478 3275 610 3339 seisitus
624 3274 665 3339 de
680 3274 826 3359 predicto
842 3275 1002 3341 estouerio
1013 3284 1052 3339 ut
1064 3276 1249 3361 pertinente
1264 3275 1307 3339 nd
1321 3284 1492 3339 tenemen-

382 3388 454 3443 tum
477 3401 573 3443 suum
595 3386 656 3443 etc.
674 3387 708 3441 et
729 3385 875 3463 tempore
896 3376 996 3463 Regis
1011 3377 1041 3443 J.
1057 3377 1235 3443 secundum
1257 3378 1344 3464 quod
1366 3379 1491 3464 predic·

382 3493 454 3548 tum
469 3492 523 3575 est!
535 3483 589 3547 uel
603 3505 678 3559 non,
692 3490 727 3546 et
742 3482 829 3558 unde
846 3483 1030 3547 Willelmus
1045 3482 1125 3547 dicit
1145 3482 1230 3568 quod
1250 3506 1315 3547 non
1338 3484 1422 3548 obiit
1443 3484 1491 3548 its

381 3586 512 3651 seisitus
535 3584 599 3649 nisi
622 3593 754 3649 tantum
778 3584 819 3649 de
846 3584 1055 3669 permissione
1080 3585 1223 3671 predicte
1247 3586 1387 3651 Isabelle
1411 3585 1490 3651 dum

382 3690 446 3754 fuit
461 3688 655 3753 senescallus
670 3710 748 3752 suus
763 3696 834 3766 ete,
850 3696 884 3752 et
898 3688 1030 3752 interim
1046 3710 1080 3753 se
1095 3689 1144 3753 ita
1158 3689 1338 3755 certificent
1353 3698 1415 3755 etc.
1433 3690 1439 3777 Ι

448 3791 610 3855 Henricus
645 3791 732 3855 filius
760 3790 920 3855 Willelmi
956 3790 1043 3876 petit
1079 3814 1192 3855 uersus
1229 3790 1415 3859 Johnnnem
1450 3793 1489 3857 de

265 3958 330 3998 ΗΜ
414 3960 556 4012 ¹Ablsnlr
567 3958 652 4009 which
664 3958 781 4035 deprives
792 3959 837 4010 the
851 3975 910 4010 csso
961 3958 1488 4021 msketimeessentislbyhnringlohn'r

383 4029 412 4078 ol
426 4027 461 4076 its
477 4026 560 4090 point,
578 4024 648 4073 since
665 4024 780 4075 erlism
797 4026 871 4074 seeks
883 4032 910 4075 to
961 4025 1033 4089 reign
1048 4025 1196 4075 mentioned
1208 4025 1234 4073 in
1246 4024 1291 4075 tho
1303 4024 1381 4077 usus
