<?xml version="1.0" encoding="UTF-8"?>
<!DOCTYPE html PUBLIC "-//W3C//DTD XHTML 1.0 Transitional//EN"
    "http://www.w3.org/TR/xhtml1/DTD/xhtml1-transitional.dtd">
<html xmlns="http://www.w3.org/1999/xhtml" xml:lang="en" lang="en">
 <head>
  <title>
</title>
<meta http-equiv="Content-Type" content="text/html;charset=utf-8" />
  <meta name='ocr-system' content='tesseract 3.04.00' />
  <meta name='ocr-capabilities' content='ocr_page ocr_carea ocr_par ocr_line ocrx_word'/>
</head>
<body>
  <div class='ocr_page' id='page_1' title='image "bractonsnoteboo01maitgoog_0635.png"; bbox 0 0 3342 5217; ppageno 0'>
   <div class='ocr_carea' id='block_1_1' title="bbox 214 155 1323 865">
    <p class='ocr_par' dir='ltr' id='par_1_1' title="bbox 214 155 1323 865">
     <span class='ocr_line' id='line_1_1' title="bbox 215 155 1319 246; baseline -0.003 -19"><span class='ocrx_word' id='word_1_1' title='bbox 215 161 361 227; x_wconf 89' lang='lat' dir='ltr'><strong>nominat</strong></span> <span class='ocrx_word' id='word_1_2' title='bbox 382 159 492 246; x_wconf 89' lang='lat' dir='ltr'><strong>plures</strong></span> <span class='ocrx_word' id='word_1_3' title='bbox 511 158 552 223; x_wconf 87' lang='lat' dir='ltr'><strong>de</strong></span> <span class='ocrx_word' id='word_1_4' title='bbox 570 157 689 243; x_wconf 92' lang='lat' dir='ltr'><strong>quibus</strong></span> <span class='ocrx_word' id='word_1_5' title='bbox 708 155 865 221; x_wconf 91' lang='lat' dir='ltr'><strong>iudicium</strong></span> <span class='ocrx_word' id='word_1_6' title='bbox 886 158 1007 221; x_wconf 91' lang='lat' dir='ltr'><strong>factum</strong></span> <span class='ocrx_word' id='word_1_7' title='bbox 1026 157 1096 223; x_wconf 88' lang='lat' dir='ltr'><strong>fuit.</strong></span> <span class='ocrx_word' id='word_1_8' title='bbox 1142 159 1259 224; x_wconf 88' lang='lat' dir='ltr'><strong>Postea</strong></span> <span class='ocrx_word' id='word_1_9' title='bbox 1277 158 1319 223; x_wconf 88' lang='lat' dir='ltr'><strong>ad</strong></span> 
     </span>
     <span class='ocr_line' id='line_1_2' title="bbox 214 259 1319 347; baseline -0.005 -16"><span class='ocrx_word' id='word_1_10' title='bbox 214 267 300 331; x_wconf 90' lang='lat' dir='ltr'><strong>diem</strong></span> <span class='ocrx_word' id='word_1_11' title='bbox 325 264 419 329; x_wconf 91' lang='lat' dir='ltr'><strong>illum</strong></span> <span class='ocrx_word' id='word_1_12' title='bbox 445 262 539 326; x_wconf 88' lang='lat' dir='ltr'><strong>uenit</strong></span> <span class='ocrx_word' id='word_1_13' title='bbox 562 260 719 345; x_wconf 77' lang='lat' dir='ltr'><strong>Magister</strong></span> <span class='ocrx_word' id='word_1_14' title='bbox 745 259 891 324; x_wconf 78' lang='lat' dir='ltr'><strong>Militum</strong></span> <span class='ocrx_word' id='word_1_15' title='bbox 918 260 1047 346; x_wconf 80' lang='lat' dir='ltr'>Templi</span> <span class='ocrx_word' id='word_1_16' title='bbox 1072 262 1107 326; x_wconf 90' lang='lat' dir='ltr'><strong>in</strong></span> <span class='ocrx_word' id='word_1_17' title='bbox 1133 261 1263 347; x_wconf 84' lang='lat' dir='ltr'><strong>Anglia,</strong></span> <span class='ocrx_word' id='word_1_18' title='bbox 1286 270 1319 326; x_wconf 89' lang='lat' dir='ltr'><strong>et</strong></span> 
     </span>
     <span class='ocr_line' id='line_1_3' title="bbox 214 362 1321 451; baseline -0.004 -18"><span class='ocrx_word' id='word_1_19' title='bbox 214 368 402 434; x_wconf 87' lang='lat' dir='ltr'><strong>warentizat</strong></span> <span class='ocrx_word' id='word_1_20' title='bbox 427 366 510 430; x_wconf 90' lang='lat' dir='ltr'><strong>bene</strong></span> <span class='ocrx_word' id='word_1_21' title='bbox 536 364 622 449; x_wconf 91' lang='lat' dir='ltr'><strong>quod</strong></span> <span class='ocrx_word' id='word_1_22' title='bbox 649 364 731 427; x_wconf 88' lang='lat' dir='ltr'><strong>latro</strong></span> <span class='ocrx_word' id='word_1_23' title='bbox 757 362 812 427; x_wconf 92' lang='lat' dir='ltr'><strong>ille</strong></span> <span class='ocrx_word' id='word_1_24' title='bbox 838 385 902 427; x_wconf 94' lang='lat' dir='ltr'><strong>non</strong></span> <span class='ocrx_word' id='word_1_25' title='bbox 928 363 991 428; x_wconf 90' lang='lat' dir='ltr'><strong>fuit</strong></span> <span class='ocrx_word' id='word_1_26' title='bbox 1015 374 1130 451; x_wconf 88' lang='lat' dir='ltr'><strong>captus</strong></span> <span class='ocrx_word' id='word_1_27' title='bbox 1155 364 1190 428; x_wconf 91' lang='lat' dir='ltr'><strong>in</strong></span> <span class='ocrx_word' id='word_1_28' title='bbox 1212 365 1321 450; x_wconf 86' lang='lat' dir='ltr'><strong>aliqua</strong></span> 
     </span>
     <span class='ocr_line' id='line_1_4' title="bbox 214 465 1321 553; baseline -0.006 -16"><span class='ocrx_word' id='word_1_29' title='bbox 214 482 301 537; x_wconf 87' lang='lat' dir='ltr'><strong>terra</strong></span> <span class='ocrx_word' id='word_1_30' title='bbox 322 470 376 534; x_wconf 90' lang='lat' dir='ltr'><strong>uel</strong></span> <span class='ocrx_word' id='word_1_31' title='bbox 400 468 551 533; x_wconf 87' lang='lat' dir='ltr'><strong>libertate</strong></span> <span class='ocrx_word' id='word_1_32' title='bbox 573 466 676 551; x_wconf 90' lang='lat' dir='ltr'><strong>ipsius</strong></span> <span class='ocrx_word' id='word_1_33' title='bbox 696 465 720 529; x_wconf 89' lang='lat' dir='ltr'><strong>J</strong></span> <span class='ocrx_word' id='word_1_34' title='bbox 721 465 828 542; x_wconf 89' lang='lat' dir='ltr'><strong>ollani,</strong></span> <span class='ocrx_word' id='word_1_35' title='bbox 850 474 885 530; x_wconf 89' lang='lat' dir='ltr'><strong>et</strong></span> <span class='ocrx_word' id='word_1_36' title='bbox 906 466 986 532; x_wconf 90' lang='lat' dir='ltr'><strong>dicit</strong></span> <span class='ocrx_word' id='word_1_37' title='bbox 1008 467 1095 553; x_wconf 92' lang='lat' dir='ltr'><strong>quod</strong></span> <span class='ocrx_word' id='word_1_38' title='bbox 1116 466 1321 532; x_wconf 84' lang='lat' dir='ltr'>hundredum</span> 
     </span>
     <span class='ocr_line' id='line_1_5' title="bbox 214 569 1323 657; baseline -0.005 -17"><span class='ocrx_word' id='word_1_39' title='bbox 214 576 255 640; x_wconf 90' lang='lat' dir='ltr'><strong>de</strong></span> <span class='ocrx_word' id='word_1_40' title='bbox 270 573 421 639; x_wconf 87' lang='lat' dir='ltr'><strong>Shamele</strong></span> <span class='ocrx_word' id='word_1_41' title='bbox 436 593 564 656; x_wconf 84' lang='lat' dir='ltr'>semper</span> <span class='ocrx_word' id='word_1_42' title='bbox 579 570 642 634; x_wconf 91' lang='lat' dir='ltr'><strong>fuit</strong></span> <span class='ocrx_word' id='word_1_43' title='bbox 657 570 691 632; x_wconf 92' lang='lat' dir='ltr'><strong>in</strong></span> <span class='ocrx_word' id='word_1_44' title='bbox 707 569 767 633; x_wconf 88' lang='lat' dir='ltr'><strong>tali</strong></span> <span class='ocrx_word' id='word_1_45' title='bbox 787 569 939 633; x_wconf 87' lang='lat' dir='ltr'><strong>libertate</strong></span> <span class='ocrx_word' id='word_1_46' title='bbox 960 570 1001 633; x_wconf 98' lang='grc'><strong>(16</strong></span> <span class='ocrx_word' id='word_1_47' title='bbox 1021 570 1270 657; x_wconf 78' lang='lat' dir='ltr'><strong>infangenethef</strong></span> <span class='ocrx_word' id='word_1_48' title='bbox 1288 580 1323 634; x_wconf 88' lang='lat' dir='ltr'><strong>et</strong></span> 
     </span>
     <span class='ocr_line' id='line_1_6' title="bbox 214 672 1321 763; baseline -0.005 -21"><span class='ocrx_word' id='word_1_49' title='bbox 214 676 466 763; x_wconf 90' lang='lat' dir='ltr'><strong>utfangenethef</strong></span> <span class='ocrx_word' id='word_1_50' title='bbox 476 674 517 737; x_wconf 90' lang='lat' dir='ltr'><strong>de</strong></span> <span class='ocrx_word' id='word_1_51' title='bbox 532 673 683 737; x_wconf 90' lang='lat' dir='ltr'><strong>omnibus</strong></span> <span class='ocrx_word' id='word_1_52' title='bbox 699 672 879 737; x_wconf 79' lang='lat' dir='ltr'><strong>latronibus</strong></span> <span class='ocrx_word' id='word_1_53' title='bbox 894 674 998 759; x_wconf 87' lang='lat' dir='ltr'><strong>captis</strong></span> <span class='ocrx_word' id='word_1_54' title='bbox 1013 674 1098 738; x_wconf 85' lang='lat' dir='ltr'><strong>infra</strong></span> <span class='ocrx_word' id='word_1_55' title='bbox 1111 675 1153 739; x_wconf 83' lang='lat' dir='ltr'><strong>lx.</strong></span> <span class='ocrx_word' id='word_1_56' title='bbox 1169 672 1321 737; x_wconf 88' lang='lat' dir='ltr'><strong>solidatas</strong></span> 
     </span>
     <span class='ocr_line' id='line_1_7' title="bbox 215 777 1323 865; baseline -0.003 -21"><span class='ocrx_word' id='word_1_57' title='bbox 215 789 249 845; x_wconf 92' lang='lat' dir='ltr'><strong>et</strong></span> <span class='ocrx_word' id='word_1_58' title='bbox 264 780 305 865; x_wconf 81' lang='lat' dir='ltr'><strong>xj.</strong></span> <span class='ocrx_word' id='word_1_59' title='bbox 321 778 505 843; x_wconf 77' lang='lat' dir='ltr'><strong>denariatas</strong></span> <span class='ocrx_word' id='word_1_60' title='bbox 519 786 605 841; x_wconf 90' lang='lat' dir='ltr'><strong>terre</strong></span> <span class='ocrx_word' id='word_1_61' title='bbox 626 800 706 862; x_wconf 89' lang='lat' dir='ltr'><strong>quas</strong></span> <span class='ocrx_word' id='word_1_62' title='bbox 725 778 818 842; x_wconf 91' lang='lat' dir='ltr'><strong>Dom.</strong></span> <span class='ocrx_word' id='word_1_63' title='bbox 839 777 910 841; x_wconf 84' lang='lat' dir='ltr'><strong>Rex</strong></span> <span class='ocrx_word' id='word_1_64' title='bbox 928 777 1066 841; x_wconf 88' lang='lat' dir='ltr'><strong>retinuit</strong></span> <span class='ocrx_word' id='word_1_65' title='bbox 1089 778 1124 842; x_wconf 91' lang='lat' dir='ltr'><strong>in</strong></span> <span class='ocrx_word' id='word_1_66' title='bbox 1144 801 1242 843; x_wconf 88' lang='lat' dir='ltr'><strong>manu</strong></span> <span class='ocrx_word' id='word_1_67' title='bbox 1264 800 1323 842; x_wconf 89' lang='lat' dir='ltr'><strong>sua</strong></span> 
     </span>
    </p>
   </div>
   <div class='ocr_carea' id='block_1_2' title="bbox 215 880 1323 1382">
    <p class='ocr_par' dir='ltr' id='par_1_2' title="bbox 215 880 1323 1382">
     <span class='ocr_line' id='line_1_8' title="bbox 215 880 1323 970; baseline -0.004 -21"><span class='ocrx_word' id='word_1_68' title='bbox 215 884 344 970; x_wconf 87' lang='lat' dir='ltr'><strong>quando</strong></span> <span class='ocrx_word' id='word_1_69' title='bbox 359 882 450 948; x_wconf 89' lang='lat' dir='ltr'><strong>dedit</strong></span> <span class='ocrx_word' id='word_1_70' title='bbox 464 880 630 946; x_wconf 89' lang='lat' dir='ltr'><strong>residuum</strong></span> <span class='ocrx_word' id='word_1_71' title='bbox 646 880 776 946; x_wconf 83' lang='lat' dir='ltr'><strong>Jollano</strong></span> <span class='ocrx_word' id='word_1_72' title='bbox 790 882 830 946; x_wconf 92' lang='lat' dir='ltr'><strong>de</strong></span> <span class='ocrx_word' id='word_1_73' title='bbox 848 882 1010 959; x_wconf 88' lang='lat' dir='ltr'><strong>Neouilla‚</strong></span> <span class='ocrx_word' id='word_1_74' title='bbox 1027 889 1061 947; x_wconf 91' lang='lat' dir='ltr'><strong>et</strong></span> <span class='ocrx_word' id='word_1_75' title='bbox 1081 892 1230 969; x_wconf 89' lang='lat' dir='ltr'><strong>preterea</strong></span> <span class='ocrx_word' id='word_1_76' title='bbox 1243 882 1323 946; x_wconf 89' lang='lat' dir='ltr'><strong>dicit</strong></span> 
     </span>
     <span class='ocr_line' id='line_1_9' title="bbox 215 985 1323 1072; baseline -0.004 -19"><span class='ocrx_word' id='word_1_77' title='bbox 215 988 256 1053; x_wconf 92' lang='lat' dir='ltr'><strong>de</strong></span> <span class='ocrx_word' id='word_1_78' title='bbox 285 987 413 1052; x_wconf 90' lang='lat' dir='ltr'><strong>residuo</strong></span> <span class='ocrx_word' id='word_1_79' title='bbox 442 985 529 1072; x_wconf 91' lang='lat' dir='ltr'><strong>quod</strong></span> <span class='ocrx_word' id='word_1_80' title='bbox 559 986 724 1070; x_wconf 89' lang='lat' dir='ltr'><strong>predictus</strong></span> <span class='ocrx_word' id='word_1_81' title='bbox 753 985 903 1050; x_wconf 86' lang='lat' dir='ltr'><strong>Jollanus</strong></span> <span class='ocrx_word' id='word_1_82' title='bbox 932 1008 992 1050; x_wconf 90' lang='lat' dir='ltr'><strong>nec</strong></span> <span class='ocrx_word' id='word_1_83' title='bbox 1024 996 1241 1051; x_wconf 81' lang='lat' dir='ltr'><strong>antecessores</strong></span> <span class='ocrx_word' id='word_1_84' title='bbox 1273 985 1323 1050; x_wconf 89' lang='lat' dir='ltr'><strong>sui</strong></span> 
     </span>
     <span class='ocr_line' id='line_1_10' title="bbox 217 1086 1322 1177; baseline -0.002 -22"><span class='ocrx_word' id='word_1_85' title='bbox 217 1113 359 1176; x_wconf 91' lang='lat' dir='ltr'><strong>unquam</strong></span> <span class='ocrx_word' id='word_1_86' title='bbox 386 1092 519 1155; x_wconf 91' lang='lat' dir='ltr'><strong>fuerunt</strong></span> <span class='ocrx_word' id='word_1_87' title='bbox 541 1090 576 1153; x_wconf 93' lang='lat' dir='ltr'><strong>in</strong></span> <span class='ocrx_word' id='word_1_88' title='bbox 598 1090 717 1155; x_wconf 92' lang='lat' dir='ltr'><strong>seisina</strong></span> <span class='ocrx_word' id='word_1_89' title='bbox 738 1090 779 1153; x_wconf 91' lang='lat' dir='ltr'><strong>de</strong></span> <span class='ocrx_word' id='word_1_90' title='bbox 801 1090 1052 1177; x_wconf 86' lang='lat' dir='ltr'><strong>infangenethef</strong></span> <span class='ocrx_word' id='word_1_91' title='bbox 1073 1100 1108 1155; x_wconf 89' lang='lat' dir='ltr'><strong>et</strong></span> <span class='ocrx_word' id='word_1_92' title='bbox 1133 1086 1322 1176; x_wconf 86' lang='lat' dir='ltr'><strong>utfangene-</strong></span> 
     </span>
     <span class='ocr_line' id='line_1_11' title="bbox 217 1192 1323 1280; baseline 0.001 -24"><span class='ocrx_word' id='word_1_93' title='bbox 217 1194 292 1259; x_wconf 92' lang='lat' dir='ltr'><strong>thef</strong></span> <span class='ocrx_word' id='word_1_94' title='bbox 307 1194 415 1280; x_wconf 92' lang='lat' dir='ltr'><strong>aliquo</strong></span> <span class='ocrx_word' id='word_1_95' title='bbox 436 1201 582 1278; x_wconf 88' lang='lat' dir='ltr'><strong>tempore</strong></span> <span class='ocrx_word' id='word_1_96' title='bbox 603 1216 667 1278; x_wconf 92' lang='lat' dir='ltr'><strong>quo</strong></span> <span class='ocrx_word' id='word_1_97' title='bbox 689 1192 760 1256; x_wconf 84' lang='lat' dir='ltr'><strong>Rex</strong></span> <span class='ocrx_word' id='word_1_98' title='bbox 783 1193 945 1257; x_wconf 89' lang='lat' dir='ltr'><strong>Henricus</strong></span> <span class='ocrx_word' id='word_1_99' title='bbox 967 1193 1058 1258; x_wconf 91' lang='lat' dir='ltr'><strong>dedit</strong></span> <span class='ocrx_word' id='word_1_100' title='bbox 1080 1194 1260 1259; x_wconf 88' lang='lat' dir='ltr'><strong>manerium</strong></span> <span class='ocrx_word' id='word_1_101' title='bbox 1283 1193 1323 1258; x_wconf 90' lang='lat' dir='ltr'><strong>de</strong></span> 
     </span>
     <span class='ocr_line' id='line_1_12' title="bbox 217 1292 1323 1382; baseline -0.001 -20"><span class='ocrx_word' id='word_1_102' title='bbox 217 1298 358 1363; x_wconf 88' lang='lat' dir='ltr'><strong>Shornes</strong></span> <span class='ocrx_word' id='word_1_103' title='bbox 372 1292 628 1362; x_wconf 82' lang='lat' dir='ltr'><strong>antecessoribus</strong></span> <span class='ocrx_word' id='word_1_104' title='bbox 642 1296 745 1382; x_wconf 88' lang='lat' dir='ltr'><strong>ipsius</strong></span> <span class='ocrx_word' id='word_1_105' title='bbox 759 1296 882 1360; x_wconf 85' lang='lat' dir='ltr'><strong>Jollani</strong></span> <span class='ocrx_word' id='word_1_106' title='bbox 898 1297 984 1382; x_wconf 91' lang='lat' dir='ltr'><strong>quod</strong></span> <span class='ocrx_word' id='word_1_107' title='bbox 999 1298 1063 1362; x_wconf 90' lang='lat' dir='ltr'><strong>fuit</strong></span> <span class='ocrx_word' id='word_1_108' title='bbox 1083 1298 1263 1363; x_wconf 87' lang='lat' dir='ltr'><strong>membrum</strong></span> <span class='ocrx_word' id='word_1_109' title='bbox 1282 1298 1323 1361; x_wconf 88' lang='lat' dir='ltr'><strong>de</strong></span> 
     </span>
    </p>
   </div>
   <div class='ocr_carea' id='block_1_3' title="bbox 216 1398 1325 2111">
    <p class='ocr_par' dir='ltr' id='par_1_3' title="bbox 216 1398 1325 2111">
     <span class='ocr_line' id='line_1_13' title="bbox 217 1398 1324 1485; baseline -0.001 -20"><span class='ocrx_word' id='word_1_110' title='bbox 217 1401 394 1477; x_wconf 84' lang='lat' dir='ltr'><strong>Shamele‚¹</strong></span> <span class='ocrx_word' id='word_1_111' title='bbox 418 1399 505 1463; x_wconf 88' lang='lat' dir='ltr'><strong>idern</strong></span> <span class='ocrx_word' id='word_1_112' title='bbox 535 1399 605 1463; x_wconf 85' lang='lat' dir='ltr'><strong>Rex</strong></span> <span class='ocrx_word' id='word_1_113' title='bbox 629 1398 720 1463; x_wconf 89' lang='lat' dir='ltr'><strong>dedit</strong></span> <span class='ocrx_word' id='word_1_114' title='bbox 746 1398 952 1463; x_wconf 87' lang='lat' dir='ltr'><strong>hundredum</strong></span> <span class='ocrx_word' id='word_1_115' title='bbox 978 1399 1019 1463; x_wconf 93' lang='lat' dir='ltr'><strong>de</strong></span> <span class='ocrx_word' id='word_1_116' title='bbox 1045 1400 1215 1465; x_wconf 86' lang='lat' dir='ltr'><strong>Schamele</strong></span> <span class='ocrx_word' id='word_1_117' title='bbox 1238 1399 1324 1485; x_wconf 90' lang='lat' dir='ltr'><strong>quod</strong></span> 
     </span>
     <span class='ocr_line' id='line_1_14' title="bbox 216 1502 1324 1591; baseline 0.001 -23"><span class='ocrx_word' id='word_1_118' title='bbox 216 1505 332 1570; x_wconf 85' lang='lat' dir='ltr'><strong>habuit</strong></span> <span class='ocrx_word' id='word_1_119' title='bbox 347 1504 382 1569; x_wconf 92' lang='lat' dir='ltr'><strong>in</strong></span> <span class='ocrx_word' id='word_1_120' title='bbox 397 1526 496 1568; x_wconf 90' lang='lat' dir='ltr'><strong>manu</strong></span> <span class='ocrx_word' id='word_1_121' title='bbox 511 1525 572 1567; x_wconf 93' lang='lat' dir='ltr'><strong>sua</strong></span> <span class='ocrx_word' id='word_1_122' title='bbox 586 1525 661 1567; x_wconf 90' lang='lat' dir='ltr'><strong>curn</strong></span> <span class='ocrx_word' id='word_1_123' title='bbox 676 1502 826 1567; x_wconf 87' lang='lat' dir='ltr'><strong>omnibus</strong></span> <span class='ocrx_word' id='word_1_124' title='bbox 849 1503 1056 1569; x_wconf 87' lang='lat' dir='ltr'><strong>libertatibus</strong></span> <span class='ocrx_word' id='word_1_125' title='bbox 1076 1504 1143 1569; x_wconf 90' lang='lat' dir='ltr'><strong>suis</strong></span> <span class='ocrx_word' id='word_1_126' title='bbox 1167 1505 1324 1591; x_wconf 90' lang='lat' dir='ltr'><strong>Magistro</strong></span> 
     </span>
     <span class='ocr_line' id='line_1_15' title="bbox 217 1605 1325 1695; baseline 0.002 -24"><span class='ocrx_word' id='word_1_127' title='bbox 217 1608 361 1671; x_wconf 79' lang='lat' dir='ltr'><strong>Militum</strong></span> <span class='ocrx_word' id='word_1_128' title='bbox 391 1605 520 1691; x_wconf 86' lang='lat' dir='ltr'><strong>Templi</strong></span> <span class='ocrx_word' id='word_1_129' title='bbox 549 1614 584 1670; x_wconf 91' lang='lat' dir='ltr'><strong>et</strong></span> <span class='ocrx_word' id='word_1_130' title='bbox 614 1605 783 1670; x_wconf 89' lang='lat' dir='ltr'><strong>Fratribus</strong></span> <span class='ocrx_word' id='word_1_131' title='bbox 810 1605 939 1680; x_wconf 90' lang='lat' dir='ltr'><strong>Milicie,</strong></span> <span class='ocrx_word' id='word_1_132' title='bbox 964 1614 998 1670; x_wconf 89' lang='lat' dir='ltr'><strong>et</strong></span> <span class='ocrx_word' id='word_1_133' title='bbox 1020 1606 1069 1671; x_wconf 89' lang='lat' dir='ltr'><strong>ita</strong></span> <span class='ocrx_word' id='word_1_134' title='bbox 1090 1607 1176 1693; x_wconf 90' lang='lat' dir='ltr'><strong>quod</strong></span> <span class='ocrx_word' id='word_1_135' title='bbox 1199 1630 1325 1695; x_wconf 87' lang='lat' dir='ltr'><strong>semper</strong></span> 
     </span>
     <span class='ocr_line' id='line_1_16' title="bbox 217 1710 1323 1797; baseline 0.004 -23"><span class='ocrx_word' id='word_1_136' title='bbox 217 1712 363 1776; x_wconf 85' lang='lat' dir='ltr'><strong>fecerunt</strong></span> <span class='ocrx_word' id='word_1_137' title='bbox 392 1719 505 1797; x_wconf 89' lang='lat' dir='ltr'><strong>postea</strong></span> <span class='ocrx_word' id='word_1_138' title='bbox 534 1710 584 1774; x_wconf 94' lang='lat' dir='ltr'><strong>illi</strong></span> <span class='ocrx_word' id='word_1_139' title='bbox 613 1710 653 1774; x_wconf 87' lang='lat' dir='ltr'><strong>de</strong></span> <span class='ocrx_word' id='word_1_140' title='bbox 684 1710 808 1775; x_wconf 90' lang='lat' dir='ltr'><strong>Shorne</strong></span> <span class='ocrx_word' id='word_1_141' title='bbox 831 1720 953 1775; x_wconf 89' lang='lat' dir='ltr'><strong>sectam</strong></span> <span class='ocrx_word' id='word_1_142' title='bbox 976 1710 1018 1775; x_wconf 88' lang='lat' dir='ltr'><strong>ad</strong></span> <span class='ocrx_word' id='word_1_143' title='bbox 1048 1712 1253 1777; x_wconf 89' lang='lat' dir='ltr'><strong>hundredum</strong></span> <span class='ocrx_word' id='word_1_144' title='bbox 1283 1713 1323 1778; x_wconf 92' lang='lat' dir='ltr'><strong>de</strong></span> 
     </span>
     <span class='ocr_line' id='line_1_17' title="bbox 218 1815 1324 1902; baseline 0 -21"><span class='ocrx_word' id='word_1_145' title='bbox 218 1816 386 1881; x_wconf 87' lang='lat' dir='ltr'><strong>Schamele</strong></span> <span class='ocrx_word' id='word_1_146' title='bbox 401 1816 490 1880; x_wconf 92' lang='lat' dir='ltr'><strong>omni</strong></span> <span class='ocrx_word' id='word_1_147' title='bbox 505 1824 650 1900; x_wconf 88' lang='lat' dir='ltr'><strong>tempore</strong></span> <span class='ocrx_word' id='word_1_148' title='bbox 671 1823 879 1901; x_wconf 83' lang='lat' dir='ltr'><strong>preterquam</strong></span> <span class='ocrx_word' id='word_1_149' title='bbox 899 1815 934 1880; x_wconf 93' lang='lat' dir='ltr'><strong>in</strong></span> <span class='ocrx_word' id='word_1_150' title='bbox 955 1823 1100 1900; x_wconf 86' lang='lat' dir='ltr'><strong>tempore</strong></span> <span class='ocrx_word' id='word_1_151' title='bbox 1121 1839 1185 1902; x_wconf 92' lang='lat' dir='ltr'><strong>quo</strong></span> <span class='ocrx_word' id='word_1_152' title='bbox 1206 1818 1324 1881; x_wconf 92' lang='lat' dir='ltr'><strong>Henri-</strong></span> 
     </span>
     <span class='ocr_line' id='line_1_18' title="bbox 217 1919 1324 2007; baseline 0.002 -23"><span class='ocrx_word' id='word_1_153' title='bbox 217 1942 273 1985; x_wconf 90' lang='lat' dir='ltr'><strong>cus</strong></span> <span class='ocrx_word' id='word_1_154' title='bbox 302 1919 343 1984; x_wconf 92' lang='lat' dir='ltr'><strong>de</strong></span> <span class='ocrx_word' id='word_1_155' title='bbox 373 1919 561 1985; x_wconf 86' lang='lat' dir='ltr'><strong>Oobbeham</strong></span> <span class='ocrx_word' id='word_1_156' title='bbox 591 1919 655 1984; x_wconf 85' lang='lat' dir='ltr'><strong>fuit</strong></span> <span class='ocrx_word' id='word_1_157' title='bbox 685 1928 793 1984; x_wconf 89' lang='lat' dir='ltr'><strong>custos</strong></span> <span class='ocrx_word' id='word_1_158' title='bbox 822 1920 925 2005; x_wconf 90' lang='lat' dir='ltr'><strong>ipsius</strong></span> <span class='ocrx_word' id='word_1_159' title='bbox 958 1920 1121 1985; x_wconf 88' lang='lat' dir='ltr'><strong>hundredi</strong></span> <span class='ocrx_word' id='word_1_160' title='bbox 1158 1944 1217 2007; x_wconf 92' lang='lat' dir='ltr'><strong>per</strong></span> <span class='ocrx_word' id='word_1_161' title='bbox 1252 1944 1324 2007; x_wconf 89' lang='lat' dir='ltr'><strong>pre-</strong></span> 
     </span>
     <span class='ocr_line' id='line_1_19' title="bbox 217 2024 1325 2111; baseline 0.002 -22"><span class='ocrx_word' id='word_1_162' title='bbox 217 2025 342 2090; x_wconf 88' lang='lat' dir='ltr'><strong>dictum</strong></span> <span class='ocrx_word' id='word_1_163' title='bbox 365 2025 558 2111; x_wconf 82' lang='lat' dir='ltr'><strong>Magistrum</strong></span> <span class='ocrx_word' id='word_1_164' title='bbox 581 2034 617 2090; x_wconf 89' lang='lat' dir='ltr'><strong>et</strong></span> <span class='ocrx_word' id='word_1_165' title='bbox 638 2024 805 2089; x_wconf 77' lang='lat' dir='ltr'><strong>senescal’⁹</strong></span> <span class='ocrx_word' id='word_1_166' title='bbox 826 2024 929 2110; x_wconf 90' lang='lat' dir='ltr'><strong>ipsius</strong></span> <span class='ocrx_word' id='word_1_167' title='bbox 953 2024 1083 2101; x_wconf 87' lang='lat' dir='ltr'><strong>Jollani,</strong></span> <span class='ocrx_word' id='word_1_168' title='bbox 1106 2033 1140 2089; x_wconf 92' lang='lat' dir='ltr'><strong>et</strong></span> <span class='ocrx_word' id='word_1_169' title='bbox 1166 2026 1215 2090; x_wconf 88' lang='lat' dir='ltr'><strong>ita</strong></span> <span class='ocrx_word' id='word_1_170' title='bbox 1239 2026 1325 2111; x_wconf 91' lang='lat' dir='ltr'><strong>quod</strong></span> 
     </span>
    </p>
   </div>
   <div class='ocr_carea' id='block_1_4' title="bbox 114 2128 1325 2215">
    <p class='ocr_par' dir='ltr' id='par_1_4' title="bbox 114 2128 1325 2215">
     <span class='ocr_line' id='line_1_20' title="bbox 114 2128 1325 2215; baseline -0.001 -20"><span class='ocrx_word' id='word_1_171' title='bbox 114 2132 117 2136; x_wconf 71' lang='grc'>’</span> <span class='ocrx_word' id='word_1_172' title='bbox 217 2152 344 2215; x_wconf 87' lang='lat' dir='ltr'><strong>semper</strong></span> <span class='ocrx_word' id='word_1_173' title='bbox 364 2129 572 2195; x_wconf 82' lang='lat' dir='ltr'><strong>adduxerunt</strong></span> <span class='ocrx_word' id='word_1_174' title='bbox 593 2130 641 2194; x_wconf 92' lang='lat' dir='ltr'><strong>ibi</strong></span> <span class='ocrx_word' id='word_1_175' title='bbox 663 2130 804 2194; x_wconf 88' lang='lat' dir='ltr'><strong>latrones</strong></span> <span class='ocrx_word' id='word_1_176' title='bbox 826 2137 861 2193; x_wconf 90' lang='lat' dir='ltr'><strong>et</strong></span> <span class='ocrx_word' id='word_1_177' title='bbox 883 2129 931 2193; x_wconf 89' lang='lat' dir='ltr'><strong>ibi</strong></span> <span class='ocrx_word' id='word_1_178' title='bbox 956 2128 1142 2195; x_wconf 89' lang='lat' dir='ltr'><strong>habuerunt</strong></span> <span class='ocrx_word' id='word_1_179' title='bbox 1169 2130 1325 2195; x_wconf 86' lang='lat' dir='ltr'><strong>iudicium</strong></span> 
     </span>
    </p>
   </div>
   <div class='ocr_carea' id='block_1_5' title="bbox 159 2544 1440 2631">
    <p class='ocr_par' dir='ltr' id='par_1_5' title="bbox 159 2544 1440 2631">
     <span class='ocr_line' id='line_1_21' title="bbox 159 2544 1440 2631; baseline -0.002 -21"><span class='ocrx_word' id='word_1_180' title='bbox 159 2606 168 2620; x_wconf 81' lang='grc'>,</span> <span class='ocrx_word' id='word_1_181' title='bbox 285 2544 467 2611; x_wconf 74' lang='lat' dir='ltr'><strong>³Johannes</strong></span> <span class='ocrx_word' id='word_1_182' title='bbox 481 2544 616 2609; x_wconf 84' lang='lat' dir='ltr'><strong>Gubant</strong></span> <span class='ocrx_word' id='word_1_183' title='bbox 630 2545 716 2631; x_wconf 88' lang='lat' dir='ltr'><strong>petit</strong></span> <span class='ocrx_word' id='word_1_184' title='bbox 730 2568 844 2610; x_wconf 88' lang='lat' dir='ltr'><strong>uersus</strong></span> <span class='ocrx_word' id='word_1_185' title='bbox 857 2545 1042 2610; x_wconf 87' lang='lat' dir='ltr'><strong>Johannem</strong></span> <span class='ocrx_word' id='word_1_186' title='bbox 1054 2544 1159 2609; x_wconf 92' lang='lat' dir='ltr'><strong>filium</strong></span> <span class='ocrx_word' id='word_1_187' title='bbox 1169 2544 1325 2608; x_wconf 91' lang='lat' dir='ltr'><strong>Willelmi</strong></span> <span class='ocrx_word' id='word_1_188' title='bbox 1423 2569 1440 2598; x_wconf 67' lang='lat' dir='ltr'><strong>a</strong></span> 
     </span>
    </p>
   </div>
   <div class='ocr_carea' id='block_1_6' title="bbox 98 3490 170 3551">
    <p class='ocr_par' dir='ltr' id='par_1_6' title="bbox 98 3490 170 3551">
     <span class='ocr_line' id='line_1_22' title="bbox 98 3490 170 3551; baseline 0.014 -1"><span class='ocrx_word' id='word_1_189' title='bbox 98 3490 170 3551; x_wconf 79' lang='lat'><strong>823.</strong></span> 
     </span>
    </p>
   </div>
   <div class='ocr_carea' id='block_1_7' title="bbox 217 2232 1325 2508">
    <p class='ocr_par' dir='ltr' id='par_1_7' title="bbox 217 2232 1325 2508">
     <span class='ocr_line' id='line_1_23' title="bbox 217 2232 1325 2318; baseline 0.001 -22"><span class='ocrx_word' id='word_1_190' title='bbox 217 2255 322 2308; x_wconf 90' lang='lat' dir='ltr'><strong>suum,</strong></span> <span class='ocrx_word' id='word_1_191' title='bbox 341 2240 375 2297; x_wconf 89' lang='lat' dir='ltr'><strong>et</strong></span> <span class='ocrx_word' id='word_1_192' title='bbox 395 2233 471 2297; x_wconf 92' lang='lat' dir='ltr'><strong>inde</strong></span> <span class='ocrx_word' id='word_1_193' title='bbox 491 2233 584 2318; x_wconf 91' lang='lat' dir='ltr'><strong>ponit</strong></span> <span class='ocrx_word' id='word_1_194' title='bbox 605 2256 639 2297; x_wconf 93' lang='lat' dir='ltr'><strong>se</strong></span> <span class='ocrx_word' id='word_1_195' title='bbox 659 2254 756 2318; x_wconf 90' lang='lat' dir='ltr'><strong>super</strong></span> <span class='ocrx_word' id='word_1_196' title='bbox 775 2232 924 2317; x_wconf 87' lang='lat' dir='ltr'><strong>patriam.</strong></span> <span class='ocrx_word' id='word_1_197' title='bbox 969 2234 1049 2297; x_wconf 90' lang='lat' dir='ltr'><strong>Dies</strong></span> <span class='ocrx_word' id='word_1_198' title='bbox 1069 2234 1166 2298; x_wconf 89' lang='lat' dir='ltr'><strong>datus</strong></span> <span class='ocrx_word' id='word_1_199' title='bbox 1186 2242 1236 2297; x_wconf 87' lang='lat' dir='ltr'><strong>est</strong></span> <span class='ocrx_word' id='word_1_200' title='bbox 1257 2241 1325 2311; x_wconf 84' lang='lat' dir='ltr'><strong>etc,</strong></span> 
     </span>
     <span class='ocr_line' id='line_1_24' title="bbox 219 2337 1325 2425; baseline 0.001 -23"><span class='ocrx_word' id='word_1_201' title='bbox 219 2346 253 2402; x_wconf 88' lang='lat' dir='ltr'><strong>et</strong></span> <span class='ocrx_word' id='word_1_202' title='bbox 290 2345 369 2402; x_wconf 90' lang='lat' dir='ltr'><strong>tunc</strong></span> <span class='ocrx_word' id='word_1_203' title='bbox 406 2337 525 2403; x_wconf 86' lang='lat' dir='ltr'><strong>habeat</strong></span> <span class='ocrx_word' id='word_1_204' title='bbox 561 2337 728 2402; x_wconf 89' lang='lat' dir='ltr'><strong>Johannes</strong></span> <span class='ocrx_word' id='word_1_205' title='bbox 762 2338 955 2425; x_wconf 88' lang='lat' dir='ltr'><strong>Magistrum</strong></span> <span class='ocrx_word' id='word_1_206' title='bbox 987 2339 1114 2423; x_wconf 90' lang='lat' dir='ltr'><strong>Templi</strong></span> <span class='ocrx_word' id='word_1_207' title='bbox 1145 2346 1325 2403; x_wconf 87' lang='lat' dir='ltr'><strong>warantum</strong></span> 
     </span>
     <span class='ocr_line' id='line_1_25' title="bbox 221 2465 324 2508; baseline 0.019 -2"><span class='ocrx_word' id='word_1_208' title='bbox 221 2465 324 2508; x_wconf 89' lang='lat' dir='ltr'><strong>suum.</strong></span> 
     </span>
    </p>
   </div>
   <div class='ocr_carea' id='block_1_8' title="bbox 219 2648 1327 3459">
    <p class='ocr_par' dir='ltr' id='par_1_8' title="bbox 219 2648 1327 3459">
     <span class='ocr_line' id='line_1_26' title="bbox 221 2648 1325 2733; baseline -0.002 -20"><span class='ocrx_word' id='word_1_209' title='bbox 221 2649 377 2714; x_wconf 91' lang='lat' dir='ltr'><strong>undecem</strong></span> <span class='ocrx_word' id='word_1_210' title='bbox 407 2671 468 2713; x_wconf 91' lang='lat' dir='ltr'><strong>acr.</strong></span> <span class='ocrx_word' id='word_1_211' title='bbox 493 2656 578 2712; x_wconf 89' lang='lat' dir='ltr'><strong>terre</strong></span> <span class='ocrx_word' id='word_1_212' title='bbox 604 2671 678 2712; x_wconf 90' lang='lat' dir='ltr'><strong>curn</strong></span> <span class='ocrx_word' id='word_1_213' title='bbox 705 2656 785 2733; x_wconf 90' lang='lat' dir='ltr'><strong>pert.</strong></span> <span class='ocrx_word' id='word_1_214' title='bbox 812 2648 847 2712; x_wconf 89' lang='lat' dir='ltr'><strong>in</strong></span> <span class='ocrx_word' id='word_1_215' title='bbox 877 2648 1033 2713; x_wconf 90' lang='lat' dir='ltr'><strong>Wainflet</strong></span> <span class='ocrx_word' id='word_1_216' title='bbox 1059 2656 1093 2711; x_wconf 91' lang='lat' dir='ltr'><strong>et</strong></span> <span class='ocrx_word' id='word_1_217' title='bbox 1123 2648 1325 2731; x_wconf 86' lang='lat' dir='ltr'><strong>Freskeneye</strong></span> 
     </span>
     <span class='ocr_line' id='line_1_27' title="bbox 219 2750 1327 2838; baseline 0.001 -24"><span class='ocrx_word' id='word_1_218' title='bbox 219 2760 258 2815; x_wconf 88' lang='lat' dir='ltr'><strong>ut</strong></span> <span class='ocrx_word' id='word_1_219' title='bbox 287 2752 338 2816; x_wconf 91' lang='lat' dir='ltr'><strong>ius</strong></span> <span class='ocrx_word' id='word_1_220' title='bbox 367 2774 473 2827; x_wconf 89' lang='lat' dir='ltr'><strong>suurn,</strong></span> <span class='ocrx_word' id='word_1_221' title='bbox 504 2760 539 2816; x_wconf 88' lang='lat' dir='ltr'><strong>et</strong></span> <span class='ocrx_word' id='word_1_222' title='bbox 568 2752 603 2815; x_wconf 93' lang='lat' dir='ltr'><strong>in</strong></span> <span class='ocrx_word' id='word_1_223' title='bbox 633 2774 713 2836; x_wconf 85' lang='lat' dir='ltr'><strong>quas</strong></span> <span class='ocrx_word' id='word_1_224' title='bbox 741 2774 808 2815; x_wconf 91' lang='lat' dir='ltr'><strong>non</strong></span> <span class='ocrx_word' id='word_1_225' title='bbox 837 2750 938 2816; x_wconf 88' lang='lat' dir='ltr'><strong>habet</strong></span> <span class='ocrx_word' id='word_1_226' title='bbox 966 2752 1146 2838; x_wconf 88' lang='lat' dir='ltr'><strong>ingressum</strong></span> <span class='ocrx_word' id='word_1_227' title='bbox 1177 2751 1239 2816; x_wconf 90' lang='lat' dir='ltr'><strong>nisi</strong></span> <span class='ocrx_word' id='word_1_228' title='bbox 1268 2773 1327 2836; x_wconf 90' lang='lat' dir='ltr'><strong>per</strong></span> 
     </span>
     <span class='ocr_line' id='line_1_28' title="bbox 220 2852 1326 2940; baseline 0 -23"><span class='ocrx_word' id='word_1_229' title='bbox 220 2854 382 2939; x_wconf 90' lang='lat' dir='ltr'><strong>quandam</strong></span> <span class='ocrx_word' id='word_1_230' title='bbox 398 2853 569 2917; x_wconf 91' lang='lat' dir='ltr'><strong>Edelinam</strong></span> <span class='ocrx_word' id='word_1_231' title='bbox 584 2875 647 2939; x_wconf 88' lang='lat' dir='ltr'><strong>que</strong></span> <span class='ocrx_word' id='word_1_232' title='bbox 663 2853 727 2917; x_wconf 88' lang='lat' dir='ltr'><strong>fuit</strong></span> <span class='ocrx_word' id='word_1_233' title='bbox 747 2876 828 2917; x_wconf 85' lang='lat' dir='ltr'><strong>uxor</strong></span> <span class='ocrx_word' id='word_1_234' title='bbox 847 2852 1001 2918; x_wconf 82' lang='lat' dir='ltr'><strong>Oristiani</strong></span> <span class='ocrx_word' id='word_1_235' title='bbox 1023 2853 1063 2918; x_wconf 89' lang='lat' dir='ltr'><strong>de</strong></span> <span class='ocrx_word' id='word_1_236' title='bbox 1084 2854 1247 2931; x_wconf 79' lang='lat' dir='ltr'><strong>wainflet,</strong></span> <span class='ocrx_word' id='word_1_237' title='bbox 1263 2875 1326 2940; x_wconf 90' lang='lat' dir='ltr'><strong>que</strong></span> 
     </span>
     <span class='ocr_line' id='line_1_29' title="bbox 219 2956 1325 3023; baseline -0.001 -2"><span class='ocrx_word' id='word_1_238' title='bbox 219 2968 339 3021; x_wconf 82' lang='lat' dir='ltr'><strong>terram</strong></span> <span class='ocrx_word' id='word_1_239' title='bbox 354 2956 444 3020; x_wconf 89' lang='lat' dir='ltr'><strong>illam</strong></span> <span class='ocrx_word' id='word_1_240' title='bbox 469 2956 578 3021; x_wconf 90' lang='lat' dir='ltr'><strong>tenuit</strong></span> <span class='ocrx_word' id='word_1_241' title='bbox 598 2956 639 3022; x_wconf 90' lang='lat' dir='ltr'><strong>de</strong></span> <span class='ocrx_word' id='word_1_242' title='bbox 659 2957 833 3022; x_wconf 88' lang='lat' dir='ltr'><strong>heredibus</strong></span> <span class='ocrx_word' id='word_1_243' title='bbox 854 2957 1012 3022; x_wconf 90' lang='lat' dir='ltr'><strong>Willelmi</strong></span> <span class='ocrx_word' id='word_1_244' title='bbox 1031 2957 1091 3021; x_wconf 92' lang='lat' dir='ltr'><strong>filii</strong></span> <span class='ocrx_word' id='word_1_245' title='bbox 1112 2957 1266 3023; x_wconf 85' lang='lat' dir='ltr'><strong>Oristiani</strong></span> <span class='ocrx_word' id='word_1_246' title='bbox 1285 2956 1325 3021; x_wconf 93' lang='lat' dir='ltr'><strong>de</strong></span> 
     </span>
     <span class='ocr_line' id='line_1_30' title="bbox 219 3061 1327 3152; baseline 0 -27"><span class='ocrx_word' id='word_1_247' title='bbox 219 3061 312 3152; x_wconf 87' lang='lat' dir='ltr'><strong>cuius</strong></span> <span class='ocrx_word' id='word_1_248' title='bbox 326 3062 409 3126; x_wconf 92' lang='lat' dir='ltr'><strong>dono</strong></span> <span class='ocrx_word' id='word_1_249' title='bbox 424 3062 510 3127; x_wconf 89' lang='lat' dir='ltr'><strong>idern</strong></span> <span class='ocrx_word' id='word_1_250' title='bbox 526 3063 549 3127; x_wconf 90' lang='lat' dir='ltr'><strong>J</strong></span> <span class='ocrx_word' id='word_1_251' title='bbox 550 3062 692 3127; x_wconf 85' lang='lat' dir='ltr'><strong>ohannes</strong></span> <span class='ocrx_word' id='word_1_252' title='bbox 713 3063 847 3127; x_wconf 82' lang='lat' dir='ltr'><strong>Gubant</strong></span> <span class='ocrx_word' id='word_1_253' title='bbox 868 3062 977 3125; x_wconf 91' lang='lat' dir='ltr'><strong>tenuit</strong></span> <span class='ocrx_word' id='word_1_254' title='bbox 1000 3062 1082 3125; x_wconf 91' lang='lat' dir='ltr'><strong>duas</strong></span> <span class='ocrx_word' id='word_1_255' title='bbox 1099 3070 1208 3146; x_wconf 87' lang='lat' dir='ltr'><strong>partes</strong></span> <span class='ocrx_word' id='word_1_256' title='bbox 1225 3062 1327 3147; x_wconf 92' lang='lat' dir='ltr'><strong>ipsius</strong></span> 
     </span>
     <span class='ocr_line' id='line_1_31' title="bbox 220 3166 1326 3252; baseline -0.001 -22"><span class='ocrx_word' id='word_1_257' title='bbox 220 3166 412 3231; x_wconf 87' lang='lat' dir='ltr'><strong>hereditatis</strong></span> <span class='ocrx_word' id='word_1_258' title='bbox 434 3176 469 3231; x_wconf 88' lang='lat' dir='ltr'><strong>et</strong></span> <span class='ocrx_word' id='word_1_259' title='bbox 491 3168 664 3232; x_wconf 87' lang='lat' dir='ltr'><strong>seruicium</strong></span> <span class='ocrx_word' id='word_1_260' title='bbox 687 3166 906 3252; x_wconf 89' lang='lat' dir='ltr'><strong>predictarum</strong></span> <span class='ocrx_word' id='word_1_261' title='bbox 933 3166 973 3251; x_wconf 88' lang='lat' dir='ltr'><strong>xj.</strong></span> <span class='ocrx_word' id='word_1_262' title='bbox 999 3189 1059 3231; x_wconf 85' lang='lat' dir='ltr'><strong>aer.</strong></span> <span class='ocrx_word' id='word_1_263' title='bbox 1086 3174 1180 3243; x_wconf 88' lang='lat' dir='ltr'><strong>terre,</strong></span> <span class='ocrx_word' id='word_1_264' title='bbox 1207 3174 1326 3251; x_wconf 89' lang='lat' dir='ltr'><strong>etque</strong></span> 
     </span>
     <span class='ocr_line' id='line_1_32' title="bbox 219 3270 1326 3355; baseline -0.002 -20"><span class='ocrx_word' id='word_1_265' title='bbox 219 3271 325 3336; x_wconf 91' lang='lat' dir='ltr'><strong>eidem</strong></span> <span class='ocrx_word' id='word_1_266' title='bbox 347 3271 491 3336; x_wconf 82' lang='lat' dir='ltr'><strong>Johanni</strong></span> <span class='ocrx_word' id='word_1_267' title='bbox 513 3271 648 3336; x_wconf 82' lang='lat' dir='ltr'><strong>Gubant</strong></span> <span class='ocrx_word' id='word_1_268' title='bbox 669 3272 792 3336; x_wconf 88' lang='lat' dir='ltr'><strong>reuerti</strong></span> <span class='ocrx_word' id='word_1_269' title='bbox 812 3270 970 3335; x_wconf 91' lang='lat' dir='ltr'><strong>deberent</strong></span> <span class='ocrx_word' id='word_1_270' title='bbox 992 3277 1066 3355; x_wconf 88' lang='lat' dir='ltr'><strong>post</strong></span> <span class='ocrx_word' id='word_1_271' title='bbox 1088 3278 1225 3333; x_wconf 90' lang='lat' dir='ltr'><strong>mortem</strong></span> <span class='ocrx_word' id='word_1_272' title='bbox 1254 3291 1326 3353; x_wconf 89' lang='lat' dir='ltr'><strong>pre-</strong></span> 
     </span>
     <span class='ocr_line' id='line_1_33' title="bbox 220 3372 940 3459; baseline 0.001 -21"><span class='ocrx_word' id='word_1_273' title='bbox 220 3374 307 3438; x_wconf 84' lang='lat' dir='ltr'><strong>dicte</strong></span> <span class='ocrx_word' id='word_1_274' title='bbox 323 3374 458 3438; x_wconf 89' lang='lat' dir='ltr'><strong>Edeline</strong></span> <span class='ocrx_word' id='word_1_275' title='bbox 474 3374 601 3439; x_wconf 88' lang='lat' dir='ltr'><strong>racione</strong></span> <span class='ocrx_word' id='word_1_276' title='bbox 616 3374 756 3459; x_wconf 92' lang='lat' dir='ltr'><strong>predicti</strong></span> <span class='ocrx_word' id='word_1_277' title='bbox 771 3374 848 3438; x_wconf 94' lang='lat' dir='ltr'><strong>doni</strong></span> <span class='ocrx_word' id='word_1_278' title='bbox 863 3372 940 3439; x_wconf 79' lang='lat' dir='ltr'><strong>ete⁴</strong></span> 
     </span>
    </p>
   </div>
   <div class='ocr_carea' id='block_1_9' title="bbox 285 3477 1429 3562">
    <p class='ocr_par' dir='ltr' id='par_1_9' title="bbox 285 3477 1429 3562">
     <span class='ocr_line' id='line_1_34' title="bbox 285 3477 1429 3562; baseline -0.002 -20"><span class='ocrx_word' id='word_1_279' title='bbox 285 3478 465 3543; x_wconf 72' lang='lat' dir='ltr'><strong>lRobertus</strong></span> <span class='ocrx_word' id='word_1_280' title='bbox 484 3478 525 3543; x_wconf 90' lang='grc'><strong>(16</strong></span> <span class='ocrx_word' id='word_1_281' title='bbox 549 3480 725 3545; x_wconf 86' lang='lat' dir='ltr'><strong>Grenduna</strong></span> <span class='ocrx_word' id='word_1_282' title='bbox 746 3480 964 3544; x_wconf 90' lang='lat' dir='ltr'><strong>summonitus</strong></span> <span class='ocrx_word' id='word_1_283' title='bbox 986 3478 1049 3543; x_wconf 91' lang='lat' dir='ltr'><strong>fuit</strong></span> <span class='ocrx_word' id='word_1_284' title='bbox 1071 3477 1113 3542; x_wconf 88' lang='lat' dir='ltr'><strong>ad</strong></span> <span class='ocrx_word' id='word_1_285' title='bbox 1134 3477 1328 3562; x_wconf 89' lang='lat' dir='ltr'><strong>responden·</strong></span> <span class='ocrx_word' id='word_1_286' title='bbox 1416 3510 1429 3539; x_wconf 77' lang='grc' dir='ltr'><strong>ο</strong></span> 
     </span>
    </p>
   </div>
   <div class='ocr_carea' id='block_1_10' title="bbox 222 3580 1329 3668">
    <p class='ocr_par' dir='ltr' id='par_1_10' title="bbox 222 3580 1329 3668">
     <span class='ocr_line' id='line_1_35' title="bbox 222 3580 1329 3668; baseline 0 -23"><span class='ocrx_word' id='word_1_287' title='bbox 222 3581 301 3646; x_wconf 90' lang='lat' dir='ltr'><strong>dum</strong></span> <span class='ocrx_word' id='word_1_288' title='bbox 324 3581 448 3646; x_wconf 89' lang='lat' dir='ltr'><strong>Abbati</strong></span> <span class='ocrx_word' id='word_1_289' title='bbox 470 3582 511 3647; x_wconf 93' lang='grc'><strong>(16</strong></span> <span class='ocrx_word' id='word_1_290' title='bbox 535 3582 646 3647; x_wconf 73' lang='lat' dir='ltr'><strong>Osen’⁴⁵</strong></span> <span class='ocrx_word' id='word_1_291' title='bbox 667 3606 767 3668; x_wconf 90' lang='lat' dir='ltr'><strong>quare</strong></span> <span class='ocrx_word' id='word_1_292' title='bbox 790 3583 957 3648; x_wconf 84' lang='lat' dir='ltr'><strong>distrinxit</strong></span> <span class='ocrx_word' id='word_1_293' title='bbox 978 3605 1054 3647; x_wconf 90' lang='lat' dir='ltr'><strong>eum</strong></span> <span class='ocrx_word' id='word_1_294' title='bbox 1077 3580 1119 3646; x_wconf 87' lang='lat' dir='ltr'><strong>ad</strong></span> <span class='ocrx_word' id='word_1_295' title='bbox 1141 3580 1274 3646; x_wconf 81' lang='lat' dir='ltr'><strong>faciend’</strong></span> <span class='ocrx_word' id='word_1_296' title='bbox 1298 3581 1329 3645; x_wconf 90' lang='lat' dir='ltr'><strong>ei</strong></span> 
     </span>
    </p>
   </div>
   <div class='ocr_carea' id='block_1_11' title="bbox 225 3750 1330 4075">
    <p class='ocr_par' dir='ltr' id='par_1_11' title="bbox 255 3750 1330 3999">
     <span class='ocr_line' id='line_1_36' title="bbox 255 3750 1330 3815; baseline 0.002 -15"><span class='ocrx_word' id='word_1_297' title='bbox 255 3751 265 3783; x_wconf 92' lang='lat'>¹</span> <span class='ocrx_word' id='word_1_298' title='bbox 283 3750 383 3814; x_wconf 78' lang='lat' dir='ltr'><strong>Supply</strong></span> <span class='ocrx_word' id='word_1_299' title='bbox 393 3758 425 3812; x_wconf 79' lang='lat' dir='ltr'><strong>et,</strong></span> <span class='ocrx_word' id='word_1_300' title='bbox 439 3753 469 3801; x_wconf 65' lang='lat' dir='ltr'>L</span> <span class='ocrx_word' id='word_1_301' title='bbox 803 3755 876 3815; x_wconf 81' lang='lat' dir='ltr'><strong>steps</strong></span> <span class='ocrx_word' id='word_1_302' title='bbox 897 3755 926 3801; x_wconf 83' lang='lat' dir='ltr'><strong>at</strong></span> <span class='ocrx_word' id='word_1_303' title='bbox 945 3751 999 3800; x_wconf 89' lang='lat' dir='ltr'><strong>this</strong></span> <span class='ocrx_word' id='word_1_304' title='bbox 1018 3750 1101 3813; x_wconf 85' lang='lat' dir='ltr'><strong>point.</strong></span> <span class='ocrx_word' id='word_1_305' title='bbox 1135 3750 1190 3801; x_wconf 79' lang='lat' dir='ltr'><strong>The</strong></span> <span class='ocrx_word' id='word_1_306' title='bbox 1208 3750 1330 3802; x_wconf 86' lang='lat' dir='ltr'><strong>collector</strong></span> 
     </span>
     <span class='ocr_line' id='line_1_37' title="bbox 255 3815 1329 3879; baseline 0 -14"><span class='ocrx_word' id='word_1_307' title='bbox 255 3816 578 3879; x_wconf 64' lang='lat' dir='ltr'><strong>’Probablyreuereallrm</strong></span> <span class='ocrx_word' id='word_1_308' title='bbox 802 3817 900 3879; x_wconf 82' lang='lat' dir='ltr'><strong>merely</strong></span> <span class='ocrx_word' id='word_1_309' title='bbox 910 3816 1012 3867; x_wconf 83' lang='lat' dir='ltr'><strong>wanted</strong></span> <span class='ocrx_word' id='word_1_310' title='bbox 1024 3816 1068 3867; x_wconf 90' lang='lat' dir='ltr'><strong>the</strong></span> <span class='ocrx_word' id='word_1_311' title='bbox 1079 3815 1144 3875; x_wconf 83' lang='lat' dir='ltr'><strong>writ,</strong></span> <span class='ocrx_word' id='word_1_312' title='bbox 1153 3831 1187 3866; x_wconf 86' lang='lat' dir='ltr'><strong>au</strong></span> <span class='ocrx_word' id='word_1_313' title='bbox 1200 3816 1329 3867; x_wconf 86' lang='lat' dir='ltr'><strong>elaborate</strong></span> 
     </span>
     <span class='ocr_line' id='line_1_38' title="bbox 256 3880 1187 3945; baseline 0.002 -16"><span class='ocrx_word' id='word_1_314' title='bbox 256 3881 267 3913; x_wconf 80' lang='lat'>²</span> <span class='ocrx_word' id='word_1_315' title='bbox 282 3882 313 3929; x_wconf 62' lang='lat' dir='ltr'><strong>M</strong></span> <span class='ocrx_word' id='word_1_316' title='bbox 325 3896 360 3929; x_wconf 90' lang='lat' dir='ltr'><strong>m.</strong></span> <span class='ocrx_word' id='word_1_317' title='bbox 372 3882 413 3933; x_wconf 76' lang='lat' dir='ltr'><strong>at.</strong></span> <span class='ocrx_word' id='word_1_318' title='bbox 802 3882 921 3945; x_wconf 85' lang='lat' dir='ltr'><strong>example</strong></span> <span class='ocrx_word' id='word_1_319' title='bbox 931 3882 959 3930; x_wconf 92' lang='lat' dir='ltr'><strong>ol</strong></span> <span class='ocrx_word' id='word_1_320' title='bbox 970 3896 986 3931; x_wconf 83' lang='lat' dir='ltr'><strong>a</strong></span> <span class='ocrx_word' id='word_1_321' title='bbox 997 3882 1055 3932; x_wconf 78' lang='lat' dir='ltr'><strong>urit</strong></span> <span class='ocrx_word' id='word_1_322' title='bbox 1066 3880 1095 3931; x_wconf 88' lang='lat' dir='ltr'><strong>of</strong></span> <span class='ocrx_word' id='word_1_323' title='bbox 1103 3886 1187 3944; x_wconf 83' lang='lat' dir='ltr'><strong>entry.</strong></span> 
     </span>
     <span class='ocr_line' id='line_1_39' title="bbox 256 3946 993 3999; baseline -0.001 -2"><span class='ocrx_word' id='word_1_324' title='bbox 256 3946 513 3997; x_wconf 72' lang='lat' dir='ltr'><strong>‘SeeBr.f.323.</strong></span> <span class='ocrx_word' id='word_1_325' title='bbox 547 3946 753 3999; x_wconf 80' lang='lat' dir='ltr'><strong>InAthereis</strong></span> <span class='ocrx_word' id='word_1_326' title='bbox 835 3947 993 3997; x_wconf 74' lang='lat' dir='ltr'><strong>⁶A.nr.29.</strong></span> 
     </span>
    </p>

    <p class='ocr_par' dir='ltr' id='par_1_12' title="bbox 225 4010 1074 4075">
     <span class='ocr_line' id='line_1_40' title="bbox 225 4010 1074 4075; baseline 0.001 -16"><span class='ocrx_word' id='word_1_327' title='bbox 225 4026 295 4060; x_wconf 88' lang='lat' dir='ltr'><strong>more</strong></span> <span class='ocrx_word' id='word_1_328' title='bbox 313 4012 341 4059; x_wconf 91' lang='lat' dir='ltr'><strong>ol</strong></span> <span class='ocrx_word' id='word_1_329' title='bbox 357 4010 411 4061; x_wconf 87' lang='lat' dir='ltr'><strong>this</strong></span> <span class='ocrx_word' id='word_1_330' title='bbox 427 4026 486 4061; x_wconf 83' lang='lat' dir='ltr'><strong>case</strong></span> <span class='ocrx_word' id='word_1_331' title='bbox 501 4012 548 4061; x_wconf 89' lang='lat' dir='ltr'><strong>but</strong></span> <span class='ocrx_word' id='word_1_332' title='bbox 561 4013 607 4061; x_wconf 90' lang='lat' dir='ltr'><strong>the</strong></span> <span class='ocrx_word' id='word_1_333' title='bbox 625 4012 753 4075; x_wconf 79' lang='lat' dir='ltr'><strong>‘sooring&#39;</strong></span> <span class='ocrx_word' id='word_1_334' title='bbox 835 4011 1074 4075; x_wconf 75' lang='lat' dir='ltr'><strong>⁶0suey.01lord.</strong></span> 
     </span>
    </p>
   </div>
   <div class='ocr_carea' id='block_1_12' title="bbox 0 0 1688 4872">
    <p class='ocr_par' dir='ltr' id='par_1_13' title="bbox 0 0 1688 4872">
     <span class='ocr_line' id='line_1_41' title="bbox 0 0 1688 4872; baseline 0 0"><span class='ocrx_word' id='word_1_335' title='bbox 0 0 1688 4872; x_wconf 95' lang='lat' dir='ltr'><strong> </strong></span> 
     </span>
    </p>
   </div>
   <div class='ocr_carea' id='block_1_13' title="bbox 0 5116 422 5217">
    <p class='ocr_par' dir='ltr' id='par_1_14' title="bbox 0 5116 422 5217">
     <span class='ocr_line' id='line_1_42' title="bbox 0 5116 422 5217; baseline 0 0"><span class='ocrx_word' id='word_1_336' title='bbox 0 5116 422 5217; x_wconf 95' lang='lat' dir='ltr'><strong> </strong></span> 
     </span>
    </p>
   </div>
  </div>
 </body>
</html>
