3342 5217
436 422 565 473 merra
588 422 661 473 666
683 419 831 483 6161661,
855 420 922 470 an.
948 408 1041 483 1219,
1064 420 1128 470 sn.
1152 408 1180 470 3.
1318 407 1357 467 21

251 588 383 677 quiade
399 597 468 654 tam
489 589 663 677 longinquo
683 596 828 673 tempore
850 586 913 651 fuit
935 585 1081 672 predicta
1099 584 1234 649 ecclesia
1252 584 1363 649 seisita

250 694 292 758 de
308 701 394 758 terra
408 693 466 759 illa
480 702 514 757 et
529 693 615 779 quod
630 692 708 757 fecit
723 692 854 757 domino
869 692 935 755 tale
955 691 1128 756 6616161661
1143 700 1197 756 616.
1212 689 1362 754 nesciunt

250 799 409 863 iuratores
431 798 612 863 discerncre
634 797 662 867 si
684 797 728 861 sit
750 796 869 861 laicum
895 795 1024 860 feodum
1046 794 1183 881 predicti
1205 792 1361 858 Willelmi

250 924 294 965 an
316 902 418 967 libera
440 900 615 967 elemosina
636 901 804 987 pertinens
829 899 872 964 ad
895 899 1062 965 ecelesiam
1086 897 1272 984 predictam.
1316 897 1362 960 Et

250 1004 325 1071 ideo
355 1005 641 1071 considerauernnt
671 1003 840 1070 iusticiarii
869 1003 1061 1068 itinerantes
1089 1003 1176 1088 quod
1205 1002 1362 1066 iuratores

252 1110 439 1174 recederent
453 1110 523 1174 6166
541 1108 593 1173 dio
614 1117 648 1173 et
668 1108 754 1193 quod
774 1117 884 1193 partes
903 1117 1010 1173 essent
1032 1108 1120 1193 apud
1142 1108 1361 1171 Westmonas·

253 1212 373 1277 terium
388 1212 430 1277 ad
444 1212 644 1277 audiendum
658 1211 705 1277 ibi
720 1212 795 1277 inde
810 1212 968 1277 iudicium
982 1236 1087 1279 suum.
1131 1212 1230 1277 Misso
1250 1220 1361 1275 autem

253 1319 314 1383 hoc
329 1318 457 1383 recordo
471 1318 559 1405 apud
571 1318 898 1383 westmonasterium
912 1318 973 1382 sub
988 1317 1103 1403 sigillis
1112 1316 1361 1381 iusticiariomm

252 1422 478 1488 itinerantium
504 1444 563 1507 per
587 1430 777 1508 preceptum
803 1422 927 1486 domini
952 1423 1038 1509 regis
1066 1422 1101 1486 in
1130 1429 1190 1485 oct.
1219 1420 1250 1485 S.
1274 1419 1361 1485 Trin.

254 1526 458 1613 presentibus
472 1525 619 1611 partibus
639 1525 716 1612 quia
735 1525 893 1589 iuratores
912 1525 1026 1591 dicunt
1045 1526 1130 1612 quod
1151 1524 1285 1589 ecclesia
1303 1547 1363 1610 per

255 1638 324 1693 tam
338 1650 493 1714 magnum
508 1635 638 1713 tempus
653 1627 763 1692 saisita
774 1628 838 1691 fuit
848 1628 890 1692 de
906 1636 992 1692 terra
1003 1628 1059 1692 illa
1070 1637 1105 1691 ct
1116 1628 1264 1692 nesciunt
1276 1627 1303 1691 61
1317 1628 1360 1691 611

255 1730 357 1795 libera
381 1730 554 1793 elemosina
576 1751 635 1815 per
658 1730 830 1793 seruicium
857 1730 1039 1815 predictum
1066 1729 1152 1815 quod
1177 1730 1360 1807 faciteam

255 1832 387 1919 quidem
401 1833 509 1917 plures
523 1840 608 1897 terre
623 1832 699 1897 date
714 1833 780 1897 sint
794 1832 829 1897 in
845 1834 1053 1897 elemosinam
1068 1833 1209 1897 ecclesiis
1223 1855 1361 1918 quarum

256 1935 395 2022 quedam
409 1936 484 2001 date
505 1936 636 2001 suntin
657 1936 790 2002 liberam
811 1960 926 2022 puram
947 1946 982 2001 et
1001 1947 1193 2023 perpetuam
1215 1938 1360 2002 elemosi-

256 2062 340 2115 nam,
368 2039 423 2103 ille
452 2039 575 2104 scilicet
603 2062 666 2125 que
696 2040 823 2104 nullum
859 2040 983 2105 faciunt
1017 2040 1198 2118 seruicium,
1227 2041 1290 2105 6116
1326 2040 1361 2105 in

256 2142 388 2208 liberam
400 2142 607 2207 elemosinam
619 2152 758 2221 tantum,
769 2144 892 2208 scilicet
902 2143 958 2209 ille
972 2166 1036 2228 que
1051 2144 1174 2207 faciunt
1189 2144 1361 2209 seruicium

255 2246 341 2332 quod
369 2246 412 2311 ad
440 2254 560 2311 terram
596 2247 686 2311 illam
722 2248 875 2332 pertinet,
905 2248 1152 2314 Consideratum
1189 2258 1240 2313 est
1275 2250 1362 2336 quod

256 2348 411 2415 Priorissa
433 2350 638 2435 recuperauit
660 2350 811 2415 saisinam
834 2361 982 2415 suamet
1005 2352 1189 2417 Willelmus
1210 2353 1245 2417 in
1266 2353 1362 2417 mise-

255 2452 390 2518 ricordia
403 2474 469 2517 non
489 2454 640 2519 obstante
660 2453 796 2518 seruicio
818 2454 905 2540 quod
926 2462 1013 2519 terra
1033 2455 1091 2520 illa
1111 2455 1210 2520 debet
1232 2463 1271 2521 ut
1290 2477 1362 2542 pre-

256 2554 380 2619 dictum
395 2554 468 2621 est¹.

193 2714 201 2729 .
320 2658 485 2723 Walterus
510 2658 550 2723 de
576 2658 692 2745 Percy'
716 2660 802 2745 petit
831 2682 945 2723 uersus
973 2660 1167 2746 Magistrum
1197 2660 1364 2746 hospitalis
1465 2684 1482 2715 r·

257 2760 370 2827 Sancti
395 2762 554 2827 Leonardi
579 2762 620 2826 de
651 2763 793 2828 Eboraco
818 2763 843 2849 j.
870 2772 1052 2828 carucatam
1082 2772 1166 2828 terre
1192 2787 1266 2828 cum
1292 2786 1363 2849 per-

257 2864 407 2929 tinenciis
421 2865 456 2929 in
471 2865 621 2929 Martona
634 2872 674 2928 ut
688 2864 740 2929 ius
754 2887 851 2928 suum
866 2872 927 2929 etc.
942 2873 976 2929 et
996 2872 1035 2929 ut
1054 2866 1126 2929 illas
1145 2864 1232 2929 unde
1252 2866 1375 2951 Agnes

258 2968 297 3033 de
317 2968 581 3033 1166166161111161
596 2977 701 3033 mater
719 2990 779 3033 sua
796 2969 860 3033 fuit
879 2969 990 3033 saisita
1008 2979 1047 3033 ut
1067 2969 1107 3033 de
1129 2970 1221 3033 feodo
1241 2976 1276 3033 et
1293 2968 1363 3033 iure

258 3080 402 3158 tempore
416 3071 516 3158 Regis
531 3072 553 3137 J
555 3070 690 3135 ohannis
705 3071 861 3156 capiendo
875 3072 951 3135 inde
966 3080 1026 3137 etc.
1042 3079 1076 3135 et
1095 3071 1136 3135 dc
1156 3071 1213 3136 illa
1226 3070 1313 3135 unde
1328 3071 1364 3134 in

258 3198 354 3261 qnam
376 3174 464 3239 idem
487 3174 644 3261 Magister
662 3196 727 3238 non
747 3173 864 3239 habuit
883 3174 1064 3260 ingressum
1083 3174 1146 3237 nisi
1164 3196 1222 3259 per
1240 3174 1362 3238 161166-

258 3300 331 3343 6616
356 3278 386 3343 16
412 3277 536 3355 Birkin‚
558 3277 721 3362 quondam
747 3278 855 3342 uirum
877 3278 979 3363 ipsius
1000 3278 1140 3363 Agnetis
1161 3277 1214 3342 cui
1236 3276 1307 3362 ipsa
1327 3278 1362 3343 16

258 3382 327 3446 6116
340 3404 400 3447 sua
414 3382 631 3447 contradicere
645 3404 709 3446 non
725 3381 833 3467 potuit
854 3389 888 3445 et
908 3381 983 3446 inde
1003 3381 1152 3467 producit
1166 3390 1288 3446 sectam
1302 3390 1361 3446 etc

256 3492 290 3549 et
304 3485 331 3549 si
346 3484 407 3549 hoc
421 3506 486 3549 non
501 3484 620 3549 sufficit
635 3484 728 3549 offert
743 3507 862 3571 ponere
877 3506 911 3549 se
926 3506 1023 3570 super
1036 3484 1184 3549 iuratam.

318 3588 365 3652 Et
390 3588 548 3674 Magister
573 3588 666 3653 uenit
690 3598 724 3653 et
749 3588 896 3654 defendit
921 3589 972 3653 ius
998 3612 1093 3653 suum
1117 3598 1151 3653 et
1174 3589 1253 3653 dicit
1276 3587 1363 3673 quod

256 3691 334 3757 alias
355 3692 453 3778 petiit
472 3692 581 3757 uisum
601 3692 641 3757 de
662 3701 748 3759 terra
767 3694 824 3760 illa
844 3702 878 3758 et
897 3694 1042 3759 nondum
1064 3693 1180 3759 habuit
1200 3693 1308 3758 uisum
1328 3702 1363 3757 et

287 3908 296 3940 ¹
314 3908 369 3961 The
380 3908 534 3959 distinction
546 3908 657 3960 between
669 3924 685 3961 a
696 3910 745 3973 gin
755 3914 784 3961 in
834 3910 891 3961 11611
906 3911 934 3961 16
949 3910 1018 3961 their
1028 3910 1168 3961 Yorkshira
1182 3925 1241 3972 cyra
1252 3910 1282 3958 A.
1291 3908 1322 3960 Β.
1336 3911 1360 3958 3.

256 3975 360 4023 literam
370 3982 395 4025 et
405 3982 551 4038 perpetuam
561 3978 718 4026 elemosinam
730 3976 783 4026 and
834 3976 861 4025 11
871 3976 894 4025 16
905 3992 922 4026 6
932 3976 1042 4026 difflant
1057 3976 1176 4037 question
1187 3975 1303 4024 whether
1318 3973 1362 4023 the

256 4039 330 4101 agiit
340 4041 370 4089 in
382 4041 487 4089 literam
493 4055 588 4103 puram
599 4048 624 4090 et
636 4048 783 4105 perpetuam
833 4040 892 4090 heir
902 4042 930 4092 ol
943 4040 1063 4090 husband
1079 4040 1133 4090 and
1143 4040 1202 4090 wile
1217 4054 1267 4089 666
1283 4039 1361 4089 616161

256 4106 421 4163 elemosinam,
438 4104 461 4154 16
477 4104 557 4155 taken
575 4105 608 4169 by
623 4105 745 4165 Bracton‚
761 4106 779 4155 1.
833 4106 876 4155 his
886 4106 1011 4155 mother’s
1021 4104 1083 4155 land
1091 4105 1193 4165 against
1204 4104 1247 4153 1116
1255 4104 1361 4154 lather’s

257 4168 321 4219 111.
834 4171 975 4228 1661161661,
987 4170 1028 4219 lor
1038 4170 1092 4219 1116
1106 4171 1240 4219 1661161661
1253 4169 1287 4218 he
1300 4184 1361 4231 may

289 4233 382 4283 'Writ
400 4234 428 4283 61
448 4236 523 4297 entry
541 4237 644 4285 1166111
666 4238 696 4285 in
717 4237 783 4285 6116.
834 4236 945 4285 1166616
961 4240 1083 4285 warram.
1117 4236 1182 4285 Gase
1198 4236 1230 4284 60
1245 4234 1362 4297 displays

258 4297 414 4348 1116666616
430 4303 459 4347 to
475 4299 507 4347 be
523 4298 567 4349 the
581 4314 639 4349 6666
653 4299 783 4349 discussas
835 4300 889 4349 11116
900 4301 986 4350 661166
998 4304 1026 4350 61
1036 4314 1053 4349 s
1064 4300 1221 4363 subsequcnt
1232 4302 1311 4361 stage.

258 4363 287 4411 in
298 4363 341 4412 Br.
358 4363 377 4412 l.
393 4366 442 4412 322
460 4378 489 4413 66
502 4363 598 4427 having
612 4380 685 4415 66166
700 4366 785 4414 before
869 4366 880 4398 ³
896 4365 1070 4414 Pleuronilla?

259 4428 302 4478 1116
321 4427 421 4491 Bishop
443 4429 471 4477 61
484 4428 601 4480 Durham
623 4429 676 4480 and
700 4430 785 4480 Patea-
