3342 5217
491 456 716 520 inermen
741 443 834 518 1227,
856 457 921 508 aa
943 446 994 509 11.
1229 447 1293 511 203

185 639 245 696 etc
290 629 344 696 De
365 627 503 696 Richero
522 628 691 694 descendit
709 628 762 694 ins
781 636 867 693 terre
886 627 975 694 illins
991 627 1068 694 Ade
1083 629 1151 694 filio
1173 651 1242 708 sno,
1259 639 1295 696 et

184 735 225 802 de
247 735 320 822 ipso
337 735 412 800 Ada
433 735 505 800 Ade
527 735 595 799 filio
616 734 693 799 ειιοι
713 734 801 820 patri
821 733 925 820 ipsius
944 733 1084 811 Ricardi,
1104 743 1139 800 et
1160 734 1202 800 de
1223 735 1294 822 ipsc

183 839 267 914 Ada
281 839 345 925 ipsi
359 838 498 904 Ricardo
513 849 552 905 ut
566 839 635 904 filio
648 861 707 904 sno
722 846 756 902 et
771 837 885 903 heredi
899 846 934 903 et
949 839 1044 904 offert
1058 847 1120 904 etc

249 941 294 1006 Et
308 942 425 1008 Petrus
439 944 532 1009 uenit
546 952 582 1010 et
595 943 741 1010 defendit
756 942 807 1006 ius
821 965 918 1007 suum
934 964 1022 1006 nnnc
1036 951 1071 1006 et
1085 943 1166 1008 alias
1185 944 1295 1008 ubist

183 1045 314 1131 quando
335 1046 508 1114 defendere
530 1047 673 1125 debebit,
688 1055 724 1112 et
743 1045 823 1111 dicit
838 1046 925 1132 qnod
944 1069 1010 1111 non
1024 1046 1123 1112 debet
1137 1047 1179 1112 ad
1193 1048 1293 1113 breue

183 1151 386 1236 respondere,
402 1152 479 1238 quia
494 1152 681 1218 continetur
700 1151 735 1215 in
754 1149 849 1214 breui
869 1148 955 1234 quod
977 1148 1082 1214 diuise
1103 1151 1189 1215 iuste
1211 1151 1294 1216 fiant

183 1251 270 1318 sicut
292 1275 361 1318 esse
383 1254 504 1320 debent
526 1264 563 1320 ct
582 1255 696 1332 solent,
712 1253 799 1318 unde
821 1251 910 1317 idem
932 1251 1049 1317 Petrus
1070 1255 1173 1318 trahit
1194 1253 1237 1318 ad
1258 1275 1294 1318 se

183 1359 258 1443 plus
273 1366 344 1436 etc,
358 1366 393 1422 et
406 1357 494 1424 idem
509 1359 626 1423 Petrns
640 1357 739 1423 nichil
755 1357 859 1422 trahit
872 1357 914 1422 ed
929 1381 972 1435 se,
984 1366 1019 1422 et
1032 1358 1132 1424 nichil
1147 1359 1294 1437 attraxit,

184 1483 244 1526 nec
259 1459 384 1547 aliquid
399 1462 499 1526 habet
513 1461 577 1526 nisi
591 1469 711 1526 terram
726 1461 813 1527 unde
828 1468 923 1547 pater
936 1484 1014 1527 suus
1028 1471 1064 1528 et
1077 1471 1294 1528 antecessores

184 1564 236 1629 sui
250 1564 403 1629 obierunt
416 1564 520 1629 seisiti
533 1565 574 1630 de
596 1575 690 1652 patre
709 1565 744 1630 in
764 1565 870 1630 filium
889 1588 912 1630 a
931 1565 1036 1652 primo
1058 1576 1236 1652 conquestu
1259 1575 1294 1632 et

185 1669 373 1734 feffamento
394 1678 631 1735 antecessorum
653 1693 785 1735 suorum
807 1679 844 1736 et
863 1671 964 1736 sicut¹
982 1671 1084 1736 breue
1104 1671 1185 1736 dicit
1206 1671 1293 1757 qnod

184 1771 256 1857 ipse
284 1772 387 1840 trahit
415 1793 480 1836 non
506 1772 565 1836 wlt
591 1772 634 1838 ad
663 1773 723 1838 hoc
751 1773 852 1838 breue
882 1772 1082 1858 respondere,
1112 1773 1175 1839 nisi
1203 1775 1294 1840 curia

184 1872 445 1950 considerancrit,
467 1865 503 1940 et
530 1874 559 1938 si
587 1873 677 1940 curia
705 1875 958 1940 considerauerit
986 1876 1073 1961 qnod
1101 1878 1293 1963 respondere

184 1978 305 2043 debeat
318 1978 363 2043 ad
376 1979 442 2044 tale
456 1978 565 2058 breue,
580 1979 670 2045 aliud
684 1979 780 2045 dicet.

251 2081 297 2147 Et
315 2081 472 2147 Ricardns
492 2081 678 2168 dicitquod
700 2104 765 2146 non
784 2081 885 2147 debet
905 2082 937 2147 ei
958 2105 1072 2148 nocere
1094 2084 1181 2169 quod
1201 2093 1292 2150 ante-

185 2207 325 2252 cessores
344 2186 398 2250 sui
418 2185 581 2272 quendam
603 2193 729 2271 partem
751 2193 961 2251 attraxerunt
979 2195 1014 2250 et
1035 2186 1105 2272 ipse
1130 2187 1293 2273 quandam

185 2299 313 2376 partem
341 2311 401 2374 per
429 2296 652 2353 transturnum
677 2288 845 2353 cuiusdam
867 2311 959 2375 aque,
982 2297 1018 2354 et
1039 2290 1126 2376 petit
1145 2289 1252 2355 inde
1242 2314 1292 2355 ιιι-
1306 2292 1395 2333 ΝΜ
1400 2293 1457 2332 '¹⁰⁰⁰

185 2393 316 2470 dicium,
336 2401 372 2458 et
392 2392 473 2458 dicit
494 2392 581 2479 quod
609 2393 708 2458 breue
731 2400 781 2458 est
802 2392 998 2458 racionabile
1019 2393 1197 2458 secundum
1218 2417 1293 2460 con·
1305 2396 1441 2472 domm?

185 2495 395 2562 suetudinem
410 2495 511 2582 regni
1305 2405 1449 2622 ffiiiiii

251 2599 299 2664 Et
318 2599 395 2686 quia
417 2599 510 2665 nulla
532 2607 620 2665 terra
644 2599 828 2686 specificata
854 2608 905 2664 est
928 2599 964 2664 in
988 2600 1082 2665 breui
1103 2623 1164 2666 nec
1185 2573 1426 2720 ροιεειτωωῇο
1370 2573 1451 2658 edd·

183 2703 260 2770 sciri
283 2711 443 2789 quantum
467 2711 552 2768 terre
574 2702 661 2767 idem
684 2702 843 2768 Ricardns
864 2703 984 2768 clamat
1005 2704 1068 2768 nisi
1089 2704 1183 2770 fieret
1204 2729 1294 2773 ursus
1305 2712 1445 2762 θάψω

184 2831 283 2894 super
297 2808 434 2873 eandem
448 2815 578 2884 terram,
593 2805 842 2872 Consideratum
859 2807 1010 2892 estquod
1029 2808 1122 2873 nulla
1139 2809 1199 2874 fiat
1217 2770 1360 2876 indam

183 2910 471 3000 perambulacio'
438 2933 503 2976 mer
492 2911 577 2976 'tPe
563 2919 633 2976 trus
647 2909 730 2975 uelit
749 2910 914 2986 assentire,
928 2919 980 2975 set
998 2911 1041 2976 ad
1062 2922 1188 2977 certum
1206 2914 1294 2980 diem

185 3016 324 3081 ueniant
347 3014 390 3080 ad
418 3013 555 3078 eandem
585 3021 704 3077 terram
734 3012 792 3076 nbi
820 3012 1000 3078 uicecomes
1028 3014 1127 3078 faciet
1154 3015 1294 3082 assidere

184 3119 366 3185 nisinetum
393 3117 448 3183 nel
471 3115 731 3202 wappentacium
760 3125 795 3182 et
824 3139 932 3182 coram
954 3118 1004 3184 eis
1027 3119 1181 3184 ostendat
1206 3121 1294 3187 idem

184 3221 345 3288 Ricardns
366 3242 464 3307 quam
484 3227 607 3285 terram
628 3229 662 3285 et
686 3229 848 3307 quantum
869 3231 955 3287 terre
978 3229 1073 3308 petat
1094 3231 1129 3288 et
1152 3237 1294 3311 apponat

184 3333 293 3390 metas
314 3331 351 3388 et
371 3321 497 3388 bundas
519 3345 603 3400 suns,
618 3331 655 3388 et
675 3323 762 3410 quod
790 3323 879 3389 idem
902 3323 1020 3389 Petrus
1041 3347 1148 3390 coram
1170 3327 1294 3393 eisdem

184 3427 301 3492 eodem
312 3425 369 3490 die
384 3425 536 3491 ostendat
548 3447 607 3511 per
620 3449 701 3513 quas
715 3435 820 3491 metas
835 3435 870 3491 et
884 3449 965 3512 quas
984 3427 1111 3493 bundas
1129 3437 1217 3496 terra
1234 3453 1295 3497 sua

183 3531 296 3608 fuerit,
321 3540 357 3595 et
381 3530 410 3596 si
435 3552 498 3616 que
525 3538 612 3594 terra
635 3531 735 3595 inerit
763 3531 852 3595 intra
879 3530 953 3596 illas
981 3540 1087 3596 metas
1111 3533 1187 3598 hinc
1215 3535 1292 3601 inde

185 3635 363 3722 appositas
376 3633 464 3699 idem
479 3633 637 3700 Ricardns
651 3635 741 3700 iilam
762 3644 857 3722 petat
876 3635 990 3701 eodem
1012 3637 1108 3702 modo
1128 3638 1215 3704 sicut
1236 3661 1295 3724 per

184 3741 286 3806 breue
315 3739 356 3804 dc
385 3747 482 3816 recto,
511 3747 547 3804 et
575 3739 693 3805 Petrus
721 3739 878 3805 defendat
904 3763 940 3806 se
968 3751 1028 3806 aut
1055 3765 1114 3828 per
1141 3765 1292 3830 magnam

184 3845 319 3912 assiam
333 3852 393 3908 aut
406 3865 466 3929 per
479 3843 625 3909 duellum
641 3854 752 3910 utrum
767 3845 921 3910 maluerit
934 3853 971 3910 et
988 3853 1109 3911 extunc
1128 3845 1164 3912 in
1186 3849 1294 3914 omnic

184 3950 245 4016 fiat
259 3947 441 4036 processns'
456 3947 542 4013 sicut
556 3970 616 4033 per
635 3947 735 4013 breue
758 3948 798 4013 de
818 3958 915 4027 recto,
930 3948 980 4014 ita
998 3949 1085 4035 quod
1107 3950 1220 4016 eodem
1240 3951 1293 4018 dic

183 4063 244 4119 ant
259 4061 360 4140 ponat
374 4073 409 4116 se
424 4073 522 4137 super
536 4073 688 4136 magnam
702 4051 844 4128 assisam,
859 4060 919 4117 aut
932 4051 1047 4117 uadiet
1059 4052 1214 4132 duellum,
1228 4077 1294 4120 non

184 4165 376 4244 exspectato
390 4155 453 4220 alio
469 4154 550 4220 uisu.

51 4259 133 4322 250.
250 4261 387 4326 ‘Jurata
405 4259 499 4324 uenit
513 4259 718 4346 recognitum
731 4259 773 4326 de
788 4281 944 4326 consensu
959 4260 1105 4346 parcium
1120 4285 1179 4350 per
1192 4273 1293 4331 testes
1329 4289 1431 4338 anum

218 4419 525 4472 ¹Bomiteoneddam.
797 4419 1169 4518 ’ettmfiatpmmuaB

217 4485 477 4542 ’Gomdesicutst
797 4484 903 4534 ⁴..Bm
915 4484 970 4539 id
