3342 5217
381 335 447 401 ees
612 325 847 406 mmmm,
869 342 936 393 sn.
954 308 1255 404 nolanae.

259 520 332 585 905.
436 511 623 586 '‘Henrious
659 517 747 583 filius
783 510 942 581 Willelmi
977 514 1064 601 petit
1085 508 1214 581 'uersus
1246 508 1409 582 ¹llbbatem
1447 515 1487 583 de

264 617 327 659 Μ
381 621 556 690 Fontibus¹
570 644 668 709 quem
683 620 809 686 Alanus
823 619 864 683 de
881 618 1038 705 Kyrkeby
1051 612 1185 685 uocanit
1200 619 1243 686 ad
1257 629 1440 686 warantum
1454 630 1489 688 et

379 728 438 815 qui
452 727 483 793 ei
497 723 720 791 warentizauit
734 730 802 787 tres
815 743 918 785 oamo.
934 728 1019 785 terre
1035 744 1109 786 oum
1124 730 1205 808 pert.
1221 722 1257 787 in
1277 723 1437 811 Kyrkeby
1451 733 1490 790 nt

380 828 432 897 ius
446 853 551 907 sunm,
561 829 649 895 unde
662 823 847 893 willelmus
861 832 955 912 pater
969 847 1047 890 suns
1061 826 1126 893 luit
1140 824 1270 893 seisitus
1284 835 1324 893 ut
1337 829 1378 894 de
1394 828 1489 894 feodo

380 942 416 998 et
433 934 504 997 iure
523 930 613 997 etin
632 928 794 995 dominico
813 926 960 1013 tempore
982 927 1083 1017 Regis
1104 927 1236 995 Ricardi
1257 938 1316 997 ete
1331 930 1491 1017 capiendo

380 1038 457 1103 inde
472 1035 816 1122 expletaadualorem
831 1056 859 1103 v.
875 1034 930 1099 sol
946 1041 1007 1099 eto
1361 1028 1363 1035 ’
1603 1028 1604 1049 ’

447 1142 491 1207 Et
505 1142 617 1207 Abbas
630 1139 724 1205 uenit
738 1147 773 1204 et
787 1138 868 1204 dioit
883 1136 969 1225 quod
984 1158 1048 1202 non
1063 1136 1196 1203 uidetur
1212 1138 1245 1204 ei
1264 1138 1351 1226 quod
1370 1139 1491 1206 debeat
1532 1176 1537 1187 ·

380 1244 517 1311 alinde
545 1241 737 1330 respondere
766 1240 845 1328 qnia
872 1236 978 1305 idem'
999 1240 1162 1305 Henrious
1197 1263 1263 1305 non
1300 1242 1365 1307 fnit
1402 1238 1490 1309 filius

382 1346 539 1413 Willelmi
567 1346 668 1412 immo
697 1345 761 1410 fuit
796 1344 884 1409 filius
921 1343 1053 1409 Radulli
1090 1344 1310 1411 Mausleuerer
1344 1354 1381 1411 et
1418 1346 1492 1413 ideo

382 1451 542 1516 deulfus
561 1457 602 1514 ut
623 1457 718 1535 pater
739 1470 818 1513 snus
841 1470 916 1513 eum
939 1447 1080 1513 nutriuit
1100 1455 1139 1513 ut
1159 1448 1263 1513 filium
1283 1471 1381 1515 suum
1399 1450 1490 1517 etde

379 1554 521 1641 quadam
538 1552 641 1617 Elena
654 1559 759 1616 matre
774 1573 835 1616 sua
848 1559 883 1616 et
896 1549 971 1616 ideo
985 1573 1050 1615 non
1070 1552 1145 1617 uult
1164 1552 1196 1617 ei
1214 1553 1409 1639 respondere
1430 1555 1492 1621 nisi

378 1658 471 1723 ouria
493 1655 746 1723 considerauerit
771 1662 807 1721 et
832 1656 861 1720 si
886 1654 984 1719 sciret
1008 1655 1094 1741 quod
1119 1663 1206 1721 esset
1231 1656 1318 1721 filius
1342 1657 1489 1725 eiusdem

381 1760 538 1826 Willelmi
553 1758 751 1825 sufficienter
770 1758 955 1823 ostenderet
976 1758 1062 1845 quod
1082 1760 1209 1824 nullum
1229 1759 1280 1824 ius
1300 1758 1440 1826 haberet
1457 1761 1492 1825 in

381 1874 469 1931 terra
483 1864 545 1930 illa

447 1969 491 2034 Et
506 1967 668 2033 Henrious
681 1965 762 2032 dicit
777 1965 864 2053 quod
886 1965 950 2030 fuit
965 1964 1052 2031 lilius
1066 1965 1223 2032 Willelmi
1238 1976 1272 2033 et
1286 1966 1327 2033 de
1347 1964 1488 2055 quadam

381 2071 542 2138 Matillide
561 2093 661 2136 uxore
681 2068 752 2134 eius
773 2077 809 2134 et
829 2068 890 2133 hoo
912 2076 1045 2155 paratus
1067 2076 1117 2133 est
1137 2070 1272 2156 probare
1292 2071 1380 2137 sicut
1401 2072 1491 2139 ouria

380 2173 631 2240 considerarent
645 2180 706 2237 eto.

445 2274 644 2340 'Willelmus
680 2273 796 2340 (lomes
832 2272 921 2338 Sm‘⁴
955 2272 1042 2358 petit
1074 2295 1187 2338 uersus
1215 2274 1419 2341 Willelmum
1447 2276 1487 2341 de

379 2377 576 2445 Shorewella
603 2376 690 2464 quod
718 2376 834 2441 reddat
863 2376 894 2441 ei
919 2376 1120 2443 Willelmum
1145 2378 1253 2443 filium
1277 2386 1312 2445 et
1333 2379 1486 2446 heredem

378 2482 515 2548 Jordani
549 2482 591 2547 de
627 2482 661 2547 S.
683 2482 833 2547 Martino
870 2482 964 2547 ouius
992 2480 1139 2547 custodia
1167 2484 1209 2549 ad
1238 2504 1313 2549 eum
1343 2484 1485 2571 pertinet

377 2586 506 2652 racione
520 2586 703 2651 tenementi
717 2586 804 2673 quod
818 2585 984 2672 predictus
999 2586 1023 2651 J
1023 2585 1162 2652 ordanus
1181 2588 1222 2653 de
1243 2586 1281 2654 eo
1300 2590 1412 2655 tenuit
1429 2612 1485 2677 per

376 2689 551 2754 semioium
566 2689 707 2753 militare
721 2697 761 2754 ut
775 2686 876 2755 dioit.¹

443 2793 487 2858 Et
501 2792 677 2858 Abbatiss'a
690 2793 732 2858 de
743 2792 890 2858 Wiltona
903 2792 990 2879 petit
1004 2814 1117 2859 uersus
1132 2793 1271 2860 eundem
1283 2795 1482 2863 Willelmum

376 2896 516 2961 effidem
550 2895 745 2961 custodiam
767 2916 805 2959 eo
829 2894 930 2982 ⁴qnod
957 2894 1121 2960 Jordanus
1150 2896 1260 2962 tenuit
1288 2898 1334 2981 de·
1358 2920 1402 2967 ea
1428 2922 1484 2987 per

376 2998 550 3065 seruitium
579 2996 719 3063 militare
748 3005 809 3063 eto.
835 2997 923 3063 unde
953 2997 1067 3063 eodem
1093 2997 1270 3065 Abbatissa
1294 2998 1374 3067 dicit
1401 3002 1483 3090 quod

376 3101 486 3167 tenuit
512 3101 554 3167 de
578 3124 619 3166 ea
642 3100 773 3167 feodum
798 3100 824 3187 j
847 3100 972 3179 militis,
995 3100 1099 3167 unde'
1127 3110 1309 3169 antecessor
1336 3105 1481 3172 eiusdem

375 3206 512 3275 ¹Jordani
526 3205 590 3269 fuit
604 3205 743 3280 fossatus
760 3214 893 3271 eentum
914 3206 1008 3271 annis
1028 3207 1200 3273 transactis
1220 3217 1255 3274 et
1276 3232 1315 3275 eo
1336 3212 1480 3299 amplius

272 3332 275 3339 ·
323 3333 326 3344 ·
376 3310 421 3375 Et
434 3308 475 3375 de
492 3309 654 3375 Willelmo
669 3309 762 3375 uenit
777 3310 971 3376 Godeiridns
985 3312 1072 3378 filius
1091 3335 1178 3388 suus,
1192 3322 1228 3379 et
1248 3314 1289 3380 do
1311 3317 1480 3385 Godeffido

375 3414 559 3479 Willelmus
581 3435 663 3477 auus
684 3412 829 3491 Jordani,
851 3421 886 3479 et
908 3414 954 3479 sio
975 3414 1016 3479 de
1038 3415 1106 3481 filio
1126 3416 1162 3481 in
1182 3417 1288 3483 filium
1313 3441 1418 3505 nsque
1442 3418 1480 3485 ad
1603 3420 1604 3425 ’

374 3518 475 3583 istum
504 3515 714 3614 Willelmum,
742 3517 792 3582 ita
820 3516 907 3604 quod
942 3518 1059 3585 Comes
1087 3542 1146 3585 neo
1181 3522 1405 3589 antecessores
1430 3522 1479 3589 sui

375 3619 559 3707 nunquam⁶
579 3619 758 3684 custodiam
785 3620 970 3687 habuerunt
999 3610 1059 3687 neo
1081 3622 1199 3689 habere
1224 3624 1382 3692 deberent
1406 3626 1479 3715 quia

374 3724 551 3789 Abbatissa
564 3723 709 3788 Wiltone
730 3723 834 3809 primo
856 3725 992 3791 leofauit
1013 3734 1246 3793 antecessorem
1267 3728 1425 3795 Willelmi
1445 3736 1477 3793 et
1603 3772 1604 3789 .

375 3829 435 3895 hac
449 3826 575 3893 racione
589 3826 676 3913 petit
689 3826 761 3913 ipsa
774 3828 961 3895 custodiam.

439 3934 484 3997 Et
499 3930 614 3998 (lomes
628 3931 708 3997 dicit
719 3933 805 4019 quod
815 3932 857 3998 ad
868 3942 1081 4021 conquestum
1092 3935 1211 4024 Anglie
1223 3886 1286 4003 fuit
1297 3937 1475 4004 Willelmus

407 4162 416 4193 ¹
433 4162 464 4211 A.
476 4177 512 4210 m.
525 4163 572 4221 14;
587 4161 619 4211 B.
630 4177 665 4211 m.
678 4165 702 4215 9.
952 4166 1016 4216 Earl
1028 4167 1057 4216 ol
1066 4166 1207 4231 sontum.

406 4226 580 4301 {Fonntains
591 4227 686 4290 Abbay.
982 4230 1109 4296 ³Supply
1122 4234 1267 4295 willelma,
1279 4235 1310 4295 Δ,
1322 4235 1353 4285 Β.

406 4292 417 4323 ³
433 4293 464 4340 A.
476 4306 512 4340 m.
526 4292 556 4343 15
565 4292 594 4351 d;
610 4292 641 4341 B.
653 4307 689 4343 m.
702 4294 742 4343 10.
983 4296 994 4329 ⁶
1011 4312 1128 4361 unquam.
1140 4298 1171 4356 A,
1182 4298 1214 4349 B.

406 4358 416 4390 ⁴
434 4357 499 4414 Sor’,
511 4356 533 4405 l
540 4373 547 4418 ;
567 4357 642 4415 φατ’,
654 4356 685 4407 Β.
698 4359 844 4423 fleemingly
856 4359 899 4411 the
1012 4374 1017 4381 ·
