3342 5217
375 385 439 450 384
681 400 821 461 armni,
843 400 908 450 sn.
932 388 1025 462 1231,
1047 402 1109 451 aa
1135 388 1184 452 15.

210 586 330 673 rums
372 593 432 636 nec
447 569 564 658 aliquis
579 577 817 637 antecessorum
832 593 964 636 suorum
978 571 1043 637 suit
1056 572 1187 638 scisitus
1199 571 1365 637 decadem
1379 571 1479 637 eduo-
1607 644 1609 647 ,

210 639 324 680 not,

208 680 361 769 ffifflgt‘
373 674 501 739 cacione
521 675 570 739 ite
589 673 674 760 quod
696 675 738 738 ad
760 676 917 760 capellam
939 676 1029 741 illam
1051 685 1276 763 presentarunt
1297 684 1332 742 et
1353 677 1480 742 desicut

209 775 344 860 ”stffiffl
372 779 457 864 petit
473 777 718 844 aduocacionem
734 779 822 844 illius
837 780 960 866 capelle
975 780 1016 845 de
1030 780 1149 846 seisina
1170 779 1307 867 predicti
1329 779 1480 866 Hugonis

208 832 360 1002 {iih'g‘idi‘
373 882 490 969 dequo
503 883 604 949 nichil
615 884 783 950 descendit
793 884 836 951 ad
846 885 955 972 ipsum
966 908 1026 950 nec
1038 885 1080 950 ad
1090 893 1307 951 antecessores
1320 907 1394 950 suos
1407 884 1480 948 iure

209 962 360 1095 pgifflw
373 987 567 1052 hereditario
582 1011 641 1054 nec
657 987 850 1053 descendere
864 987 974 1074 potuit
988 988 1052 1054 nisi
1065 989 1106 1055 de
1121 988 1212 1053 dono.
1299 1050 1302 1056 .
1370 1003 1374 1007 ’

209 1101 338 1143 camma
439 1091 483 1156 Et
497 1092 614 1156 Petrus
629 1114 694 1156 non
709 1093 818 1178 potuit
838 1092 898 1156 hoc
918 1091 1064 1157 dedicere
1085 1099 1119 1157 et
1138 1091 1212 1156 ideo
1232 1089 1481 1158 consideratum

373 1202 423 1260 est
438 1195 525 1282 quod
539 1195 693 1261 Priorissa
707 1195 784 1261 inde
799 1195 868 1262 sine
884 1195 936 1260 die
952 1204 987 1260 et
1001 1195 1118 1260 Petrus
1131 1195 1167 1260 in
1181 1195 1407 1262 misericordia

251 1303 323 1366 489.
439 1297 601 1363 Robertus
616 1299 646 1363 le
662 1298 801 1384 (hrrteys
816 1299 857 1363 de
872 1297 1040 1364 Londonie
1059 1297 1206 1384 queritur
1225 1298 1312 1384 quod
1333 1298 1481 1386 Rogems

234 1401 328 1442 ΜΝ
373 1398 404 1464 le
419 1400 493 1464 Duc
508 1399 612 1464 Maior
627 1399 792 1464 Londonie
808 1409 843 1464 et
860 1399 1018 1465 Ricardus
1038 1399 1125 1465 filius
1139 1400 1277 1466 Walteri
1296 1409 1330 1466 et
1349 1400 1424 1465 Ada
1437 1400 1480 1466 de

373 1503 502 1567 Auners
517 1511 679 1568 uenerunt
693 1502 746 1567 die
763 1502 900 1568 Sabbati
916 1501 1064 1587 proxima
1077 1511 1150 1588 post
1165 1504 1284 1568 festum
1301 1503 1332 1569 S.
1348 1502 1482 1568 Hillarii

374 1606 417 1671 ed
439 1605 572 1670 domum
597 1627 690 1670 suam
715 1613 750 1670 et
773 1613 988 1692 preceperunt
1011 1604 1097 1692 quod
1121 1605 1367 1671 Bartholomeus
1391 1604 1481 1670 filius

374 1731 452 1774 suus
473 1709 602 1774 ueniret
621 1708 664 1773 ed
685 1708 819 1773 domum
841 1708 973 1773 Maioris
993 1716 1027 1772 et
1046 1709 1231 1774 ostenderet
1245 1707 1366 1774 ibidem
1380 1729 1481 1793 quem

373 1812 555 1899 ingressum
584 1810 671 1876 idem
701 1811 865 1876 Robertus
890 1811 1025 1875 haberet
1050 1809 1085 1874 in
1111 1811 1250 1898 quodam
1276 1811 1412 1875 introitu
1437 1811 1483 1876 ad

374 1916 506 1981 domum
521 1938 614 1980 suam
629 1915 664 1979 in
678 1915 847 1980 Londonie
860 1917 974 2003 etipse
990 1916 1236 1980 Bartholomeus
1250 1915 1371 1980 ibidem
1386 1913 1483 1979 uenit

374 2019 416 2084 ad
430 2027 620 2104 preceptum
640 2018 782 2104 ipsorum
802 2027 838 2084 et
860 2019 907 2085 eis
928 2019 1094 2104 respondit
1115 2019 1203 2105 quod
1223 2017 1329 2082 noluit
1349 2039 1482 2103 respon-

374 2121 451 2186 dere
466 2144 525 2186 nec
540 2120 655 2186 debuit
670 2120 710 2186 de
726 2121 826 2186 libero
840 2130 1029 2186 tenemento
1047 2143 1106 2186 suo
1125 2121 1194 2185 sine
1214 2127 1366 2207 precepto
1384 2119 1481 2184 Doni

374 2225 475 2314 Regis
490 2233 549 2290 ete.
566 2234 600 2289 et
615 2225 678 2311 ipsi
692 2247 789 2312 super
803 2225 863 2289 hoc
883 2225 1111 2290 nichilominus
1132 2247 1191 2310 per
1211 2223 1281 2288 uim
1303 2232 1338 2288 et
1359 2222 1483 2287 iniuste

375 2331 521 2396 fecerunt
537 2329 642 2395 eidem
657 2330 730 2395 Ade
745 2331 863 2395 habere
878 2330 1049 2395 introitum
1069 2331 1104 2395 in
1125 2329 1286 2416 quoddam
1308 2326 1485 2393 solarium¹

375 2433 433 2498 ubi
447 2432 536 2519 prius
551 2432 722 2497 introitum
737 2433 856 2497 habere
871 2455 936 2497 non
950 2433 1119 2498 consueuit
1130 2433 1193 2497 nisi
1204 2454 1262 2518 per
1272 2431 1353 2496 duos
1363 2430 1482 2496 solidos

375 2558 455 2622 quos
483 2534 560 2600 inde
589 2534 763 2620 aliquando
794 2536 952 2621 persoluit
980 2544 1016 2601 et
1044 2536 1131 2622 quod
1159 2534 1303 2600 hostium
1332 2533 1410 2600 fecit
1437 2534 1483 2599 ad

374 2641 526 2706 solarium
541 2662 636 2704 suum
652 2640 710 2704 ubi
724 2641 867 2705 hostium
882 2641 1002 2706 habere
1016 2663 1082 2705 non
1096 2640 1218 2705 debuit

440 2745 484 2809 Et
499 2743 603 2808 Maior
617 2751 652 2809 et
666 2744 722 2808 alii
737 2744 828 2809 salua
842 2744 994 2808 libertate
1014 2742 1159 2808 ciuitatis
1179 2741 1344 2807 Londonie
1365 2741 1482 2807 dicunt

374 2847 462 2934 quod
487 2869 601 2912 reuera
625 2847 790 2933 predictus
815 2847 891 2912 Ada
915 2847 1032 2912 habuit
1056 2846 1228 2912 introitum
1253 2847 1289 2911 in
1317 2847 1481 2933 quoddam

373 2951 526 3018 solarium
548 2973 644 3015 suum
666 2951 701 3015 in
723 2949 890 3016 Londonie
911 2951 952 3016 xi
976 2950 1070 3015 annis
1091 2951 1208 3036 elapsis
1227 2957 1262 3014 et
1281 2972 1320 3015 eo
1339 2951 1483 3037 amplius

373 3062 551 3141 antequam
580 3053 667 3118 idem
698 3053 860 3118 Robertus
888 3053 1014 3138 aliquid
1042 3053 1177 3117 haberet
1202 3075 1302 3139 prope
1327 3054 1481 3119 solarium

373 3158 455 3223 illud
470 3168 593 3224 etcum
608 3158 695 3222 idem
711 3157 785 3222 Ada
799 3157 901 3222 uellet
915 3156 1043 3244 ingredi
1062 3156 1214 3221 solarium
1229 3179 1324 3220 suum
1338 3157 1484 3242 prohibi·

374 3261 891 3347 tusfuitabipsoRobertoeta
910 3260 977 3350 suis
996 3259 1146 3346 quicum
1168 3258 1266 3323 armis
1287 3258 1484 3324 resistebant

374 3364 461 3450 quod
481 3363 611 3451 ingredi
632 3386 697 3427 non
719 3363 829 3449 potuit
851 3361 938 3427 unde
957 3362 1045 3426 idem
1061 3361 1136 3426 Ada
1149 3368 1284 3447 questus
1298 3361 1361 3426 fuit
1376 3363 1484 3447 primo

374 3464 456 3531 uic'⁸
470 3474 504 3532 et
522 3474 634 3552 postea
654 3465 768 3530 maiori
788 3464 953 3530 Londonie
975 3473 1010 3530 et
1031 3465 1095 3550 ipsi
1116 3465 1313 3529 summoneri
1334 3466 1484 3532 fecerunt

373 3569 556 3657 predictum
571 3570 752 3635 Robertum
766 3570 854 3655 quod
867 3571 997 3634 ueniret
1010 3570 1053 3634 ad
1067 3568 1200 3633 domum
1214 3569 1344 3634 maioris
1357 3579 1394 3634 et
1403 3568 1483 3636 inde

373 3676 581 3762 responderet
595 3675 714 3762 etipse
733 3674 824 3739 misit
843 3673 966 3738 ibidem
986 3673 1251 3739 Bartholomeum
1265 3673 1368 3738 filium
1383 3697 1482 3740 suum

374 3779 431 3866 qui
446 3778 529 3844 dixit
544 3778 630 3864 quod
642 3779 682 3843 de
693 3778 794 3842 libero
809 3785 997 3842 tenemento
1012 3798 1070 3840 suo
1084 3776 1276 3862 respondere
1290 3776 1397 3842 noluit
1410 3779 1482 3845 sine

374 3883 526 3970 precepto
541 3882 634 3946 Dom.
651 3880 760 3968 Regis,
770 3888 804 3945 et
815 3879 894 3966 quia
907 3878 995 3944 idem
1009 3878 1117 3943 Adam
1132 3901 1190 3965 per
1204 3886 1334 3944 tantum
1349 3889 1483 3966 tempus

375 3986 439 4051 fuit
453 3985 488 4050 in
501 3985 620 4051 seisine
634 3985 675 4050 de
690 3983 834 4071 predicto
852 3983 990 4049 introitu
1011 3982 1206 4069 requisitus⁴
1220 3984 1285 4048 fuit
1304 3983 1347 4048 ab
1366 3985 1483 4050 eodem

407 4163 418 4197 ²
435 4163 470 4214 ao
480 4162 525 4212 Br.
539 4165 559 4213 f.
577 4163 633 4215 376.
670 4161 726 4213 The
741 4161 903 4213 demandant
953 4160 1019 4211 than
1030 4158 1186 4223 bydesoent.
1215 4160 1263 4211 sic
1273 4160 1319 4211 oo.
1327 4160 1383 4211 nic
1394 4163 1446 4215 293
1457 4179 1484 4216 a.

374 4233 447 4278 must
457 4228 558 4278 declara
568 4242 602 4278 on
614 4228 657 4278 his
669 4243 726 4278 own
738 4227 818 4277 seisin
829 4242 860 4277 or
867 4241 903 4277 on
985 4227 996 4258 ²
1011 4225 1053 4275 An
1064 4240 1146 4288 upper
1157 4225 1288 4276 chamber.

375 4294 420 4344 the
431 4293 510 4344 seisin
521 4295 551 4344 of
565 4308 637 4342 some
653 4296 780 4354 ancestor,
793 4292 826 4342 he
842 4307 901 4341 can-
984 4290 996 4323 ⁸
1011 4292 1154 4340 vicecomiti
1165 4292 1402 4343 crumentum

375 4362 423 4409 not
436 4359 536 4410 declaro
551 4372 586 4408 on
600 4358 646 4408 the
657 4357 736 4408 sciria
748 4359 777 4408 of
791 4357 902 4408 adonor
984 4355 996 4387 ⁴
1013 4355 1086 4406 Oorr.
1097 4358 1254 4418 requisituri.

375 4439 405 4474 or
417 4437 515 4486 convey
526 4423 583 4474 title
601 4429 628 4472 to
644 4423 751 4472 himself
766 4419 902 4472 otherwise
