3342 5217
387 393 451 454 228
560 389 698 474 [Hilury
720 387 786 453 aud
806 387 932 466 Ecstor,
954 404 1019 452 au.
1045 392 1140 465 1228,
1161 406 1225 455 nn
1248 390 1314 472 la]

386 577 491 640 truxit
520 583 555 640 et
583 573 760 661 prostrauit
789 573 936 638 boscum¹
966 572 1025 638 ubi
1054 574 1141 639 idem
1172 575 1264 640 Prior
1291 598 1357 640 non
1381 583 1492 661 potest

387 679 504 744 habere
519 678 718 766 pannagium
732 700 828 742 suurn
844 678 929 742 sicut
944 665 1063 743 habere
1078 680 1167 744 solet

451 782 497 846 Et
521 781 683 846 Robertus
706 780 799 844 uenit
821 788 856 843 et
878 779 959 844 dicit
980 781 1068 866 quod
1089 781 1189 845 habet
1213 782 1335 846 bonum
1359 781 1493 846 boscum

387 896 421 951 et
447 887 600 951 maiorem
628 894 795 972 pasturam
819 907 917 970 quarn
941 885 1011 970 ipse
1037 885 1130 950 Prior
1160 887 1261 952 habet
1288 887 1330 951 de
1359 894 1492 950 centum

386 989 475 1055 acris.
520 990 564 1052 Et
593 988 666 1052 ideo
695 987 933 1052 consideratum
959 996 1009 1052 est
1035 989 1122 1074 quod
1148 989 1311 1054 Rubertus
1339 999 1394 1054 eat
1416 988 1494 1052 inde

387 1092 517 1179 quietus
547 1099 581 1156 et
611 1091 702 1155 Prior
723 1091 759 1154 in
788 1089 1015 1166 misericordia,
1037 1099 1073 1155 et
1102 1093 1242 1177 quilibet
1270 1115 1382 1157 eorum
1406 1115 1494 1156 oom-

387 1196 531 1260 municet
547 1218 621 1260 cum
635 1195 699 1260 alio
713 1195 798 1260 siout
812 1195 902 1280 prius
916 1196 1028 1260 solent

313 1313 337 1374 ”,
452 1298 668 1384 Randulphus
688 1297 728 1362 de
749 1297 872 1383 Gingos
892 1298 978 1383 petit
998 1321 1111 1362 uersus
1125 1298 1295 1363 Warinnm
1318 1298 1359 1363 de
1379 1299 1493 1362 Monte

316 1420 334 1450 ι
388 1402 518 1467 Kaneso
533 1402 620 1488 quod
634 1401 780 1487 aquietm
795 1424 871 1465 eum
887 1401 928 1465 de
943 1402 1080 1467 seruioio
1094 1403 1181 1488 quod
1201 1405 1237 1468 E.
1259 1403 1493 1468 Londoniensis

388 1504 581 1591 Episcopus'
595 1504 699 1592 exigit
719 1526 739 1568 a
758 1503 904 1588 predicto
924 1504 1121 1590 Randulpho
1143 1505 1184 1569 de
1205 1515 1392 1571 tenemento
1406 1505 1495 1591 quod

386 1610 473 1675 idem
493 1608 709 1694 Randulphus
728 1616 821 1672 tenet
839 1608 880 1673 de
900 1607 1045 1693 predicto
1066 1609 1200 1674 Warino
1219 1610 1254 1675 in
1273 1609 1493 1684 Hormodona,

386 1713 473 1778 unde
498 1712 585 1777 idem
611 1711 760 1776 Warinus
782 1711 840 1796 qui
869 1710 996 1775 medius
1026 1720 1076 1780 est
1100 1733 1176 1776 eum
1202 1714 1368 1798 aquietare
1392 1713 1494 1777 debet

387 1823 426 1881 ut
440 1816 528 1892 dicit,
543 1825 578 1881 et
591 1815 679 1880 unde
694 1814 844 1901 queritur
858 1813 944 1899 quod
959 1837 1017 1899 pro
1036 1814 1166 1879 defectu
1187 1817 1258 1881 eius
1277 1817 1494 1904 destringitur

387 1921 428 1985 ad
444 1920 623 1985 faciendam
638 1927 759 1984 sectam
779 1919 815 1982 in
835 1918 925 1982 curia
944 1918 1068 1982 domini
1087 1919 1238 2005 Episcopi
1257 1920 1384 1985 desicut
1403 1919 1494 1984 idem

387 2023 540 2089 Warinus
554 2047 630 2088 eum
644 2023 743 2088 debet
756 2022 954 2107 adquietare.
975 2014 978 2021 ’

453 2128 497 2191 Et
522 2127 674 2192 Warinus
703 2125 796 2191 uenit
820 2133 855 2189 et
884 2124 1031 2188 defendit
1056 2124 1126 2188 uim
1152 2133 1213 2188 etc.
1239 2133 1274 2189 et
1299 2125 1380 2189 dicit
1406 2125 1495 2211 quod

386 2252 444 2316 pro
473 2231 603 2296 defectu
633 2230 703 2295 eius
732 2253 798 2294 non
827 2228 1051 2314 destringitur,
1076 2251 1136 2292 nec
1165 2229 1234 2314 ipse
1263 2230 1342 2294 facit
1371 2239 1495 2294 sectam

387 2356 444 2419 pro
464 2355 511 2410 eo,
525 2334 603 2419 quia
625 2355 683 2397 nec
704 2332 772 2418 ipse
793 2353 854 2395 nec
872 2339 1089 2396 antecessores
1109 2330 1160 2394 sui
1181 2353 1324 2417 unquam
1346 2333 1497 2396 fecerunt

386 2447 508 2504 sectam
529 2439 565 2502 in
586 2439 676 2504 curia
698 2437 858 2524 Episcopi,
873 2436 973 2500 immo
995 2435 1082 2501 idem
1105 2436 1322 2522 Randulphus
1343 2445 1379 2502 et
1399 2447 1496 2502 ante-

386 2563 524 2606 cessores
539 2541 589 2606 sui
609 2563 735 2627 semper
754 2541 901 2605 fecerunt
921 2539 1113 2604 forinsecum
1134 2539 1308 2604 seruicium
1323 2563 1381 2626 pro
1401 2549 1497 2605 tene-

388 2653 499 2709 mento
525 2645 580 2708 illo
605 2645 668 2730 ipsi
691 2644 848 2730 Episcopo
871 2666 930 2729 pro
954 2666 992 2707 eo
1017 2651 1053 2707 et
1077 2644 1332 2708 antecessoribus
1356 2645 1433 2722 suis,
1460 2656 1498 2710 et

388 2757 535 2834 preterea
558 2747 682 2815 warde⁸
707 2749 804 2814 castri
829 2747 871 2812 de
897 2747 1091 2812 Stortfordis
1115 2747 1147 2833 ij.
1175 2749 1240 2826 sol,
1266 2758 1301 2813 et
1327 2749 1401 2814 ideo
1426 2773 1496 2814 non

388 2851 486 2916 debet
501 2853 603 2917 facere
618 2860 739 2917 sectam
755 2873 812 2938 pro
827 2874 873 2916 eo.
1280 2911 1282 2915 .

454 2955 497 3018 Et
526 2953 742 3039 Randulphus
778 2954 871 3031 uenit
901 2963 936 3018 et
965 2950 1161 3040 dicitquod
1189 2964 1405 3020 antecessores
1442 2958 1497 3022 sui

388 3081 560 3144 nunquam.
581 3059 727 3123 fecerunt
755 3066 877 3123 sectam
900 3058 935 3122 in
961 3059 1052 3124 curia
1078 3059 1237 3144 Episcopi,
1260 3081 1321 3123 nec
1347 3082 1497 3145 unquam

388 3163 549 3228 dederunt
577 3162 738 3248 predictos
766 3161 847 3226 duos
876 3163 993 3227 solidos
1017 3164 1166 3228 wordum
1193 3164 1291 3228 castri
1321 3163 1363 3228 de
1387 3165 1500 3229 Stort-

389 3268 491 3332 fordia
527 3288 692 3353 quousque
721 3266 809 3331 idem
845 3266 1061 3353 Randulphus
1089 3269 1154 3332 fuit
1189 3269 1274 3332 infra
1302 3275 1427 3332 etatem
1456 3278 1496 3333 et

389 3372 424 3435 in
454 3370 599 3435 custodia
627 3370 728 3455 ipsius
754 3370 881 3434 Warini
910 3370 967 3456 qui
993 3371 1034 3436 de
1063 3371 1203 3456 quodam
1233 3370 1334 3435 libero
1362 3371 1499 3437 homine

389 3474 490 3560 ipsius
505 3473 693 3559 Randulphi
713 3473 789 3537 fecit
809 3483 1012 3538 attornatum
1031 3497 1128 3538 suum
1141 3473 1184 3538 ad
1203 3472 1404 3537 reddendum
1420 3496 1498 3559 pre·

390 3579 493 3644 dictos
512 3579 593 3643 duos
612 3578 738 3656 solidos,
754 3586 788 3642 et
810 3579 977 3664 preterea⁴
997 3580 1085 3644 idem
1108 3578 1323 3663 Randulphus
1344 3587 1380 3642 et
1400 3589 1500 3644 ante-

390 3703 527 3747 cessores
556 3682 622 3746 sui⁵
651 3683 798 3748 iecerunt
826 3693 950 3750 sectam
979 3684 1014 3748 in
1037 3684 1126 3748 curia
1152 3682 1311 3768 Episcopi,
1334 3683 1430 3768 ponit
1459 3707 1500 3749 se

389 3810 486 3873 super
500 3788 646 3873 patriam.

455 3891 498 3955 Et
520 3893 673 3957 Warinus
695 3892 787 3957 uenit
810 3901 844 3957 et
866 3892 946 3956 dicit
968 3891 1055 3977 quod
1080 3891 1281 3978 Reginaldus
1309 3899 1500 3958 antecessor

389 3993 490 4078 ipsius
520 3993 708 4080 Randulphi
730 3995 880 4059 omnibus
901 3994 1017 4058 diebus
1038 3993 1108 4057 uite
1130 4017 1188 4058 sue
1210 3993 1288 4058 fecit
1310 4003 1434 4058 sectam
1458 3994 1500 4060 in

389 4097 479 4162 ouria
501 4097 651 4184 Episcopi
672 4122 731 4184 per
754 4099 1005 4186 assignationem
1035 4097 1204 4162 Michaelis
1218 4097 1273 4162 'de
1296 4097 1501 4165 Stortfonlia

422 4235 470 4292 ¹1,
484 4235 528 4284 the
538 4236 620 4292 Prior,
631 4237 697 4286 have
708 4237 780 4288 wood
793 4237 820 4286 in
829 4237 915 4286 which
998 4235 1095 4285 ³Here
1117 4235 1171 4286 and
1192 4235 1274 4285 below
1301 4235 1346 4286 the
1371 4237 1444 4287 word
1474 4240 1502 4290 is

389 4315 440 4361 you
449 4315 578 4358 common,
586 4302 661 4351 while
667 4318 726 4364 you,
734 4303 838 4364 Robert,
850 4303 916 4352 hore
966 4316 1039 4350 more
1047 4301 1098 4350 like
1109 4304 1260 4352 auid-eum.

389 4365 522 4426 destroyed
533 4381 598 4426 your
609 4367 689 4416 wood.
998 4368 1009 4398 ⁴
1026 4367 1125 4430 Supply
1135 4367 1207 4428 quod.

422 4431 432 4463 ²
448 4431 560 4481 Eustacc
572 4433 600 4481 ol
610 4433 784 4496 Fuuconberg.
997 4432 1009 4462 ⁶
1027 4432 1125 4494 Supply
1136 4447 1186 4482 non
1198 4432 1239 4494 (l).
