3342 5217
70 809 141 870 285.

370 413 509 500 [Hilary
531 413 598 479 ancl
618 412 744 490 Ecstor,
768 425 834 478 Ab.
859 414 952 490 1228,
974 427 1038 478 aa
1063 412 1126 496 12]
1237 411 1302 480 237

192 621 285 664 suam
308 597 349 663 de
370 599 517 685 predicta
540 598 641 664 tercia
663 606 764 684 parte,
786 607 820 662 et
844 598 984 663 Thomas
1004 599 1160 664 rehabeat
1183 620 1303 664 escam·

193 702 284 768 bium
299 711 362 767 etc.

192 918 305 974 utrum
321 909 385 974 due
400 911 528 996 uirgate
544 920 628 976 terre
644 933 718 975 cum
733 919 814 996 pert.
830 910 866 975 in
887 911 1069 997 Wycumba
1089 911 1155 975 sint
1176 911 1303 995 laycum

192 1013 323 1078 feodum
346 1014 497 1101 Hugenis
520 1013 619 1078 Fabri
641 1013 681 1078 de
699 1014 883 1100 Wycumba
904 1014 1039 1079 Reberti
1062 1014 1130 1101 Tye
1145 1013 1304 1078 Willelmi

192 1116 233 1181 de
255 1115 364 1180 Marsa
382 1117 436 1180 uel
456 1116 559 1181 libera
580 1116 757 1181 elemosina
777 1117 945 1203 pertinens
967 1117 1009 1182 ad
1031 1117 1187 1203 capellam
1210 1118 1303 1182 Dom.

193 1221 294 1308 Regis
331 1221 371 1286 de
409 1221 665 1309 Wallinglerdia,
702 1221 788 1286 unde
803 1231 809 1258 ⁸
825 1221 889 1308 ipsi
925 1224 1025 1310 Huge
1055 1223 1239 1287 Willelmus
1268 1231 1304 1287 ct

193 1327 357 1392 Robertus
373 1335 556 1412 queruntur
571 1326 657 1412 qued
672 1327 726 1412 xij.
742 1327 901 1392 iuratores
914 1327 1012 1393 assisa
1036 1350 1100 1414 que
1120 1328 1195 1393 inde
1216 1351 1304 1393 sum-

193 1431 320 1495 monita
349 1431 413 1494 suit
451 1438 485 1494 et
515 1439 611 1516 capta
639 1437 720 1514 aput
750 1428 941 1516 Eyllesbyry
976 1453 1083 1496 coram
1118 1432 1305 1498 iusticiariis

191 1533 315 1599 ibidem
331 1533 562 1598 itinerantibus
577 1533 694 1597 falsum
709 1533 855 1598 fecerunt
870 1542 1114 1599 sacramentum.
1154 1535 1196 1599 Et
1207 1558 1305 1621 super

192 1635 253 1700 hec
268 1636 363 1700 uenit
377 1635 484 1700 dictus
499 1633 674 1699 Radulfus1
689 1657 748 1720 per
761 1633 784 1698 J
786 1634 947 1699 ohannem
962 1635 1080 1700 Planez
1095 1644 1300 1701 attornatum

192 1761 298 1816 suum,
314 1747 349 1804 et
363 1738 505 1804 reddidit
521 1747 555 1803 et
570 1739 726 1804 concessit
741 1737 895 1824 predictis
910 1739 1054 1826 Hugeni,
1074 1740 1248 1816 willelme,
1268 1749 1304 1805 et

192 1843 337 1908 Reberto
367 1850 471 1906 tetam
502 1851 622 1906 terram
652 1841 741 1906 illam
779 1863 854 1905 curn
890 1841 1099 1927 pertinenciis
1128 1842 1302 1907 tenendam

192 1947 278 2012 sicut
298 1948 389 2034 prius
409 1955 587 2012 tenuerunt
602 1955 778 2032 antequam
801 1945 895 2010 fieret
917 1945 993 2010 inde
1016 1946 1124 2010 iurata
1142 1945 1147 2029 Ι
1167 1969 1226 2032 per
1247 1946 1300 2033 xij.

192 2048 358 2114 iuratores.
405 2049 448 2113 Et
463 2057 611 2135 preterea
626 2048 679 2133 xij.
696 2047 854 2113 iuratores
868 2047 932 2112 scil.
950 2047 1112 2112 Robertus
1123 2049 1153 2112 le
1165 2049 1303 2124 Glorius,

192 2154 387 2240 Radulphus
401 2154 442 2219 de
458 2153 695 2240 Wydingdena,
710 2153 857 2238 Regerus
871 2151 913 2216 de
925 2153 1129 2229 Beckemere,
1142 2153 1303 2218 Robertus

192 2256 355 2342 Cayllard,
381 2256 582 2342 Reginaldus
619 2253 842 2331 Chessebech’‚
873 2255 1031 2319 Osbertus
1067 2254 1108 2319 de
1145 2255 1302 2333 Kocham‚

192 2359 370 2424 Geruasius
387 2360 427 2425 de
443 2358 676 2435 Huchendena,
691 2358 855 2422 Robertus
869 2357 956 2422 fflius
972 2358 1112 2424 Simonis
1127 2368 1161 2424 et
1176 2359 1301 2424 Willel-

191 2485 267 2527 mus
291 2461 456 2528 Blundus¹
479 2462 618 2527 ueniunt
642 2469 676 2526 et
702 2461 816 2526 dicunt
841 2461 928 2547 quod
952 2463 1055 2526 coacti
1084 2463 1216 2526 fuemnt
1244 2485 1304 2549 per

192 2567 388 2632 iusticiarios
417 2567 610 2632 itinerantes
638 2566 745 2630 dicere
775 2565 863 2651 qued
892 2574 979 2630 tona
1007 2566 1065 2631 illa
1101 2567 1165 2631 fuit
1202 2567 1305 2632 libera

192 2670 371 2735 elemosina
394 2670 496 2756 ipsius
520 2669 652 2755 capelle,
677 2677 711 2733 et
737 2669 785 2732 ita
811 2669 898 2754 quod
924 2669 979 2733 ille
1001 2670 1058 2755 qui
1079 2672 1225 2735 narrauit
1246 2693 1304 2756 pro

193 2774 242 2838 eis
272 2796 377 2838 coram
408 2773 594 2838 iusticiariis
619 2782 734 2858 captus
765 2772 828 2837 fuit
859 2781 893 2837 et
917 2773 1136 2859 inprisonatus
1160 2783 1194 2838 et
1220 2775 1304 2840 bene

192 2877 302 2942 sciunt
325 2876 411 2962 quod
434 2878 519 2941 male
545 2876 737 2940 iurauerunt
759 2884 794 2940 et
817 2885 944 2961 ponunt
968 2899 1002 2941 se
1024 2877 1100 2942 inde
1123 2878 1157 2942 in
1179 2879 1303 2944 miseri-

192 2981 343 3046 cordiam
390 2981 434 3044 Et
463 2981 564 3065 xxiiij.
602 2980 724 3044 milites
761 2981 830 3044 sine
867 2989 1068 3044 sacramento
1097 2981 1180 3047 illud
1216 2983 1303 3047 idem

193 3083 316 3148 dicunt.
371 3083 496 3148 Dicunt
526 3082 627 3146 eciam
657 3081 756 3168 xxiiij.
803 3082 890 3168 quod
917 3083 1082 3168 predictus
1119 3085 1218 3172 Huge
1247 3087 1304 3171 qui

193 3187 305 3252 amisit
320 3187 533 3272 periuratum
548 3185 639 3249 illam
658 3185 683 3270 j.
699 3185 815 3272 uirgat.
832 3194 917 3249 terre
933 3186 1049 3249 habuit
1070 3185 1249 3272 dampnum
1268 3187 1303 3251 in

194 3291 365 3377 mesuagio
380 3298 414 3354 et
429 3288 526 3354 blado
540 3288 581 3353 ad
596 3289 781 3353 ualencium
795 3311 825 3354 v.
841 3312 937 3354 marc.
956 3297 990 3354 et
1011 3290 1173 3355 Rebertus
1190 3291 1303 3356 eodem

193 3395 228 3459 in
243 3394 354 3481 grauis
369 3402 404 3458 et
419 3393 490 3457 aliis
505 3391 546 3456 ad
562 3393 741 3457 ualeneiam
757 3393 797 3456 xl.
813 3393 869 3456 sol.
890 3392 931 3456 de
947 3415 1013 3458 una
1033 3393 1150 3480 uirgat.
1165 3402 1249 3458 terre
1269 3404 1304 3458 et

193 3498 381 3564 Willelmus
410 3498 450 3563 de
480 3497 618 3563 Marisco
647 3498 687 3562 de
717 3498 792 3562 dim.
824 3497 940 3584 uirgat.
972 3506 1056 3562 terre
1085 3498 1126 3563 de
1155 3499 1304 3564 domibus

191 3603 368 3690 asportatis
384 3611 419 3667 et
433 3603 529 3667 blado
544 3603 586 3666 ad
601 3603 782 3667 ualenciam
797 3603 839 3666 xl.
854 3603 925 3667 sol⁸.

128 3777 135 3788 ,
258 3706 394 3772 ⁴Jurata
409 3706 502 3771 uenit
513 3706 718 3792 recognitura
732 3706 773 3771 de
788 3729 944 3771 censensu
959 3708 1102 3793 partium
1113 3731 1172 3794 por
1182 3709 1303 3773 Rober-
1357 3733 1387 3764 un

193 3819 266 3875 tum
282 3810 323 3874 de
334 3809 446 3886 Steke,
458 3809 660 3874 Willelmum
670 3810 710 3874 de
721 3811 846 3896 Suwyc,
855 3811 1077 3876 Alexandrum
1087 3813 1304 3878 Forestarium

193 3923 296 3980 testes
311 3912 494 3977 nominatos
510 3912 545 3976 in
559 3921 648 3977 carta
663 3913 772 4000 Egidii
781 3912 827 3977 ‘de
840 3914 980 3991 Mercke,
990 3923 1025 3979 et
1036 3937 1094 4000 per
1103 3914 1305 3980 Willelmum

193 4017 234 4083 de
263 4017 424 4103 Gyneges,
446 4015 627 4080 Henricum
649 4015 690 4080 de
712 4016 912 4103 Longeuilla,
932 4016 1116 4082 Johannem
1138 4017 1179 4082 de
1201 4018 1304 4083 Foke-

225 4187 235 4220 ¹
253 4185 369 4248 Perhaps
385 4185 470 4247 Ralph
487 4185 510 4234 is
524 4185 570 4234 the
585 4199 680 4248 parson
695 4199 725 4234 er
775 4199 842 4242 casa,
852 4187 880 4234 to
890 4199 969 4248 preve
980 4185 1039 4234 that
1051 4199 1087 4234 an
1098 4183 1195 4235 attaint
1205 4185 1258 4235 will
1269 4187 1304 4238 lie

193 4249 550 4366 ⁰¹¹ttt¹¹ttfflt¹l
775 4249 1096 4364 uerterent
1129 4315 1157 4364 t
1241 4331 1300 4366 tt

226 4331 377 4440 ’amiton
403 4381 421 4430 r.
446 4351 586 4430 ass'enes
606 4395 635 4430 as
658 4381 725 4430 from
776 4331 1037 4431 manumisi.
1069 4331 1133 4429 legis
1145 4381 1212 4432 cited
1224 4381 1268 4430 ar.
1280 4383 1299 4432 r.

194 4447 249 4496 Hil.
265 4463 290 4496 a.
310 4461 331 4496 r.
349 4447 380 4494 12
396 4445 466 4496 what
486 4461 569 4496 seems
585 4449 614 4496 to
629 4445 725 4496 bathis
776 4447 906 4498 398ωοί
915 4447 1007 4495 Ecstor
1018 4461 1042 4496 a.
1054 4461 1074 4496 r.
1090 4447 1129 4494 12.
