3342 5217
525 420 661 482 emme,
683 420 747 472 ιο.
772 407 866 481 1231,
887 422 952 472 uu
976 409 1024 470 15.
1264 410 1328 471 423

221 592 329 678 ipsum
352 591 556 657 Gilebertum
577 600 611 657 ει
631 614 689 677 per
707 592 939 678 apellecienem
958 614 1051 661 suem
1070 616 1129 679 per
1147 616 1245 680 quem
1259 595 1328 680 ipse

220 707 312 765 actor
325 698 461 763 effectus
474 696 539 763 fuit
553 704 589 761 et
602 696 705 763 eciam
720 704 893 783 postquam
907 696 1065 763 iudicium
1079 698 1202 765 fuctum
1217 697 1281 765 fuit
1294 697 1329 763 in

220 800 312 868 curie
332 799 564 867 cristianitatie
609 800 654 867 Et
676 799 863 867 Gilebertue
884 823 949 867 neu
970 800 1080 886 potuit
1099 800 1160 867 hoc
1174 799 1330 879 dedicere,

221 911 255 967 et
284 902 357 967 ideo
384 902 632 968 Consideretum
658 910 708 967 est
734 901 820 989 quod
846 902 1006 968 Unhidue
1034 901 1112 967 inde
1138 902 1270 988 quietus
1294 913 1330 973 et

221 1006 408 1077 Gilebertus
422 1006 457 1071 in
471 1004 696 1073 misericordia.

97 1116 111 1129 '
144 1115 168 1173 '.
286 1112 430 1179 Jowetta
443 1112 484 1179 de
498 1112 532 1177 le
546 1112 664 1181 Strode
678 1112 765 1197 petit
779 1134 893 1180 uersus
913 1110 1048 1181 Petrum
1068 1110 1174 1177 Luuel
1194 1112 1328 1181 terciam
1386 1108 1445 1149 ⁸⁰¹¹·

221 1224 348 1303 purtem
371 1239 400 1281 ιι.
420 1238 482 1281 ecr.
503 1223 588 1281 terre
610 1223 645 1280 et
662 1216 686 1301 j.
708 1214 805 1281 mee'¹
827 1222 864 1281 et
884 1214 1019 1283 tercium
1040 1224 1167 1301 purtem
1188 1215 1327 1284 ducrum

220 1319 367 1407 parcium
384 1319 407 1405 j.
424 1318 602 1383 molendini
621 1340 696 1383 cum
716 1326 796 1404 pert.
813 1316 849 1381 in
869 1317 1038 1405 Dorkinge
1057 1326 1097 1385 ut
1109 1317 1221 1386 dotem
1235 1342 1354 1413 suam
1340 1326 1491 1369 ”Mem

221 1432 281 1491 etc·
1339 1374 1490 1553 &3323ssss

287 1527 331 1595 Et
354 1526 471 1593 Petrus
494 1524 587 1591 uenit
613 1531 648 1589 et
634 1522 756 1589 tdiuit
781 1522 867 1609 qued
892 1544 957 1588 non
985 1521 1086 1591 debet
1113 1522 1190 1591 inde
1218 1515 1439 1599 dotem3¹⁰⁶¹¹²⁰
1405 1561 1491 1601 omn,

220 1630 340 1697 habere
370 1630 449 1716 quie
476 1629 641 1695 walterus
671 1628 723 1695 uir
751 1650 829 1695 suus
857 1649 917 1713 per
944 1648 1041 1712 quem
1070 1626 1182 1695 dotem
1209 1607 1491 1740 clamatissffiieiffh

220 1734 327 1803 adhuc
349 1733 436 1801 uiuit
457 1738 492 1799 ει
517 1732 661 1799 Jowettu
685 1730 766 1797 dicit
752 1730 879 1817 tquod
903 1737 1052 1795 mortuus
1079 1739 1139 1800 est.
1183 1733 1228 1797 Et
1255 1706 1441 1801 1d00uumr

219 1838 317 1905 datus
332 1845 382 1905 eet
397 1836 444 1905 eis
462 1836 531 1903 dies
551 1844 610 1901 etc
627 1843 662 1901 et
681 1836 799 1903 Petrus
820 1843 901 1903 tune
921 1833 1037 1920 pmbet
1058 1835 1145 1920 quod
1166 1836 1253 1902 uiuit
1273 1839 1328 1903 uel
1339 1795 1420 1844 Μ

221 1940 322 2029 quod⁸
336 1942 481 2007 Jowette
494 1940 609 2028 prubet
594 1948 760 2009 tmortcm
774 1947 808 2008 et
818 1947 899 2007 tuuc
912 1938 1106 2031 producem⁴
1116 1948 1238 2007 sectam
1253 1941 1329 2009 hinc

220 2048 305 2113 inde.

160 2216 166 2227 ,
286 2150 450 2218 Βειιιιὶοἰο
471 2148 513 2215 de
537 2148 681 2217 Gerdiuo
704 2149 893 2217 ethechietu
913 2149 978 2215 fuit
1003 2149 1045 2215 ed
1069 2150 1329 2236 respondendum
1375 2168 1458 2209 suu

220 2253 380 2321 Bellendo
403 2252 444 2319 de
470 2252 611 2321 Aestede
638 2274 737 2338 quere
759 2275 825 2321 non
851 2259 944 2319 tenet
966 2252 998 2319 ei
1020 2252 1121 2319 finem
1146 2254 1269 2321 factum
1293 2254 1329 2320 in

221 2357 311 2425 curie
324 2357 419 2425 Dom.
434 2356 534 2443 Regis
549 2377 655 2423 coram
671 2354 857 2423 iusticieriie
871 2354 1102 2423 itinerantibus
1115 2357 1203 2442 apud
1217 2358 1329 2425 Lewes

220 2460 430 2547 interipsum
450 2460 647 2527 Bollundum
667 2468 858 2545 querentem
877 2467 913 2527 et
931 2458 1111 2547 predictam
1133 2461 1328 2529 Beatriciam

220 2564 452 2633 deforciantem
472 2565 513 2630 de
533 2564 660 2633 duabu·
678 2564 764 2631 hidis
778 2572 865 2631 terre
880 2572 915 2631 et
928 2564 1040 2631 dimid.
1055 2574 1090 2631 et
1105 2574 1222 2651 qumte
1235 2576 1328 2653 purte

213 2668 239 2753 j.
255 2667 332 2735 hide
347 2676 433 2735 terre
447 2690 522 2735 cum
537 2676 618 2753 pert
634 2667 669 2732 in
684 2666 850 2753 Wuuteby
865 2666 952 2734 unde
971 2667 1197 2754 cirographum
1217 2679 1278 2736 etc.
1293 2679 1328 2737 et

217 2772 306 2839 unde
331 2772 419 2841 idem
442 2772 621 2840 Rotundus
644 2771 793 2859 queritur
815 2770 902 2857 quod
924 2794 1000 2838 cum
1024 2793 1084 2857 per
1107 2772 1207 2839 finem
1232 2773 1327 2841 illum

218 2883 330 2943 tenere
345 2876 464 2943 debeat
479 2883 599 2944 terrem
614 2876 704 2943 illam
716 2875 756 2943 de
767 2874 915 2961 predicta
929 2876 1092 2943 Beutricia
1105 2885 1140 2943 et
1153 2876 1327 2943 heredibus

218 2978 287 3047 euie
301 2979 370 3065 ipee
385 2988 420 3047 et
434 2980 570 3049 heredes
584 2979 655 3046 eui⁵
670 2990 704 3047 et
724 3002 783 3066 per
801 2980 976 3048 seminium
997 2980 1095 3047 unius
1116 2981 1203 3067 puris
1225 2982 1326 3047 culce-

217 3082 304 3149 rium
328 3081 556 3149 deeurutorum
579 3083 634 3149 uel
657 3105 713 3149 sex
736 3082 809 3151 den.
829 3106 889 3168 per
906 3105 979 3149 cmi
1000 3104 1058 3169 pre
1079 3084 1169 3151 omni
1190 3085 1326 3151 ceruicio

217 3184 309 3252 seluo
330 3184 485 3253 forinseco
507 3192 543 3251 et
564 3207 639 3253 cum
660 3184 743 3271 ipsi⁸
762 3184 853 3252 illum
868 3184 899 3253 ei
913 3185 1121 3253 warenticere
1135 3186 1277 3253 debeant
1291 3198 1326 3254 et

217 3285 391 3352 heredibus
405 3286 473 3352 suis
485 3309 546 3373 per
559 3287 741 3373 predictum
757 3286 930 3352 seruicium
945 3287 1017 3373 ipsa
1030 3288 1120 3356 illum
1135 3311 1201 3357 non
1214 3289 1324 3357 defen-

216 3391 268 3457 dit
293 3412 353 3457 nec
380 3390 570 3457 warentizat
598 3412 711 3459 uersus
741 3392 921 3459 Robertum
951 3391 992 3459 de
1018 3392 1127 3478 Βιιοο)7
1151 3392 1323 3478 capitalem

215 3496 386 3563 dominum
406 3495 446 3563 de
461 3496 481 3565 ι.
498 3496 553 3563 eol.
569 3518 648 3581 quoe
668 3495 738 3581 ipse
758 3494 789 3563 ei
811 3496 954 3563 reddidit
975 3496 1016 3561 de
1038 3496 1159 3562 releuio
1181 3504 1216 3561 οι
1237 3498 1325 3563 unde

215 3601 289 3687 ipsa
308 3623 383 3669 eum
403 3622 469 3667 uon
488 3598 673 3687 equietauit
693 3608 727 3669 et
741 3622 799 3686 pro
814 3598 945 3667 defectu
960 3598 1063 3687 ipsius
1077 3599 1239 3666 Beutricie
1252 3600 1326 3667 illos

215 3704 359 3773 reddidit
373 3711 447 3791 poet
461 3704 561 3769 finem
575 3702 676 3771 illum.

281 3810 327 3875 Et
352 3808 514 3877 Bectriciu
539 3807 619 3875 dicit
645 3806 732 3894 quod
757 3830 819 3873 non
846 3806 946 3873 dehet
970 3830 1046 3872 eum
1069 3806 1241 3873 defendere
1264 3830 1325 3874 nec

214 3912 383 4000 equietere
405 3934 519 3979 uersus
540 3912 713 3999 capitalem
736 3911 905 3978 dominum
926 3933 986 3996 per
1006 3911 1106 3977 finem
1124 3910 1227 3976 istum
1247 3912 1326 3998 quic

214 4024 392 4101 antequam
415 4014 641 4103 cirographum
668 4023 703 4082 et
728 4013 803 4079 finis
826 4014 932 4080 factus
955 4021 1041 4079 esset
1064 4012 1168 4079 debiti
1191 4014 1324 4080 fuerunt

215 4116 354 4206 predicti
378 4118 396 4185 L
421 4117 475 4184 sel.
500 4139 558 4203 pre
581 4117 703 4186 releuio
725 4116 766 4182 de
792 4124 897 4181 morte
923 4115 1067 4201 Philippi
1091 4115 1132 4181 de
1157 4116 1324 4205 Wauteby

248 4250 544 4315 1Ριοιιοιιιγιιιιιιιιιιιιιιςιιι.
824 4250 905 4301 ‘Sic

248 4316 376 4369 'Scitis
351 4318 744 4381 retobepreducedonboth
826 4315 1045 4379 ¹⁵Perhupeecm
1046 4316 1162 4366 ewords
1181 4318 1321 4369 mediate

215 4384 293 4434 eides.
321 4381 648 4446 Brectencitecthiecme,
660 4384 743 4435 tm
794 4382 878 4433 ceted.

246 4448 335 4499 ².0m
347 4448 420 4510 quod
827 4447 927 4498 ⁶.00rr
939 4446 1147 4511 tpuuenddeeat
1117 4448 1200 4513 ιαιιι)
