<?xml version="1.0" encoding="UTF-8"?>
<!DOCTYPE html PUBLIC "-//W3C//DTD XHTML 1.0 Transitional//EN"
    "http://www.w3.org/TR/xhtml1/DTD/xhtml1-transitional.dtd">
<html xmlns="http://www.w3.org/1999/xhtml" xml:lang="en" lang="en">
 <head>
  <title>
</title>
<meta http-equiv="Content-Type" content="text/html;charset=utf-8" />
  <meta name='ocr-system' content='tesseract 3.04.00' />
  <meta name='ocr-capabilities' content='ocr_page ocr_carea ocr_par ocr_line ocrx_word'/>
</head>
<body>
  <div class='ocr_page' id='page_1' title='image "bractonsnoteboo01maitgoog_0121.png"; bbox 0 0 3342 5217; ppageno 0'>
   <div class='ocr_carea' id='block_1_1' title="bbox 533 440 1323 536">
    <p class='ocr_par' dir='ltr' id='par_1_1' title="bbox 533 440 1323 536">
     <span class='ocr_line' id='line_1_1' title="bbox 533 440 1323 536; baseline 0 -14"><span class='ocrx_word' id='word_1_1' title='bbox 533 473 675 536; x_wconf 73' lang='lat' dir='ltr'>urruns,</span> <span class='ocrx_word' id='word_1_2' title='bbox 697 471 760 522; x_wconf 69' lang='lat' dir='ltr'>an.</span> <span class='ocrx_word' id='word_1_3' title='bbox 787 459 880 534; x_wconf 74' lang='lat'>1222,</span> <span class='ocrx_word' id='word_1_4' title='bbox 901 473 963 522; x_wconf 73' lang='lat' dir='ltr'>us</span> <span class='ocrx_word' id='word_1_5' title='bbox 987 460 1017 523; x_wconf 84' lang='lat'>6.</span> <span class='ocrx_word' id='word_1_6' title='bbox 1070 440 1075 446; x_wconf 74' lang='grc'>’</span> <span class='ocrx_word' id='word_1_7' title='bbox 1261 461 1323 523; x_wconf 90' lang='grc'>113</span> 
     </span>
    </p>
   </div>
   <div class='ocr_carea' id='block_1_2' title="bbox 159 641 1325 4136">
    <p class='ocr_par' dir='ltr' id='par_1_2' title="bbox 217 641 1324 1762">
     <span class='ocr_line' id='line_1_2' title="bbox 220 641 1324 730; baseline 0.002 -22"><span class='ocrx_word' id='word_1_8' title='bbox 220 643 305 730; x_wconf 90' lang='lat' dir='ltr'>quod</span> <span class='ocrx_word' id='word_1_9' title='bbox 333 643 436 730; x_wconf 90' lang='lat' dir='ltr'>possit</span> <span class='ocrx_word' id='word_1_10' title='bbox 464 644 556 730; x_wconf 89' lang='lat' dir='ltr'>sequi</span> <span class='ocrx_word' id='word_1_11' title='bbox 585 641 620 708; x_wconf 91' lang='lat' dir='ltr'>in</span> <span class='ocrx_word' id='word_1_12' title='bbox 646 644 736 709; x_wconf 85' lang='lat' dir='ltr'>curia</span> <span class='ocrx_word' id='word_1_13' title='bbox 760 642 993 720; x_wconf 79' lang='lat' dir='ltr'>cristianitatis,</span> <span class='ocrx_word' id='word_1_14' title='bbox 1015 642 1067 707; x_wconf 90' lang='lat' dir='ltr'>sin</span> <span class='ocrx_word' id='word_1_15' title='bbox 1096 650 1208 707; x_wconf 87' lang='lat' dir='ltr'>autem</span> <span class='ocrx_word' id='word_1_16' title='bbox 1237 645 1324 729; x_wconf 88' lang='lat' dir='ltr'>quod</span> 
     </span>
     <span class='ocr_line' id='line_1_3' title="bbox 219 746 1323 833; baseline 0 -21"><span class='ocrx_word' id='word_1_17' title='bbox 219 753 374 832; x_wconf 84' lang='lat' dir='ltr'>sequatur</span> <span class='ocrx_word' id='word_1_18' title='bbox 392 746 427 810; x_wconf 91' lang='lat' dir='ltr'>in</span> <span class='ocrx_word' id='word_1_19' title='bbox 448 747 537 812; x_wconf 89' lang='lat' dir='ltr'>curia</span> <span class='ocrx_word' id='word_1_20' title='bbox 556 747 680 811; x_wconf 91' lang='lat' dir='ltr'>domini</span> <span class='ocrx_word' id='word_1_21' title='bbox 701 747 801 833; x_wconf 87' lang='lat' dir='ltr'>Regis</span> <span class='ocrx_word' id='word_1_22' title='bbox 816 747 922 811; x_wconf 85' lang='lat' dir='ltr'>etalii</span> <span class='ocrx_word' id='word_1_23' title='bbox 936 747 996 812; x_wconf 90' lang='lat' dir='ltr'>hoc</span> <span class='ocrx_word' id='word_1_24' title='bbox 1010 746 1199 812; x_wconf 84' lang='lat' dir='ltr'>concedunt</span> <span class='ocrx_word' id='word_1_25' title='bbox 1243 747 1323 812; x_wconf 92' lang='lat' dir='ltr'>Ideo</span> 
     </span>
     <span class='ocr_line' id='line_1_4' title="bbox 219 849 1322 936; baseline 0.001 -22"><span class='ocrx_word' id='word_1_26' title='bbox 219 857 408 936; x_wconf 72' lang='lat' dir='ltr'>preceptum</span> <span class='ocrx_word' id='word_1_27' title='bbox 424 857 474 914; x_wconf 91' lang='lat' dir='ltr'>est</span> <span class='ocrx_word' id='word_1_28' title='bbox 488 849 673 914; x_wconf 88' lang='lat' dir='ltr'>uicecomiti</span> <span class='ocrx_word' id='word_1_29' title='bbox 688 850 774 936; x_wconf 89' lang='lat' dir='ltr'>quod</span> <span class='ocrx_word' id='word_1_30' title='bbox 789 850 965 935; x_wconf 78' lang='lat' dir='ltr'>assumptis</span> <span class='ocrx_word' id='word_1_31' title='bbox 983 873 1094 914; x_wconf 88' lang='lat' dir='ltr'>secum</span> <span class='ocrx_word' id='word_1_32' title='bbox 1114 849 1322 915; x_wconf 87' lang='lat' dir='ltr'>custodibus¹</span> 
     </span>
     <span class='ocr_line' id='line_1_5' title="bbox 220 951 1321 1040; baseline 0.003 -26"><span class='ocrx_word' id='word_1_33' title='bbox 220 960 278 1015; x_wconf 85' lang='lat' dir='ltr'>etc</span> <span class='ocrx_word' id='word_1_34' title='bbox 294 959 329 1016; x_wconf 87' lang='lat' dir='ltr'>et</span> <span class='ocrx_word' id='word_1_35' title='bbox 344 973 448 1015; x_wconf 90' lang='lat' dir='ltr'>coram</span> <span class='ocrx_word' id='word_1_36' title='bbox 465 973 502 1014; x_wconf 91' lang='lat' dir='ltr'>eo</span> <span class='ocrx_word' id='word_1_37' title='bbox 517 959 552 1016; x_wconf 92' lang='lat' dir='ltr'>et</span> <span class='ocrx_word' id='word_1_38' title='bbox 565 974 671 1016; x_wconf 88' lang='lat' dir='ltr'>coram</span> <span class='ocrx_word' id='word_1_39' title='bbox 687 951 734 1016; x_wconf 89' lang='lat' dir='ltr'>eis</span> <span class='ocrx_word' id='word_1_40' title='bbox 754 973 813 1037; x_wconf 92' lang='lat' dir='ltr'>per</span> <span class='ocrx_word' id='word_1_41' title='bbox 833 961 1072 1016; x_wconf 80' lang='lat' dir='ltr'>sacramentum</span> <span class='ocrx_word' id='word_1_42' title='bbox 1094 952 1150 1038; x_wconf 79' lang='lat' dir='ltr'>xij.</span> <span class='ocrx_word' id='word_1_43' title='bbox 1165 954 1321 1040; x_wconf 92' lang='lat' dir='ltr'>legalium</span> 
     </span>
     <span class='ocr_line' id='line_1_6' title="bbox 219 1053 1320 1140; baseline 0.002 -22"><span class='ocrx_word' id='word_1_44' title='bbox 219 1053 328 1118; x_wconf 79' lang='lat' dir='ltr'>stede</span> <span class='ocrx_word' id='word_1_45' title='bbox 344 1053 471 1118; x_wconf 86' lang='lat' dir='ltr'>uisneto</span> <span class='ocrx_word' id='word_1_46' title='bbox 486 1053 526 1118; x_wconf 93' lang='lat' dir='ltr'>de</span> <span class='ocrx_word' id='word_1_47' title='bbox 541 1054 703 1118; x_wconf 85' lang='lat' dir='ltr'>Boultoua</span> <span class='ocrx_word' id='word_1_48' title='bbox 717 1075 775 1139; x_wconf 91' lang='lat' dir='ltr'>per</span> <span class='ocrx_word' id='word_1_49' title='bbox 785 1076 865 1140; x_wconf 89' lang='lat' dir='ltr'>quos</span> <span class='ocrx_word' id='word_1_50' title='bbox 880 1063 940 1118; x_wconf 91' lang='lat' dir='ltr'>etc.</span> <span class='ocrx_word' id='word_1_51' title='bbox 952 1054 1054 1139; x_wconf 91' lang='lat' dir='ltr'>etqui</span> <span class='ocrx_word' id='word_1_52' title='bbox 1068 1077 1128 1119; x_wconf 91' lang='lat' dir='ltr'>nec</span> <span class='ocrx_word' id='word_1_53' title='bbox 1140 1056 1320 1120; x_wconf 88' lang='lat' dir='ltr'>Robertum</span> 
     </span>
     <span class='ocr_line' id='line_1_7' title="bbox 218 1157 1319 1244; baseline 0.002 -22"><span class='ocrx_word' id='word_1_54' title='bbox 218 1157 259 1221; x_wconf 91' lang='lat' dir='ltr'>de</span> <span class='ocrx_word' id='word_1_55' title='bbox 280 1157 414 1244; x_wconf 86' lang='lat' dir='ltr'>Gresley</span> <span class='ocrx_word' id='word_1_56' title='bbox 427 1180 487 1222; x_wconf 91' lang='lat' dir='ltr'>neo</span> <span class='ocrx_word' id='word_1_57' title='bbox 508 1158 654 1222; x_wconf 88' lang='lat' dir='ltr'>homines</span> <span class='ocrx_word' id='word_1_58' title='bbox 675 1180 749 1222; x_wconf 92' lang='lat' dir='ltr'>suos</span> <span class='ocrx_word' id='word_1_59' title='bbox 771 1179 830 1222; x_wconf 87' lang='lat' dir='ltr'>nec</span> <span class='ocrx_word' id='word_1_60' title='bbox 852 1157 1035 1242; x_wconf 87' lang='lat' dir='ltr'>predictum</span> <span class='ocrx_word' id='word_1_61' title='bbox 1057 1158 1237 1224; x_wconf 88' lang='lat' dir='ltr'>Henricum</span> <span class='ocrx_word' id='word_1_62' title='bbox 1259 1168 1319 1224; x_wconf 87' lang='lat' dir='ltr'>ete.</span> 
     </span>
     <span class='ocr_line' id='line_1_8' title="bbox 218 1259 1321 1347; baseline 0.003 -23"><span class='ocrx_word' id='word_1_63' title='bbox 218 1260 392 1347; x_wconf 77' lang='lat' dir='ltr'>diligenter</span> <span class='ocrx_word' id='word_1_64' title='bbox 405 1261 549 1347; x_wconf 87' lang='lat' dir='ltr'>inquirat</span> <span class='ocrx_word' id='word_1_65' title='bbox 563 1261 591 1326; x_wconf 91' lang='lat' dir='ltr'>si</span> <span class='ocrx_word' id='word_1_66' title='bbox 605 1261 744 1347; x_wconf 84' lang='lat' dir='ltr'>predicti</span> <span class='ocrx_word' id='word_1_67' title='bbox 758 1268 818 1326; x_wconf 80' lang='lat' dir='ltr'>ete</span> <span class='ocrx_word' id='word_1_68' title='bbox 834 1261 1002 1346; x_wconf 81' lang='lat' dir='ltr'>fregerunt</span> <span class='ocrx_word' id='word_1_69' title='bbox 1022 1259 1155 1326; x_wconf 90' lang='lat' dir='ltr'>domum</span> <span class='ocrx_word' id='word_1_70' title='bbox 1175 1261 1321 1327; x_wconf 86' lang='lat' dir='ltr'>eiusdem</span> 
     </span>
     <span class='ocr_line' id='line_1_9' title="bbox 218 1364 1323 1451; baseline 0.001 -22"><span class='ocrx_word' id='word_1_71' title='bbox 218 1365 354 1430; x_wconf 75' lang='lat' dir='ltr'>Hem-ici</span> <span class='ocrx_word' id='word_1_72' title='bbox 367 1365 403 1429; x_wconf 89' lang='lat' dir='ltr'>in</span> <span class='ocrx_word' id='word_1_73' title='bbox 418 1366 580 1429; x_wconf 85' lang='lat' dir='ltr'>Boultona</span> <span class='ocrx_word' id='word_1_74' title='bbox 593 1373 652 1430; x_wconf 87' lang='lat' dir='ltr'>etc</span> <span class='ocrx_word' id='word_1_75' title='bbox 669 1386 732 1451; x_wconf 92' lang='lat' dir='ltr'>que</span> <span class='ocrx_word' id='word_1_76' title='bbox 747 1364 811 1429; x_wconf 90' lang='lat' dir='ltr'>sita</span> <span class='ocrx_word' id='word_1_77' title='bbox 825 1372 876 1428; x_wconf 88' lang='lat' dir='ltr'>est</span> <span class='ocrx_word' id='word_1_78' title='bbox 893 1365 928 1428; x_wconf 92' lang='lat' dir='ltr'>in</span> <span class='ocrx_word' id='word_1_79' title='bbox 943 1364 1036 1428; x_wconf 88' lang='lat' dir='ltr'>feodo</span> <span class='ocrx_word' id='word_1_80' title='bbox 1056 1365 1190 1430; x_wconf 89' lang='lat' dir='ltr'>ecclesie</span> <span class='ocrx_word' id='word_1_81' title='bbox 1211 1375 1271 1432; x_wconf 79' lang='lat' dir='ltr'>etc</span> <span class='ocrx_word' id='word_1_82' title='bbox 1287 1375 1323 1431; x_wconf 86' lang='lat' dir='ltr'>et</span> 
     </span>
     <span class='ocr_line' id='line_1_10' title="bbox 217 1468 1323 1556; baseline 0.002 -23"><span class='ocrx_word' id='word_1_83' title='bbox 217 1468 246 1532; x_wconf 90' lang='lat' dir='ltr'>si</span> <span class='ocrx_word' id='word_1_84' title='bbox 261 1476 406 1554; x_wconf 89' lang='lat' dir='ltr'>tempore</span> <span class='ocrx_word' id='word_1_85' title='bbox 420 1468 509 1555; x_wconf 86' lang='lat' dir='ltr'>pacis</span> <span class='ocrx_word' id='word_1_86' title='bbox 526 1476 604 1533; x_wconf 89' lang='lat' dir='ltr'>ante</span> <span class='ocrx_word' id='word_1_87' title='bbox 622 1491 782 1554; x_wconf 80' lang='lat' dir='ltr'>guerram,</span> <span class='ocrx_word' id='word_1_88' title='bbox 797 1477 832 1532; x_wconf 91' lang='lat' dir='ltr'>et</span> <span class='ocrx_word' id='word_1_89' title='bbox 854 1469 971 1533; x_wconf 84' lang='lat' dir='ltr'>catella</span> <span class='ocrx_word' id='word_1_90' title='bbox 992 1491 1052 1534; x_wconf 83' lang='lat' dir='ltr'>sue</span> <span class='ocrx_word' id='word_1_91' title='bbox 1071 1479 1323 1556; x_wconf 85' lang='lat' dir='ltr'>asportauerunt</span> 
     </span>
     <span class='ocr_line' id='line_1_11' title="bbox 219 1570 1322 1657; baseline 0 -21"><span class='ocrx_word' id='word_1_92' title='bbox 219 1581 279 1636; x_wconf 88' lang='lat' dir='ltr'>etc.</span> <span class='ocrx_word' id='word_1_93' title='bbox 294 1571 348 1635; x_wconf 93' lang='lat' dir='ltr'>uel</span> <span class='ocrx_word' id='word_1_94' title='bbox 371 1570 398 1636; x_wconf 89' lang='lat' dir='ltr'>si</span> <span class='ocrx_word' id='word_1_95' title='bbox 419 1579 564 1656; x_wconf 87' lang='lat' dir='ltr'>tempore</span> <span class='ocrx_word' id='word_1_96' title='bbox 585 1593 701 1657; x_wconf 81' lang='lat' dir='ltr'>guerre</span> <span class='ocrx_word' id='word_1_97' title='bbox 724 1579 782 1636; x_wconf 90' lang='lat' dir='ltr'>etc.</span> <span class='ocrx_word' id='word_1_98' title='bbox 806 1578 841 1635; x_wconf 93' lang='lat' dir='ltr'>et</span> <span class='ocrx_word' id='word_1_99' title='bbox 862 1570 1109 1656; x_wconf 85' lang='lat' dir='ltr'>inquisicionem</span> <span class='ocrx_word' id='word_1_100' title='bbox 1130 1572 1220 1637; x_wconf 90' lang='lat' dir='ltr'>illam</span> <span class='ocrx_word' id='word_1_101' title='bbox 1241 1572 1322 1637; x_wconf 90' lang='lat' dir='ltr'>scire</span> 
     </span>
     <span class='ocr_line' id='line_1_12' title="bbox 219 1675 889 1762; baseline 0 -22"><span class='ocrx_word' id='word_1_102' title='bbox 219 1675 317 1740; x_wconf 86' lang='lat' dir='ltr'>faciat</span> <span class='ocrx_word' id='word_1_103' title='bbox 332 1683 390 1740; x_wconf 86' lang='lat' dir='ltr'>etc</span> <span class='ocrx_word' id='word_1_104' title='bbox 407 1683 442 1739; x_wconf 90' lang='lat' dir='ltr'>et</span> <span class='ocrx_word' id='word_1_105' title='bbox 456 1697 520 1761; x_wconf 95' lang='lat' dir='ltr'>quo</span> <span class='ocrx_word' id='word_1_106' title='bbox 534 1675 587 1740; x_wconf 93' lang='lat' dir='ltr'>die</span> <span class='ocrx_word' id='word_1_107' title='bbox 602 1683 636 1740; x_wconf 87' lang='lat' dir='ltr'>et</span> <span class='ocrx_word' id='word_1_108' title='bbox 651 1697 715 1762; x_wconf 91' lang='lat' dir='ltr'>quo</span> <span class='ocrx_word' id='word_1_109' title='bbox 729 1697 814 1740; x_wconf 89' lang='lat' dir='ltr'>anno</span> <span class='ocrx_word' id='word_1_110' title='bbox 829 1683 889 1740; x_wconf 84' lang='lat' dir='ltr'>etc</span> 
     </span>
    </p>

    <p class='ocr_par' dir='ltr' id='par_1_3' title="bbox 159 1779 1324 2482">
     <span class='ocr_line' id='line_1_13' title="bbox 159 1779 1322 1866; baseline -0.003 -16"><span class='ocrx_word' id='word_1_111' title='bbox 159 1834 168 1850; x_wconf 92' lang='lat'>.</span> <span class='ocrx_word' id='word_1_112' title='bbox 285 1779 442 1844; x_wconf 83' lang='lat' dir='ltr'>Riesrdus</span> <span class='ocrx_word' id='word_1_113' title='bbox 464 1780 504 1845; x_wconf 89' lang='lat' dir='ltr'>de</span> <span class='ocrx_word' id='word_1_114' title='bbox 528 1780 818 1845; x_wconf 86' lang='lat' dir='ltr'>Hauekeseherche</span> <span class='ocrx_word' id='word_1_115' title='bbox 840 1780 926 1866; x_wconf 88' lang='lat' dir='ltr'>petit</span> <span class='ocrx_word' id='word_1_116' title='bbox 949 1802 1063 1846; x_wconf 86' lang='lat' dir='ltr'>uersus</span> <span class='ocrx_word' id='word_1_117' title='bbox 1087 1780 1253 1845; x_wconf 85' lang='lat' dir='ltr'>Ahhatem</span> <span class='ocrx_word' id='word_1_118' title='bbox 1280 1779 1322 1846; x_wconf 91' lang='lat' dir='ltr'>de</span> 
     </span>
     <span class='ocr_line' id='line_1_14' title="bbox 220 1879 1322 1968; baseline 0.001 -23"><span class='ocrx_word' id='word_1_119' title='bbox 220 1879 345 1946; x_wconf 81' lang='lat' dir='ltr'>Cerne’</span> <span class='ocrx_word' id='word_1_120' title='bbox 358 1881 501 1967; x_wconf 90' lang='lat' dir='ltr'>quinque</span> <span class='ocrx_word' id='word_1_121' title='bbox 517 1881 668 1968; x_wconf 85' lang='lat' dir='ltr'>serlinges</span> <span class='ocrx_word' id='word_1_122' title='bbox 688 1889 773 1946; x_wconf 89' lang='lat' dir='ltr'>terre</span> <span class='ocrx_word' id='word_1_123' title='bbox 788 1904 863 1946; x_wconf 91' lang='lat' dir='ltr'>cum</span> <span class='ocrx_word' id='word_1_124' title='bbox 877 1881 1085 1967; x_wconf 83' lang='lat' dir='ltr'>pertinenciis</span> <span class='ocrx_word' id='word_1_125' title='bbox 1099 1882 1134 1946; x_wconf 91' lang='lat' dir='ltr'>in</span> <span class='ocrx_word' id='word_1_126' title='bbox 1150 1882 1322 1946; x_wconf 77' lang='lat' dir='ltr'>Hsuelres·</span> 
     </span>
     <span class='ocr_line' id='line_1_15' title="bbox 218 1984 1324 2071; baseline 0 -22"><span class='ocrx_word' id='word_1_127' title='bbox 218 1984 354 2049; x_wconf 91' lang='lat' dir='ltr'>cherche</span> <span class='ocrx_word' id='word_1_128' title='bbox 375 1984 410 2050; x_wconf 90' lang='lat' dir='ltr'>in</span> <span class='ocrx_word' id='word_1_129' title='bbox 426 2007 506 2070; x_wconf 92' lang='lat' dir='ltr'>quos</span> <span class='ocrx_word' id='word_1_130' title='bbox 526 1984 614 2049; x_wconf 90' lang='lat' dir='ltr'>idem</span> <span class='ocrx_word' id='word_1_131' title='bbox 636 1985 748 2048; x_wconf 85' lang='lat' dir='ltr'>Abbss</span> <span class='ocrx_word' id='word_1_132' title='bbox 770 2007 834 2049; x_wconf 91' lang='lat' dir='ltr'>non</span> <span class='ocrx_word' id='word_1_133' title='bbox 857 1984 958 2050; x_wconf 85' lang='lat' dir='ltr'>hebet</span> <span class='ocrx_word' id='word_1_134' title='bbox 979 1985 1158 2071; x_wconf 85' lang='lat' dir='ltr'>ingressum</span> <span class='ocrx_word' id='word_1_135' title='bbox 1181 1985 1244 2050; x_wconf 87' lang='lat' dir='ltr'>nisi</span> <span class='ocrx_word' id='word_1_136' title='bbox 1265 2006 1324 2071; x_wconf 92' lang='lat' dir='ltr'>per</span> 
     </span>
     <span class='ocr_line' id='line_1_16' title="bbox 219 2087 1323 2174; baseline 0.003 -24"><span class='ocrx_word' id='word_1_137' title='bbox 219 2087 412 2174; x_wconf 76' lang='lat' dir='ltr'>Magistrum</span> <span class='ocrx_word' id='word_1_138' title='bbox 442 2087 631 2172; x_wconf 88' lang='lat' dir='ltr'>Philippum</span> <span class='ocrx_word' id='word_1_139' title='bbox 659 2087 700 2151; x_wconf 92' lang='lat' dir='ltr'>de</span> <span class='ocrx_word' id='word_1_140' title='bbox 729 2087 1031 2164; x_wconf 84' lang='lat' dir='ltr'>Hsuekesoherohe‚</span> <span class='ocrx_word' id='word_1_141' title='bbox 1054 2087 1110 2173; x_wconf 91' lang='lat' dir='ltr'>qui</span> <span class='ocrx_word' id='word_1_142' title='bbox 1135 2087 1242 2174; x_wconf 87' lang='lat' dir='ltr'>ipsum</span> <span class='ocrx_word' id='word_1_143' title='bbox 1265 2088 1323 2153; x_wconf 88' lang='lat' dir='ltr'>Ri-</span> 
     </span>
     <span class='ocr_line' id='line_1_17' title="bbox 219 2189 1322 2276; baseline 0.001 -22"><span class='ocrx_word' id='word_1_144' title='bbox 219 2190 351 2255; x_wconf 85' lang='lat' dir='ltr'>cardum</span> <span class='ocrx_word' id='word_1_145' title='bbox 372 2189 493 2254; x_wconf 87' lang='lat' dir='ltr'>iniuste</span> <span class='ocrx_word' id='word_1_146' title='bbox 518 2198 553 2254; x_wconf 90' lang='lat' dir='ltr'>et</span> <span class='ocrx_word' id='word_1_147' title='bbox 577 2190 647 2255; x_wconf 90' lang='lat' dir='ltr'>sine</span> <span class='ocrx_word' id='word_1_148' title='bbox 670 2189 790 2254; x_wconf 89' lang='lat' dir='ltr'>iudicio</span> <span class='ocrx_word' id='word_1_149' title='bbox 815 2189 892 2254; x_wconf 90' lang='lat' dir='ltr'>inde</span> <span class='ocrx_word' id='word_1_150' title='bbox 917 2189 1094 2255; x_wconf 84' lang='lat' dir='ltr'>disseisiuit</span> <span class='ocrx_word' id='word_1_151' title='bbox 1116 2199 1191 2276; x_wconf 90' lang='lat' dir='ltr'>post</span> <span class='ocrx_word' id='word_1_152' title='bbox 1215 2191 1322 2255; x_wconf 88' lang='lat' dir='ltr'>ultim’</span> 
     </span>
     <span class='ocr_line' id='line_1_18' title="bbox 219 2292 1323 2379; baseline -0.001 -20"><span class='ocrx_word' id='word_1_153' title='bbox 219 2303 280 2359; x_wconf 82' lang='lat' dir='ltr'>ete</span> <span class='ocrx_word' id='word_1_154' title='bbox 295 2295 344 2358; x_wconf 80' lang='lat' dir='ltr'>its</span> <span class='ocrx_word' id='word_1_155' title='bbox 359 2293 444 2379; x_wconf 91' lang='lat' dir='ltr'>quod</span> <span class='ocrx_word' id='word_1_156' title='bbox 465 2293 566 2358; x_wconf 80' lang='lat' dir='ltr'>assisa</span> <span class='ocrx_word' id='word_1_157' title='bbox 584 2315 669 2358; x_wconf 90' lang='lat' dir='ltr'>noue</span> <span class='ocrx_word' id='word_1_158' title='bbox 684 2292 873 2357; x_wconf 85' lang='lat' dir='ltr'>disseisine⁸</span> <span class='ocrx_word' id='word_1_159' title='bbox 886 2300 947 2357; x_wconf 82' lang='lat' dir='ltr'>etc</span> <span class='ocrx_word' id='word_1_160' title='bbox 962 2300 997 2356; x_wconf 91' lang='lat' dir='ltr'>et</span> <span class='ocrx_word' id='word_1_161' title='bbox 1014 2293 1105 2358; x_wconf 90' lang='lat' dir='ltr'>uisus</span> <span class='ocrx_word' id='word_1_162' title='bbox 1119 2301 1154 2358; x_wconf 90' lang='lat' dir='ltr'>et</span> <span class='ocrx_word' id='word_1_163' title='bbox 1167 2293 1323 2358; x_wconf 79' lang='lat' dir='ltr'>remansit</span> 
     </span>
     <span class='ocr_line' id='line_1_19' title="bbox 219 2397 837 2482; baseline 0 -20"><span class='ocrx_word' id='word_1_164' title='bbox 219 2398 382 2462; x_wconf 85' lang='lat' dir='ltr'>occasione</span> <span class='ocrx_word' id='word_1_165' title='bbox 396 2397 509 2462; x_wconf 88' lang='lat' dir='ltr'>mortis</span> <span class='ocrx_word' id='word_1_166' title='bbox 524 2397 670 2462; x_wconf 89' lang='lat' dir='ltr'>eiusdem</span> <span class='ocrx_word' id='word_1_167' title='bbox 685 2397 837 2482; x_wconf 83' lang='lat' dir='ltr'>Philippi</span> 
     </span>
    </p>

    <p class='ocr_par' dir='ltr' id='par_1_4' title="bbox 218 2499 1325 3292">
     <span class='ocr_line' id='line_1_20' title="bbox 283 2499 1322 2587; baseline 0.002 -23"><span class='ocrx_word' id='word_1_168' title='bbox 283 2501 328 2564; x_wconf 89' lang='lat' dir='ltr'>Et</span> <span class='ocrx_word' id='word_1_169' title='bbox 350 2500 462 2565; x_wconf 85' lang='lat' dir='ltr'>Abbss</span> <span class='ocrx_word' id='word_1_170' title='bbox 487 2499 581 2564; x_wconf 85' lang='lat' dir='ltr'>uenit</span> <span class='ocrx_word' id='word_1_171' title='bbox 610 2508 645 2564; x_wconf 91' lang='lat' dir='ltr'>et</span> <span class='ocrx_word' id='word_1_172' title='bbox 674 2499 754 2564; x_wconf 89' lang='lat' dir='ltr'>dicit</span> <span class='ocrx_word' id='word_1_173' title='bbox 783 2499 871 2585; x_wconf 92' lang='lat' dir='ltr'>quod</span> <span class='ocrx_word' id='word_1_174' title='bbox 898 2500 1026 2565; x_wconf 88' lang='lat' dir='ltr'>nullum</span> <span class='ocrx_word' id='word_1_175' title='bbox 1054 2499 1107 2564; x_wconf 90' lang='lat' dir='ltr'>ius</span> <span class='ocrx_word' id='word_1_176' title='bbox 1135 2500 1236 2566; x_wconf 85' lang='lat' dir='ltr'>habet</span> <span class='ocrx_word' id='word_1_177' title='bbox 1263 2523 1322 2587; x_wconf 90' lang='lat' dir='ltr'>per</span> 
     </span>
     <span class='ocr_line' id='line_1_21' title="bbox 219 2601 1321 2689; baseline 0.001 -23"><span class='ocrx_word' id='word_1_178' title='bbox 219 2601 401 2688; x_wconf 89' lang='lat' dir='ltr'>predictum</span> <span class='ocrx_word' id='word_1_179' title='bbox 438 2601 626 2688; x_wconf 91' lang='lat' dir='ltr'>Philippum</span> <span class='ocrx_word' id='word_1_180' title='bbox 662 2601 698 2666; x_wconf 89' lang='lat' dir='ltr'>in</span> <span class='ocrx_word' id='word_1_181' title='bbox 734 2609 855 2666; x_wconf 84' lang='lat' dir='ltr'>terrem</span> <span class='ocrx_word' id='word_1_182' title='bbox 891 2602 981 2667; x_wconf 86' lang='lat' dir='ltr'>illam</span> <span class='ocrx_word' id='word_1_183' title='bbox 1016 2602 1094 2688; x_wconf 85' lang='lat' dir='ltr'>quia</span> <span class='ocrx_word' id='word_1_184' title='bbox 1132 2602 1321 2689; x_wconf 77' lang='lat' dir='ltr'>priusquam</span> 
     </span>
     <span class='ocr_line' id='line_1_22' title="bbox 220 2705 1322 2792; baseline 0.002 -23"><span class='ocrx_word' id='word_1_185' title='bbox 220 2706 391 2792; x_wconf 88' lang='lat' dir='ltr'>Philippus</span> <span class='ocrx_word' id='word_1_186' title='bbox 411 2705 546 2770; x_wconf 83' lang='lat' dir='ltr'>heberet</span> <span class='ocrx_word' id='word_1_187' title='bbox 568 2714 688 2769; x_wconf 87' lang='lat' dir='ltr'>terram</span> <span class='ocrx_word' id='word_1_188' title='bbox 710 2705 809 2783; x_wconf 85' lang='lat' dir='ltr'>illem,</span> <span class='ocrx_word' id='word_1_189' title='bbox 824 2706 934 2770; x_wconf 89' lang='lat' dir='ltr'>tenuit</span> <span class='ocrx_word' id='word_1_190' title='bbox 956 2705 1044 2771; x_wconf 88' lang='lat' dir='ltr'>idem</span> <span class='ocrx_word' id='word_1_191' title='bbox 1067 2705 1179 2771; x_wconf 84' lang='lat' dir='ltr'>Abbcs</span> <span class='ocrx_word' id='word_1_192' title='bbox 1202 2714 1322 2772; x_wconf 82' lang='lat' dir='ltr'>terrem</span> 
     </span>
     <span class='ocr_line' id='line_1_23' title="bbox 218 2807 1322 2875; baseline 0.002 -2"><span class='ocrx_word' id='word_1_193' title='bbox 218 2807 309 2874; x_wconf 90' lang='lat' dir='ltr'>illam</span> <span class='ocrx_word' id='word_1_194' title='bbox 345 2817 385 2872; x_wconf 93' lang='lat' dir='ltr'>ut</span> <span class='ocrx_word' id='word_1_195' title='bbox 416 2808 469 2872; x_wconf 92' lang='lat' dir='ltr'>ius</span> <span class='ocrx_word' id='word_1_196' title='bbox 505 2807 637 2872; x_wconf 84' lang='lat' dir='ltr'>ecclesie</span> <span class='ocrx_word' id='word_1_197' title='bbox 671 2829 729 2872; x_wconf 92' lang='lat' dir='ltr'>sue</span> <span class='ocrx_word' id='word_1_198' title='bbox 764 2816 823 2872; x_wconf 89' lang='lat' dir='ltr'>etc.</span> <span class='ocrx_word' id='word_1_199' title='bbox 854 2816 890 2872; x_wconf 90' lang='lat' dir='ltr'>et</span> <span class='ocrx_word' id='word_1_200' title='bbox 924 2807 1015 2872; x_wconf 82' lang='lat' dir='ltr'>illem</span> <span class='ocrx_word' id='word_1_201' title='bbox 1052 2808 1187 2873; x_wconf 81' lang='lat' dir='ltr'>tradidit</span> <span class='ocrx_word' id='word_1_202' title='bbox 1215 2809 1322 2875; x_wconf 89' lang='lat' dir='ltr'>eidem</span> 
     </span>
     <span class='ocr_line' id='line_1_24' title="bbox 221 2910 1324 2999; baseline 0 -22"><span class='ocrx_word' id='word_1_203' title='bbox 221 2913 373 2999; x_wconf 91' lang='lat' dir='ltr'>Philippo</span> <span class='ocrx_word' id='word_1_204' title='bbox 394 2911 437 2977; x_wconf 86' lang='lat' dir='ltr'>ad</span> <span class='ocrx_word' id='word_1_205' title='bbox 458 2913 593 2989; x_wconf 87' lang='lat' dir='ltr'>firmam,</span> <span class='ocrx_word' id='word_1_206' title='bbox 611 2911 661 2976; x_wconf 86' lang='lat' dir='ltr'>ita</span> <span class='ocrx_word' id='word_1_207' title='bbox 681 2910 767 2996; x_wconf 92' lang='lat' dir='ltr'>quod</span> <span class='ocrx_word' id='word_1_208' title='bbox 788 2910 876 2975; x_wconf 91' lang='lat' dir='ltr'>idem</span> <span class='ocrx_word' id='word_1_209' title='bbox 900 2910 1070 2997; x_wconf 90' lang='lat' dir='ltr'>Philippus</span> <span class='ocrx_word' id='word_1_210' title='bbox 1093 2910 1183 2975; x_wconf 84' lang='lat' dir='ltr'>illam</span> <span class='ocrx_word' id='word_1_211' title='bbox 1206 2911 1324 2977; x_wconf 89' lang='lat' dir='ltr'>habuit</span> 
     </span>
     <span class='ocr_line' id='line_1_25' title="bbox 218 3015 1324 3103; baseline 0 -22"><span class='ocrx_word' id='word_1_212' title='bbox 218 3039 279 3103; x_wconf 89' lang='lat' dir='ltr'>per</span> <span class='ocrx_word' id='word_1_213' title='bbox 306 3017 447 3082; x_wconf 86' lang='lat' dir='ltr'>eundem</span> <span class='ocrx_word' id='word_1_214' title='bbox 475 3017 640 3081; x_wconf 82' lang='lat' dir='ltr'>Abbatem</span> <span class='ocrx_word' id='word_1_215' title='bbox 670 3024 705 3079; x_wconf 91' lang='lat' dir='ltr'>et</span> <span class='ocrx_word' id='word_1_216' title='bbox 739 3015 874 3080; x_wconf 86' lang='lat' dir='ltr'>ecclesis</span> <span class='ocrx_word' id='word_1_217' title='bbox 901 3036 961 3079; x_wconf 85' lang='lat' dir='ltr'>sua</span> <span class='ocrx_word' id='word_1_218' title='bbox 988 3037 1117 3100; x_wconf 89' lang='lat' dir='ltr'>semper</span> <span class='ocrx_word' id='word_1_219' title='bbox 1150 3015 1215 3080; x_wconf 86' lang='lat' dir='ltr'>fuit</span> <span class='ocrx_word' id='word_1_220' title='bbox 1246 3015 1324 3081; x_wconf 90' lang='lat' dir='ltr'>inde</span> 
     </span>
     <span class='ocr_line' id='line_1_26' title="bbox 219 3118 1325 3212; baseline -0.001 -26"><span class='ocrx_word' id='word_1_221' title='bbox 219 3120 331 3186; x_wconf 88' lang='lat' dir='ltr'>seisita</span> <span class='ocrx_word' id='word_1_222' title='bbox 351 3129 525 3207; x_wconf 83' lang='lat' dir='ltr'>postquam</span> <span class='ocrx_word' id='word_1_223' title='bbox 544 3119 682 3184; x_wconf 83' lang='lat' dir='ltr'>firndatu</span> <span class='ocrx_word' id='word_1_224' title='bbox 710 3119 774 3184; x_wconf 93' lang='lat' dir='ltr'>fuit</span> <span class='ocrx_word' id='word_1_225' title='bbox 803 3127 838 3183; x_wconf 91' lang='lat' dir='ltr'>et</span> <span class='ocrx_word' id='word_1_226' title='bbox 866 3118 943 3185; x_wconf 89' lang='lat' dir='ltr'>inde</span> <span class='ocrx_word' id='word_1_227' title='bbox 971 3118 1066 3206; x_wconf 89' lang='lat' dir='ltr'>ponit</span> <span class='ocrx_word' id='word_1_228' title='bbox 1079 3141 1129 3212; x_wconf 84' lang='lat' dir='ltr'>se</span> <span class='ocrx_word' id='word_1_229' title='bbox 1154 3141 1253 3206; x_wconf 89' lang='lat' dir='ltr'>super</span> <span class='ocrx_word' id='word_1_230' title='bbox 1273 3120 1325 3185; x_wconf 90' lang='lat' dir='ltr'>iu·</span> 
     </span>
     <span class='ocr_line' id='line_1_27' title="bbox 219 3235 333 3292; baseline 0.009 -1"><span class='ocrx_word' id='word_1_231' title='bbox 219 3235 333 3292; x_wconf 87' lang='lat' dir='ltr'>ratam.</span> 
     </span>
    </p>

    <p class='ocr_par' dir='ltr' id='par_1_5' title="bbox 219 3325 1324 4033">
     <span class='ocr_line' id='line_1_28' title="bbox 285 3325 1323 3412; baseline -0.003 -19"><span class='ocrx_word' id='word_1_232' title='bbox 285 3329 330 3392; x_wconf 86' lang='lat' dir='ltr'>Et</span> <span class='ocrx_word' id='word_1_233' title='bbox 366 3326 524 3393; x_wconf 86' lang='lat' dir='ltr'>Ricerdus</span> <span class='ocrx_word' id='word_1_234' title='bbox 553 3326 633 3391; x_wconf 89' lang='lat' dir='ltr'>dicit</span> <span class='ocrx_word' id='word_1_235' title='bbox 662 3326 748 3412; x_wconf 90' lang='lat' dir='ltr'>quod</span> <span class='ocrx_word' id='word_1_236' title='bbox 777 3325 848 3412; x_wconf 91' lang='lat' dir='ltr'>ipse</span> <span class='ocrx_word' id='word_1_237' title='bbox 876 3326 987 3391; x_wconf 86' lang='lat' dir='ltr'>tenuit</span> <span class='ocrx_word' id='word_1_238' title='bbox 1014 3333 1135 3390; x_wconf 79' lang='lat' dir='ltr'>terram</span> <span class='ocrx_word' id='word_1_239' title='bbox 1164 3325 1255 3390; x_wconf 88' lang='lat' dir='ltr'>illam</span> <span class='ocrx_word' id='word_1_240' title='bbox 1283 3333 1323 3390; x_wconf 89' lang='lat' dir='ltr'>ut</span> 
     </span>
     <span class='ocr_line' id='line_1_29' title="bbox 219 3428 1323 3516; baseline -0.003 -20"><span class='ocrx_word' id='word_1_241' title='bbox 219 3431 271 3496; x_wconf 90' lang='lat' dir='ltr'>ius</span> <span class='ocrx_word' id='word_1_242' title='bbox 289 3453 386 3495; x_wconf 90' lang='lat' dir='ltr'>suum</span> <span class='ocrx_word' id='word_1_243' title='bbox 407 3438 441 3495; x_wconf 91' lang='lat' dir='ltr'>et</span> <span class='ocrx_word' id='word_1_244' title='bbox 463 3438 537 3516; x_wconf 93' lang='lat' dir='ltr'>post</span> <span class='ocrx_word' id='word_1_245' title='bbox 558 3438 697 3494; x_wconf 90' lang='lat' dir='ltr'>mortem</span> <span class='ocrx_word' id='word_1_246' title='bbox 719 3428 856 3495; x_wconf 89' lang='lat' dir='ltr'>Roberti</span> <span class='ocrx_word' id='word_1_247' title='bbox 874 3428 976 3515; x_wconf 80' lang='lat' dir='ltr'>patris</span> <span class='ocrx_word' id='word_1_248' title='bbox 998 3429 1051 3493; x_wconf 90' lang='lat' dir='ltr'>sui</span> <span class='ocrx_word' id='word_1_249' title='bbox 1072 3428 1228 3494; x_wconf 87' lang='lat' dir='ltr'>remansit</span> <span class='ocrx_word' id='word_1_250' title='bbox 1252 3429 1323 3515; x_wconf 90' lang='lat' dir='ltr'>ipse</span> 
     </span>
     <span class='ocr_line' id='line_1_30' title="bbox 219 3532 1323 3619; baseline -0.001 -20"><span class='ocrx_word' id='word_1_251' title='bbox 219 3534 255 3599; x_wconf 88' lang='lat' dir='ltr'>in</span> <span class='ocrx_word' id='word_1_252' title='bbox 271 3542 356 3599; x_wconf 79' lang='lat' dir='ltr'>terra</span> <span class='ocrx_word' id='word_1_253' title='bbox 369 3533 427 3599; x_wconf 90' lang='lat' dir='ltr'>illa</span> <span class='ocrx_word' id='word_1_254' title='bbox 440 3533 529 3598; x_wconf 85' lang='lat' dir='ltr'>utin</span> <span class='ocrx_word' id='word_1_255' title='bbox 544 3533 646 3599; x_wconf 89' lang='lat' dir='ltr'>libero</span> <span class='ocrx_word' id='word_1_256' title='bbox 660 3541 849 3598; x_wconf 88' lang='lat' dir='ltr'>tenemento</span> <span class='ocrx_word' id='word_1_257' title='bbox 863 3555 921 3597; x_wconf 90' lang='lat' dir='ltr'>suo</span> <span class='ocrx_word' id='word_1_258' title='bbox 936 3541 972 3597; x_wconf 85' lang='lat' dir='ltr'>et</span> <span class='ocrx_word' id='word_1_259' title='bbox 984 3532 1076 3597; x_wconf 84' lang='lat' dir='ltr'>illam</span> <span class='ocrx_word' id='word_1_260' title='bbox 1091 3533 1200 3598; x_wconf 85' lang='lat' dir='ltr'>tenuit</span> <span class='ocrx_word' id='word_1_261' title='bbox 1219 3554 1323 3619; x_wconf 88' lang='lat' dir='ltr'>nsque</span> 
     </span>
     <span class='ocr_line' id='line_1_31' title="bbox 220 3635 1324 3722; baseline 0.001 -22"><span class='ocrx_word' id='word_1_262' title='bbox 220 3635 308 3700; x_wconf 89' lang='lat' dir='ltr'>idem</span> <span class='ocrx_word' id='word_1_263' title='bbox 322 3635 495 3722; x_wconf 91' lang='lat' dir='ltr'>Philippus</span> <span class='ocrx_word' id='word_1_264' title='bbox 509 3658 585 3701; x_wconf 90' lang='lat' dir='ltr'>eum</span> <span class='ocrx_word' id='word_1_265' title='bbox 598 3635 676 3700; x_wconf 91' lang='lat' dir='ltr'>inde</span> <span class='ocrx_word' id='word_1_266' title='bbox 690 3635 867 3700; x_wconf 87' lang='lat' dir='ltr'>disseisiuit</span> <span class='ocrx_word' id='word_1_267' title='bbox 880 3643 916 3699; x_wconf 88' lang='lat' dir='ltr'>et</span> <span class='ocrx_word' id='word_1_268' title='bbox 935 3635 1021 3721; x_wconf 89' lang='lat' dir='ltr'>petit</span> <span class='ocrx_word' id='word_1_269' title='bbox 1040 3635 1201 3701; x_wconf 72' lang='lat' dir='ltr'>seisinsm.</span> <span class='ocrx_word' id='word_1_270' title='bbox 1244 3637 1324 3702; x_wconf 86' lang='lat' dir='ltr'>Post</span> 
     </span>
     <span class='ocr_line' id='line_1_32' title="bbox 220 3739 1322 3826; baseline 0.001 -22"><span class='ocrx_word' id='word_1_271' title='bbox 220 3739 300 3804; x_wconf 85' lang='lat' dir='ltr'>dicit</span> <span class='ocrx_word' id='word_1_272' title='bbox 325 3739 413 3804; x_wconf 91' lang='lat' dir='ltr'>idem</span> <span class='ocrx_word' id='word_1_273' title='bbox 442 3739 600 3804; x_wconf 75' lang='lat' dir='ltr'>Ricardus</span> <span class='ocrx_word' id='word_1_274' title='bbox 625 3739 711 3826; x_wconf 93' lang='lat' dir='ltr'>quod</span> <span class='ocrx_word' id='word_1_275' title='bbox 740 3739 775 3804; x_wconf 90' lang='lat' dir='ltr'>in</span> <span class='ocrx_word' id='word_1_276' title='bbox 804 3739 876 3804; x_wconf 80' lang='lat' dir='ltr'>uite</span> <span class='ocrx_word' id='word_1_277' title='bbox 904 3740 1006 3826; x_wconf 87' lang='lat' dir='ltr'>patris</span> <span class='ocrx_word' id='word_1_278' title='bbox 1034 3739 1087 3806; x_wconf 91' lang='lat' dir='ltr'>sui</span> <span class='ocrx_word' id='word_1_279' title='bbox 1115 3739 1225 3805; x_wconf 89' lang='lat' dir='ltr'>tenuit</span> <span class='ocrx_word' id='word_1_280' title='bbox 1252 3740 1322 3826; x_wconf 88' lang='lat' dir='ltr'>ipse</span> 
     </span>
     <span class='ocr_line' id='line_1_33' title="bbox 220 3842 1323 3929; baseline 0.002 -23"><span class='ocrx_word' id='word_1_281' title='bbox 220 3842 451 3907; x_wconf 74' lang='lat' dir='ltr'>terramillam</span> <span class='ocrx_word' id='word_1_282' title='bbox 475 3865 515 3907; x_wconf 84' lang='lat' dir='ltr'>ex</span> <span class='ocrx_word' id='word_1_283' title='bbox 537 3843 622 3908; x_wconf 93' lang='lat' dir='ltr'>dono</span> <span class='ocrx_word' id='word_1_284' title='bbox 644 3843 780 3908; x_wconf 88' lang='lat' dir='ltr'>Roberti</span> <span class='ocrx_word' id='word_1_285' title='bbox 801 3843 904 3929; x_wconf 88' lang='lat' dir='ltr'>patris</span> <span class='ocrx_word' id='word_1_286' title='bbox 928 3843 981 3908; x_wconf 89' lang='lat' dir='ltr'>sui</span> <span class='ocrx_word' id='word_1_287' title='bbox 1003 3865 1062 3929; x_wconf 90' lang='lat' dir='ltr'>per</span> <span class='ocrx_word' id='word_1_288' title='bbox 1083 3842 1139 3928; x_wconf 83' lang='lat' dir='ltr'>xij.</span> <span class='ocrx_word' id='word_1_289' title='bbox 1163 3864 1265 3907; x_wconf 79' lang='lat' dir='ltr'>annos</span> <span class='ocrx_word' id='word_1_290' title='bbox 1288 3850 1323 3908; x_wconf 89' lang='lat' dir='ltr'>et</span> 
     </span>
     <span class='ocr_line' id='line_1_34' title="bbox 220 3945 1064 4033; baseline 0.002 -23"><span class='ocrx_word' id='word_1_291' title='bbox 220 3945 399 4012; x_wconf 85' lang='lat' dir='ltr'>deaduooat</span> <span class='ocrx_word' id='word_1_292' title='bbox 414 3947 500 4032; x_wconf 91' lang='lat' dir='ltr'>quod</span> <span class='ocrx_word' id='word_1_293' title='bbox 515 3954 660 4011; x_wconf 83' lang='lat' dir='ltr'>narrator</span> <span class='ocrx_word' id='word_1_294' title='bbox 673 3969 750 4011; x_wconf 88' lang='lat' dir='ltr'>suus</span> <span class='ocrx_word' id='word_1_295' title='bbox 765 3969 823 4033; x_wconf 92' lang='lat' dir='ltr'>pro</span> <span class='ocrx_word' id='word_1_296' title='bbox 838 3969 876 4011; x_wconf 92' lang='lat' dir='ltr'>eo</span> <span class='ocrx_word' id='word_1_297' title='bbox 890 3946 1036 4011; x_wconf 79' lang='lat' dir='ltr'>narrauit</span> <span class='ocrx_word' id='word_1_298' title='bbox 1045 3945 1064 4012; x_wconf 78' lang='lat'>⁴.</span> 
     </span>
    </p>

    <p class='ocr_par' dir='ltr' id='par_1_6' title="bbox 285 4047 1323 4136">
     <span class='ocr_line' id='line_1_35' title="bbox 285 4047 1323 4136; baseline 0.001 -23"><span class='ocrx_word' id='word_1_299' title='bbox 285 4050 330 4114; x_wconf 87' lang='lat' dir='ltr'>Et</span> <span class='ocrx_word' id='word_1_300' title='bbox 344 4050 456 4115; x_wconf 82' lang='lat' dir='ltr'>Abhss</span> <span class='ocrx_word' id='word_1_301' title='bbox 470 4071 528 4136; x_wconf 88' lang='lat' dir='ltr'>per</span> <span class='ocrx_word' id='word_1_302' title='bbox 541 4057 744 4114; x_wconf 83' lang='lat' dir='ltr'>attornetum</span> <span class='ocrx_word' id='word_1_303' title='bbox 758 4073 856 4114; x_wconf 91' lang='lat' dir='ltr'>suum</span> <span class='ocrx_word' id='word_1_304' title='bbox 869 4048 950 4114; x_wconf 83' lang='lat' dir='ltr'>dicit</span> <span class='ocrx_word' id='word_1_305' title='bbox 960 4048 1048 4134; x_wconf 92' lang='lat' dir='ltr'>quod</span> <span class='ocrx_word' id='word_1_306' title='bbox 1061 4047 1149 4113; x_wconf 94' lang='lat' dir='ltr'>idem</span> <span class='ocrx_word' id='word_1_307' title='bbox 1165 4047 1323 4114; x_wconf 84' lang='lat' dir='ltr'>Ricardus</span> 
     </span>
    </p>
   </div>
   <div class='ocr_carea' id='block_1_3' title="bbox 253 4262 1322 4392">
    <p class='ocr_par' dir='ltr' id='par_1_7' title="bbox 253 4262 1322 4392">
     <span class='ocr_line' id='line_1_36' title="bbox 253 4262 1322 4342; baseline -0.001 -26"><span class='ocrx_word' id='word_1_308' title='bbox 253 4263 263 4295; x_wconf 89' lang='lat'>¹</span> <span class='ocrx_word' id='word_1_309' title='bbox 276 4266 428 4328; x_wconf 73' lang='lat' dir='ltr'>placitantes</span> <span class='ocrx_word' id='word_1_310' title='bbox 437 4280 533 4317; x_wconf 72' lang='lat' dir='ltr'>cornu.</span> <span class='ocrx_word' id='word_1_311' title='bbox 828 4265 846 4342; x_wconf 71' lang='lat'>⁴.</span> <span class='ocrx_word' id='word_1_312' title='bbox 854 4263 897 4341; x_wconf 75' lang='lat' dir='ltr'>He</span> <span class='ocrx_word' id='word_1_313' title='bbox 912 4262 1038 4315; x_wconf 75' lang='lat' dir='ltr'>disemus</span> <span class='ocrx_word' id='word_1_314' title='bbox 1052 4262 1099 4340; x_wconf 85' lang='lat' dir='ltr'>his¹</span> <span class='ocrx_word' id='word_1_315' title='bbox 1110 4263 1236 4326; x_wconf 81' lang='lat' dir='ltr'>pleader’s</span> <span class='ocrx_word' id='word_1_316' title='bbox 1255 4264 1322 4326; x_wconf 79' lang='lat' dir='ltr'>ples.</span> 
     </span>
     <span class='ocr_line' id='line_1_37' title="bbox 254 4327 1322 4392; baseline 0.001 -12"><span class='ocrx_word' id='word_1_317' title='bbox 254 4329 395 4382; x_wconf 64' lang='lat' dir='ltr'>’nonest</span> <span class='ocrx_word' id='word_1_318' title='bbox 407 4331 459 4381; x_wconf 85' lang='lat' dir='ltr'>rol.</span> <span class='ocrx_word' id='word_1_319' title='bbox 469 4333 494 4389; x_wconf 79' lang='lat'>2,</span> <span class='ocrx_word' id='word_1_320' title='bbox 505 4345 531 4392; x_wconf 86' lang='lat' dir='ltr'>p.</span> <span class='ocrx_word' id='word_1_321' title='bbox 543 4331 602 4380; x_wconf 77' lang='lat'><strong>621.</strong></span> <span class='ocrx_word' id='word_1_322' title='bbox 797 4327 862 4380; x_wconf 80' lang='lat' dir='ltr'>Thu</span> <span class='ocrx_word' id='word_1_323' title='bbox 883 4344 907 4381; x_wconf 82' lang='lat' dir='ltr'>rs</span> <span class='ocrx_word' id='word_1_324' title='bbox 928 4345 945 4382; x_wconf 76' lang='lat' dir='ltr'>e</span> <span class='ocrx_word' id='word_1_325' title='bbox 965 4344 1023 4381; x_wconf 75' lang='lat' dir='ltr'>rure</span> <span class='ocrx_word' id='word_1_326' title='bbox 1044 4333 1130 4382; x_wconf 83' lang='lat' dir='ltr'>notros</span> <span class='ocrx_word' id='word_1_327' title='bbox 1151 4331 1180 4380; x_wconf 81' lang='lat' dir='ltr'>of</span> <span class='ocrx_word' id='word_1_328' title='bbox 1200 4329 1245 4380; x_wconf 86' lang='lat' dir='ltr'>the</span> <span class='ocrx_word' id='word_1_329' title='bbox 1264 4345 1322 4381; x_wconf 75' lang='lat' dir='ltr'>aar·</span> 
     </span>
    </p>
   </div>
   <div class='ocr_carea' id='block_1_4' title="bbox 223 4393 877 4511">
    <p class='ocr_par' dir='ltr' id='par_1_8' title="bbox 223 4393 877 4511">
     <span class='ocr_line' id='line_1_38' title="bbox 253 4393 877 4460; baseline 0.005 -17"><span class='ocrx_word' id='word_1_330' title='bbox 253 4393 266 4427; x_wconf 80' lang='lat'><em>²</em></span> <span class='ocrx_word' id='word_1_331' title='bbox 279 4397 465 4457; x_wconf 71' lang='lat' dir='ltr'>oromtatofisit</span> <span class='ocrx_word' id='word_1_332' title='bbox 473 4403 498 4446; x_wconf 80' lang='lat' dir='ltr'>et</span> <span class='ocrx_word' id='word_1_333' title='bbox 505 4397 747 4460; x_wconf 60' lang='lat' dir='ltr'>olomucensem</span> <span class='ocrx_word' id='word_1_334' title='bbox 797 4403 877 4446; x_wconf 84' lang='lat' dir='ltr'>rator.</span> 
     </span>
     <span class='ocr_line' id='line_1_39' title="bbox 223 4459 453 4511; baseline 0 -1"><span class='ocrx_word' id='word_1_335' title='bbox 223 4459 270 4510; x_wconf 78' lang='lat' dir='ltr'>See</span> <span class='ocrx_word' id='word_1_336' title='bbox 281 4460 324 4511; x_wconf 84' lang='lat' dir='ltr'>Bt.</span> <span class='ocrx_word' id='word_1_337' title='bbox 337 4461 357 4510; x_wconf 89' lang='lat' dir='ltr'>l.</span> <span class='ocrx_word' id='word_1_338' title='bbox 368 4462 416 4509; x_wconf 77' lang='lat'>218</span> <span class='ocrx_word' id='word_1_339' title='bbox 427 4461 453 4510; x_wconf 93' lang='lat' dir='ltr'>b.</span> 
     </span>
    </p>
   </div>
   <div class='ocr_carea' id='block_1_5' title="bbox 308 4565 1236 4625">
    <p class='ocr_par' dir='ltr' id='par_1_9' title="bbox 308 4565 1236 4625">
     <span class='ocr_line' id='line_1_40' title="bbox 308 4565 1236 4625; baseline -0.006 0"><span class='ocrx_word' id='word_1_340' title='bbox 308 4577 341 4625; x_wconf 77' lang='lat' dir='ltr'>hl.</span> <span class='ocrx_word' id='word_1_341' title='bbox 1216 4565 1236 4619; x_wconf 78' lang='grc'><strong>8</strong></span> 
     </span>
    </p>
   </div>
   <div class='ocr_carea' id='block_1_6' title="bbox 0 0 1677 5217">
    <p class='ocr_par' dir='ltr' id='par_1_10' title="bbox 0 0 1677 5217">
     <span class='ocr_line' id='line_1_41' title="bbox 0 0 1677 5217; baseline 0 0"><span class='ocrx_word' id='word_1_342' title='bbox 0 0 1677 5217; x_wconf 95' lang='lat' dir='ltr'> </span> 
     </span>
    </p>
   </div>
  </div>
 </body>
</html>
