3342 5217
374 456 436 516 148
683 465 906 521 saansaan.
931 451 1023 521 1222,
1046 467 1108 512 aa.
1132 459 1160 514 0.

252 637 321 699 182.
436 639 602 703 Johannes
632 636 673 701 (10
699 635 832 723 Isegny¹
858 636 1040 700 sumonitus
1063 636 1127 699 fuit
1149 635 1191 700 ad
1214 633 1473 720 respondendum

257 734 312 774 ΗΜ
373 743 475 809 Priori
508 743 549 807 de
585 739 860 827 Simplingeham'
888 762 987 825 quare
1016 739 1154 825 impedit
1183 761 1259 804 eum
1287 747 1473 824 presentare

372 848 530 934 ydoneam
566 868 734 933 personam
768 844 810 909 ad
843 845 1009 909 eeclesiam
1038 845 1079 910 de
1109 845 1257 910 Nortona
1285 864 1349 928 que
1377 849 1474 904 uacat

372 960 431 1018 010.
452 952 544 1017 cuius
565 949 811 1015 aduocaeionem
835 948 923 1012 idem
948 949 1037 1013 Prior
1059 949 1178 1013 clamat
1199 970 1312 1013 uersus
1333 946 1473 1011 eundem

372 1056 562 1121 Johannem

438 1160 482 1224 Et
495 1160 519 1224 J
520 1159 661 1224 ohannes
677 1157 770 1222 uenit
785 1165 819 1220 et
834 1155 914 1221 dicit
934 1157 1020 1241 quod
1041 1158 1126 1221 iuste
1149 1154 1287 1241 impedit
1308 1160 1472 1239 presenta-

372 1262 497 1328 cionem
517 1285 608 1328 suam
624 1262 701 1348 quia
715 1260 820 1325 Adam
836 1260 877 1324 de
892 1260 1031 1347 Isegeny
1045 1262 1144 1324 frater
1157 1259 1300 1324 eiusdem
1315 1259 1339 1323 J
1339 1257 1474 1322 ohannis

372 1366 464 1431 cuius
489 1369 581 1433 heres
604 1369 672 1454 ipse
699 1375 748 1430 est
774 1364 891 1429 habuit
916 1364 1005 1428 illam
1028 1364 1274 1428 aduocacionem
1297 1371 1336 1426 ut
1361 1362 1413 1426 ius
1438 1368 1473 1424 ct

373 1469 586 1536 hereditatem
609 1493 700 1536 suam
721 1492 784 1555 que
805 1470 836 1534 ei
851 1469 1017 1534 descendit
1031 1469 1102 1533 iure
1117 1467 1310 1532 hereditario
1325 1467 1367 1530 ab
1380 1472 1472 1530 ante·

372 1574 548 1638 cessoribus
562 1575 629 1640 suis
641 1583 675 1639 et
686 1574 772 1638 idem
784 1573 891 1638 Adam
902 1572 1104 1659 presentauit
1116 1571 1277 1657 quendam
1288 1572 1312 1636 J
1312 1571 1472 1636 ohannem

373 1676 523 1741 clericum
537 1678 579 1743 ad
597 1679 732 1744 eandem
753 1677 920 1742 ecclesiam
941 1677 999 1763 qui
1020 1676 1062 1740 ad
1083 1677 1358 1761 presentacionem
1379 1697 1472 1739 suam

372 1779 435 1843 fuit
450 1779 608 1845 admissus
622 1790 657 1846 et
672 1782 788 1846 ultimo
804 1782 886 1846 obiit
900 1803 1043 1868 persona
1057 1789 1092 1853 et
1110 1781 1179 1866 ipse
1200 1780 1223 1845 J
1223 1779 1366 1844 ohannes
1386 1800 1471 1842 arra·

372 1883 488 1948 minuit
503 1883 635 1948 assisam
650 1884 765 1949 ultime
780 1885 1029 1970 presentacionis
1044 1906 1157 1949 uersus
1171 1884 1310 1948 eundem
1329 1883 1471 1948 Priorem

371 1997 406 2052 et
420 1988 505 2074 petit
519 1988 669 2054 seisinam
685 1989 792 2054 fratris
807 1989 858 2054 sui
873 1989 965 2053 cuius
979 1990 1072 2053 heres
1086 1989 1155 2075 ipse
1169 1997 1220 2053 est
1234 1996 1293 2053 ete.

435 2090 480 2153 Et
495 2090 585 2154 Prior
599 2113 656 2177 per
670 2100 871 2156 attornatum
888 2115 984 2157 suum
998 2093 1081 2156 bene
1096 2092 1258 2178 cognoscit
1273 2091 1359 2177 quod
1373 2090 1470 2154 aduo-

370 2194 457 2258 cacio
472 2193 528 2259 illa
543 2195 606 2259 fuit
627 2196 679 2261 ius
698 2205 733 2261 et
755 2196 920 2261 hereditas
943 2197 1081 2283 predicti
1104 2196 1175 2261 Ade
1199 2204 1233 2260 et
1256 2196 1343 2283 quod
1363 2195 1470 2259 Adam

369 2300 571 2383 presentauit
592 2300 775 2386 predictum
793 2300 978 2364 Johannem
1000 2301 1057 2385 qui
1082 2300 1199 2365 ultimo
1223 2299 1305 2366 obiit
1328 2320 1471 2384 persona,

370 2410 420 2467 set
435 2411 508 2489 post
524 2404 799 2488 presentaoionem
822 2427 914 2469 suam
937 2404 1028 2468 dedit
1049 2404 1136 2469 idem
1157 2403 1264 2468 Adam
1286 2400 1471 2466 aduoeacio·

370 2527 445 2570 nem
460 2504 549 2569 illam
564 2505 669 2569 eidem
685 2505 787 2570 Priori
803 2515 837 2570 et
852 2505 964 2571 domui
977 2529 1035 2572 sue
1055 2515 1090 2572 et
1109 2506 1184 2571 inde
1206 2507 1327 2593 profert
1348 2514 1471 2570 cartam

371 2607 516 2673 eiusdem
527 2608 600 2673 Ade
611 2631 675 2694 que
691 2617 832 2674 testatur
846 2609 932 2695 quod
946 2608 1033 2674 idem
1044 2609 1152 2674 Adam
1166 2609 1258 2675 dedit
1272 2618 1331 2674 etc
1341 2631 1399 2696 pro
1409 2607 1471 2673 deo

370 2722 405 2778 et
426 2735 484 2798 pro
505 2713 610 2778 salute
633 2723 692 2779 010.
710 2715 741 2780 S.
763 2715 866 2779 Maria
889 2723 923 2779 01
944 2716 1121 2781 conuentui
1142 2716 1183 2781 de
1207 2714 1471 2800 semplingeham

370 2817 535 2882 ecelesiam
550 2817 591 2882 de
607 2817 754 2882 Nortona
768 2839 843 2881 cum
857 2818 1067 2903 pertinenciis
1080 2819 1149 2884 suis
1163 2828 1197 2884 et
1214 2818 1368 2905 quicquid
1390 2816 1471 2881 iuris

369 2919 405 2986 in
420 2921 509 2985 illam
524 2921 640 2986 habuit
655 2922 689 2986 in
704 2943 819 3007 puram
835 2929 869 2985 01
884 2929 1076 3007 perpetuam
1095 2922 1302 2988 elemosinam
1323 2931 1359 2987 et
1379 2922 1470 2986 illam

369 3024 590 3090 warentizabit
605 3032 663 3089 ete
679 3033 791 3089 contra
805 3046 916 3090 omnes
930 3025 1076 3092 homines
1091 3035 1125 3091 et
1139 3027 1282 3092 feminas.

435 3129 478 3194 Et
492 3129 516 3193 J
516 3129 658 3192 ohannes
672 3126 766 3192 uenit
780 3135 815 3191 et
829 3130 992 3215 cognoscit
1011 3139 1143 3208 cartam,
1157 3139 1208 3196 set
1222 3131 1279 3196 ille
1292 3153 1357 3195 non
1372 3128 1471 3195 debet

369 3233 400 3298 01
414 3255 537 3310 nocere,
552 3231 630 3318 quia
643 3240 787 3317 tempore
803 3254 867 3318 quo
887 3233 973 3298 lacta
991 3235 1055 3299 luit
1077 3257 1142 3299 non
1166 3235 1229 3299 fuit
1251 3235 1320 3320 ipse
1341 3232 1472 3298 seisitus

368 3338 409 3403 de
433 3338 566 3403 ecclesia
591 3335 655 3412 illa,
678 3336 778 3400 immo
803 3336 970 3402 Johannes
994 3337 1159 3424 predictus
1183 3339 1273 3404 illam
1299 3336 1407 3402 tenuit
1429 3344 1471 3401 ut

368 3464 504 3528 persona
525 3465 564 3507 ex
587 3442 670 3507 dono
691 3463 758 3517 suo,
773 3449 808 3504 01
829 3450 978 3526 preterea
997 3442 1083 3508 facta
1104 3443 1168 3508 fuit
1186 3466 1224 3508 00
1238 3451 1383 3528 tempore
1405 3462 1471 3527 quo

369 3545 553 3611 Alexander
567 3545 607 3609 (10
626 3543 800 3609 Pointona⁸
819 3567 895 3609 eum
918 3545 1034 3610 habuit
1055 3546 1090 3610 in
1112 3547 1240 3632 prisona
1260 3569 1320 3611 sua
1340 3544 1471 3631 quando

369 3649 518 3714 dominus
532 3649 563 3713 J.
580 3649 650 3713 Rex
674 3649 898 3714 transfretauit
912 3649 948 3713 in
963 3649 1157 3714 Hiberniam
1172 3671 1210 3713 00
1225 3649 1312 3735 quod
1325 3671 1390 3713 non
1404 3647 1470 3712 init

368 3776 442 3818 cum
464 3753 595 3818 domino
617 3753 708 3840 Rege
730 3753 765 3816 in
791 3753 985 3818 Hiberniam
1008 3762 1044 3818 01
1069 3753 1155 3818 idem
1179 3753 1365 3818 Alexander
1390 3760 1470 3816 tune

368 3856 444 3921 10011
460 3857 545 3942 quod
560 3857 665 3922 uoluit
677 3856 717 3921 de
729 3880 767 3921 00
779 3866 812 3922 01
825 3856 865 3923 (10
876 3857 983 3944 sigillo
997 3881 1056 3922 suo
1071 3867 1105 3922 01
1120 3857 1198 3943 quia
1211 3857 1389 3921 aduocatos
1403 3855 1469 3921 fnit

368 3963 482 4026 domus
504 3962 544 4027 de
569 3963 834 4048 semplingeham
857 3972 891 4028 et
911 3963 1035 4028 amicus
1054 3984 1166 4026 eorum
1181 3961 1258 4026 fecit
1272 3983 1348 4026 eum
1364 3962 1469 4026 facere

368 4073 490 4128 cartam
512 4065 611 4130 illam.
656 4067 699 4130 Et
722 4067 869 4152 quesitus
890 4067 969 4153 quid
990 4066 1068 4131 fecit
1086 4064 1214 4151 quando
1228 4064 1333 4130 exiuit
1347 4063 1388 4128 (10
1403 4064 1470 4150 pri·

367 4189 446 4233 sona
459 4168 639 4254 dicitquod
659 4192 827 4255 nunquam
849 4179 962 4256 postea
982 4170 1141 4256 usquein
1163 4169 1250 4233 hunc
1272 4167 1360 4232 diem
1383 4167 1471 4233 uidit

398 4351 507 4415 ¹Badly
526 4352 641 4409 written:
670 4353 716 4402 bnt
737 4351 789 4402 this
809 4369 892 4403 seems
941 4353 1200 4414 forhdamdeIsny.

366 4417 410 4467 the
429 4432 512 4467 name.
547 4417 601 4466 The
623 4419 724 4468 Norton
746 4418 768 4466 is
791 4419 891 4467 Norton
974 4417 1211 4470 ’11000011016ι
1225 4430 1248 4478 p.
1264 4416 1320 4466 947.

365 4483 469 4545 Disney.
504 4483 551 4532 See
572 4483 631 4532 Rot.
655 4483 693 4532 ol.
717 4483 766 4532 vol.
790 4497 808 4532 r.
834 4485 890 4540 290,
973 4484 1116 4534 'SeeRot
1132 4483 1170 4531 Ol.
1182 4481 1232 4530 vol.
1245 4483 1269 4537 1,
1280 4494 1349 4542 pms.
