<?xml version="1.0" encoding="UTF-8"?>
<!DOCTYPE html PUBLIC "-//W3C//DTD XHTML 1.0 Transitional//EN"
    "http://www.w3.org/TR/xhtml1/DTD/xhtml1-transitional.dtd">
<html xmlns="http://www.w3.org/1999/xhtml" xml:lang="en" lang="en">
 <head>
  <title>
</title>
<meta http-equiv="Content-Type" content="text/html;charset=utf-8" />
  <meta name='ocr-system' content='tesseract 3.04.00' />
  <meta name='ocr-capabilities' content='ocr_page ocr_carea ocr_par ocr_line ocrx_word'/>
</head>
<body>
  <div class='ocr_page' id='page_1' title='image "bractonsnoteboo01maitgoog_0378.png"; bbox 0 0 3342 5217; ppageno 0'>
   <div class='ocr_carea' id='block_1_1' title="bbox 284 403 1301 494">
    <p class='ocr_par' dir='ltr' id='par_1_1' title="bbox 284 403 1301 494">
     <span class='ocr_line' id='line_1_1' title="bbox 284 403 1301 494; baseline 0.011 -36"><span class='ocrx_word' id='word_1_1' title='bbox 284 452 286 458; x_wconf 80' lang='grc'>,</span> <span class='ocrx_word' id='word_1_2' title='bbox 409 405 473 494; x_wconf 78' lang='lat'>372</span> <span class='ocrx_word' id='word_1_3' title='bbox 618 416 850 476; x_wconf 67' lang='lat' dir='ltr'>ulceremus,</span> <span class='ocrx_word' id='word_1_4' title='bbox 873 417 936 465; x_wconf 74' lang='lat' dir='ltr'>sn.</span> <span class='ocrx_word' id='word_1_5' title='bbox 962 403 1055 476; x_wconf 78' lang='lat'>1230,</span> <span class='ocrx_word' id='word_1_6' title='bbox 1078 416 1140 466; x_wconf 69' lang='lat' dir='ltr'>aa.</span> <span class='ocrx_word' id='word_1_7' title='bbox 1166 406 1301 469; x_wconf 80' lang='lat'>14-15.</span> 
     </span>
    </p>
   </div>
   <div class='ocr_carea' id='block_1_2' title="bbox 244 593 1514 3373">
    <p class='ocr_par' dir='ltr' id='par_1_2' title="bbox 244 593 1514 3373">
     <span class='ocr_line' id='line_1_2' title="bbox 409 593 1512 684; baseline 0.004 -26"><span class='ocrx_word' id='word_1_8' title='bbox 409 593 637 680; x_wconf 86' lang='lat' dir='ltr'>possessionem</span> <span class='ocrx_word' id='word_1_9' title='bbox 666 593 825 660; x_wconf 84' lang='lat' dir='ltr'>Johannis</span> <span class='ocrx_word' id='word_1_10' title='bbox 848 593 909 658; x_wconf 89' lang='lat' dir='ltr'>filii</span> <span class='ocrx_word' id='word_1_11' title='bbox 938 593 1069 660; x_wconf 84' lang='lat' dir='ltr'>Ricardi</span> <span class='ocrx_word' id='word_1_12' title='bbox 1094 596 1222 684; x_wconf 85' lang='lat' dir='ltr'>Reinig’</span> <span class='ocrx_word' id='word_1_13' title='bbox 1252 598 1359 664; x_wconf 90' lang='lat' dir='ltr'>clerici</span> <span class='ocrx_word' id='word_1_14' title='bbox 1388 598 1439 663; x_wconf 89' lang='lat' dir='ltr'>sui</span> <span class='ocrx_word' id='word_1_15' title='bbox 1467 597 1512 662; x_wconf 92' lang='lat' dir='ltr'>de</span> 
     </span>
     <span class='ocr_line' id='line_1_3' title="bbox 408 696 1512 784; baseline 0.005 -22"><span class='ocrx_word' id='word_1_16' title='bbox 408 697 542 762; x_wconf 86' lang='lat' dir='ltr'>ecclesia</span> <span class='ocrx_word' id='word_1_17' title='bbox 570 697 611 762; x_wconf 90' lang='lat' dir='ltr'>de</span> <span class='ocrx_word' id='word_1_18' title='bbox 646 696 796 762; x_wconf 91' lang='lat' dir='ltr'>Wicham</span> <span class='ocrx_word' id='word_1_19' title='bbox 832 720 895 784; x_wconf 92' lang='lat' dir='ltr'>que</span> <span class='ocrx_word' id='word_1_20' title='bbox 924 697 1091 782; x_wconf 78' lang='lat' dir='ltr'>pertinens</span> <span class='ocrx_word' id='word_1_21' title='bbox 1120 707 1171 764; x_wconf 87' lang='lat' dir='ltr'>est</span> <span class='ocrx_word' id='word_1_22' title='bbox 1199 701 1242 766; x_wconf 87' lang='lat' dir='ltr'>ad</span> <span class='ocrx_word' id='word_1_23' title='bbox 1270 703 1437 768; x_wconf 86' lang='lat' dir='ltr'>ecclesiam</span> <span class='ocrx_word' id='word_1_24' title='bbox 1467 702 1512 767; x_wconf 87' lang='lat' dir='ltr'>de</span> 
     </span>
     <span class='ocr_line' id='line_1_4' title="bbox 409 797 670 864; baseline 0.004 -2"><span class='ocrx_word' id='word_1_25' title='bbox 409 797 596 864; x_wconf 90' lang='lat' dir='ltr'>Plumstede</span> <span class='ocrx_word' id='word_1_26' title='bbox 611 807 670 864; x_wconf 85' lang='lat' dir='ltr'>etc</span> 
     </span>
     <span class='ocr_line' id='line_1_5' title="bbox 473 900 1512 990; baseline 0.004 -26"><span class='ocrx_word' id='word_1_27' title='bbox 473 901 518 964; x_wconf 90' lang='lat' dir='ltr'>Et</span> <span class='ocrx_word' id='word_1_28' title='bbox 533 900 716 965; x_wconf 87' lang='lat' dir='ltr'>Willelmus</span> <span class='ocrx_word' id='word_1_29' title='bbox 735 922 793 985; x_wconf 87' lang='lat' dir='ltr'>per</span> <span class='ocrx_word' id='word_1_30' title='bbox 811 907 1014 964; x_wconf 88' lang='lat' dir='ltr'>attornatum</span> <span class='ocrx_word' id='word_1_31' title='bbox 1033 922 1130 965; x_wconf 88' lang='lat' dir='ltr'>suum</span> <span class='ocrx_word' id='word_1_32' title='bbox 1148 902 1242 966; x_wconf 90' lang='lat' dir='ltr'>uenit</span> <span class='ocrx_word' id='word_1_33' title='bbox 1263 910 1299 967; x_wconf 90' lang='lat' dir='ltr'>et</span> <span class='ocrx_word' id='word_1_34' title='bbox 1320 903 1399 968; x_wconf 92' lang='lat' dir='ltr'>dicit</span> <span class='ocrx_word' id='word_1_35' title='bbox 1421 903 1512 990; x_wconf 90' lang='lat' dir='ltr'>quod</span> 
     </span>
     <span class='ocr_line' id='line_1_6' title="bbox 409 1003 1514 1094; baseline 0.002 -25"><span class='ocrx_word' id='word_1_36' title='bbox 409 1027 475 1069; x_wconf 90' lang='lat' dir='ltr'>non</span> <span class='ocrx_word' id='word_1_37' title='bbox 504 1004 640 1091; x_wconf 91' lang='lat' dir='ltr'>impedit</span> <span class='ocrx_word' id='word_1_38' title='bbox 669 1026 728 1068; x_wconf 91' lang='lat' dir='ltr'>nec</span> <span class='ocrx_word' id='word_1_39' title='bbox 757 1003 915 1089; x_wconf 74' lang='lat' dir='ltr'>impediet</span> <span class='ocrx_word' id='word_1_40' title='bbox 936 1004 1167 1090; x_wconf 84' lang='lat' dir='ltr'>possessionem</span> <span class='ocrx_word' id='word_1_41' title='bbox 1189 1030 1282 1072; x_wconf 92' lang='lat' dir='ltr'>suam</span> <span class='ocrx_word' id='word_1_42' title='bbox 1302 1009 1343 1073; x_wconf 92' lang='lat' dir='ltr'>de</span> <span class='ocrx_word' id='word_1_43' title='bbox 1364 1008 1514 1094; x_wconf 83' lang='lat' dir='ltr'>predicta</span> 
     </span>
     <span class='ocr_line' id='line_1_7' title="bbox 409 1106 1512 1197; baseline 0.003 -26"><span class='ocrx_word' id='word_1_44' title='bbox 409 1107 543 1174; x_wconf 86' lang='lat' dir='ltr'>ecclesia</span> <span class='ocrx_word' id='word_1_45' title='bbox 571 1109 611 1173; x_wconf 90' lang='lat' dir='ltr'>de</span> <span class='ocrx_word' id='word_1_46' title='bbox 637 1106 787 1184; x_wconf 86' lang='lat' dir='ltr'>Wieham</span> <span class='ocrx_word' id='word_1_47' title='bbox 809 1129 869 1171; x_wconf 91' lang='lat' dir='ltr'>nec</span> <span class='ocrx_word' id='word_1_48' title='bbox 890 1106 932 1171; x_wconf 92' lang='lat' dir='ltr'>de</span> <span class='ocrx_word' id='word_1_49' title='bbox 953 1107 1062 1195; x_wconf 89' lang='lat' dir='ltr'>aliquo</span> <span class='ocrx_word' id='word_1_50' title='bbox 1083 1111 1169 1195; x_wconf 92' lang='lat' dir='ltr'>quod</span> <span class='ocrx_word' id='word_1_51' title='bbox 1190 1113 1353 1197; x_wconf 75' lang='lat' dir='ltr'>pertineat</span> <span class='ocrx_word' id='word_1_52' title='bbox 1373 1111 1416 1176; x_wconf 87' lang='lat' dir='ltr'>ad</span> <span class='ocrx_word' id='word_1_53' title='bbox 1436 1133 1512 1196; x_wconf 87' lang='lat' dir='ltr'>pre-</span> 
     </span>
     <span class='ocr_line' id='line_1_8' title="bbox 408 1211 1513 1300; baseline 0.003 -24"><span class='ocrx_word' id='word_1_54' title='bbox 408 1211 529 1277; x_wconf 81' lang='lat' dir='ltr'>dictam</span> <span class='ocrx_word' id='word_1_55' title='bbox 551 1211 717 1278; x_wconf 90' lang='lat' dir='ltr'>eoclesiam</span> <span class='ocrx_word' id='word_1_56' title='bbox 737 1211 777 1276; x_wconf 92' lang='lat' dir='ltr'>de</span> <span class='ocrx_word' id='word_1_57' title='bbox 800 1211 996 1276; x_wconf 89' lang='lat' dir='ltr'>Plumstede.</span> <span class='ocrx_word' id='word_1_58' title='bbox 1041 1213 1086 1277; x_wconf 89' lang='lat' dir='ltr'>Et</span> <span class='ocrx_word' id='word_1_59' title='bbox 1107 1212 1181 1278; x_wconf 88' lang='lat' dir='ltr'>ideo</span> <span class='ocrx_word' id='word_1_60' title='bbox 1202 1213 1271 1278; x_wconf 93' lang='lat' dir='ltr'>sine</span> <span class='ocrx_word' id='word_1_61' title='bbox 1293 1215 1355 1292; x_wconf 84' lang='lat' dir='ltr'>die,</span> <span class='ocrx_word' id='word_1_62' title='bbox 1376 1223 1411 1279; x_wconf 89' lang='lat' dir='ltr'>et</span> <span class='ocrx_word' id='word_1_63' title='bbox 1431 1215 1513 1300; x_wconf 87' lang='lat' dir='ltr'>quia</span> 
     </span>
     <span class='ocr_line' id='line_1_9' title="bbox 408 1311 1512 1402; baseline -0.001 -22"><span class='ocrx_word' id='word_1_64' title='bbox 408 1315 591 1381; x_wconf 90' lang='lat' dir='ltr'>Willelmus</span> <span class='ocrx_word' id='word_1_65' title='bbox 619 1314 659 1379; x_wconf 91' lang='lat' dir='ltr'>de</span> <span class='ocrx_word' id='word_1_66' title='bbox 687 1313 717 1379; x_wconf 80' lang='lat' dir='ltr'>S.</span> <span class='ocrx_word' id='word_1_67' title='bbox 741 1311 892 1379; x_wconf 89' lang='lat' dir='ltr'>Johanne</span> <span class='ocrx_word' id='word_1_68' title='bbox 918 1314 1031 1399; x_wconf 89' lang='lat' dir='ltr'>quise</span> <span class='ocrx_word' id='word_1_69' title='bbox 1054 1315 1207 1401; x_wconf 89' lang='lat' dir='ltr'>opposuit</span> <span class='ocrx_word' id='word_1_70' title='bbox 1229 1315 1512 1402; x_wconf 88' lang='lat' dir='ltr'>predictoclerico</span> 
     </span>
     <span class='ocr_line' id='line_1_10' title="bbox 407 1417 1511 1505; baseline -0.003 -20"><span class='ocrx_word' id='word_1_71' title='bbox 407 1420 507 1485; x_wconf 87' lang='lat' dir='ltr'>nichil</span> <span class='ocrx_word' id='word_1_72' title='bbox 522 1419 621 1484; x_wconf 87' lang='lat' dir='ltr'>habet</span> <span class='ocrx_word' id='word_1_73' title='bbox 635 1417 698 1482; x_wconf 89' lang='lat' dir='ltr'>nisi</span> <span class='ocrx_word' id='word_1_74' title='bbox 712 1417 911 1483; x_wconf 87' lang='lat' dir='ltr'>solummodo</span> <span class='ocrx_word' id='word_1_75' title='bbox 926 1419 1133 1505; x_wconf 80' lang='lat' dir='ltr'>maritagium</span> <span class='ocrx_word' id='word_1_76' title='bbox 1149 1420 1276 1486; x_wconf 85' lang='lat' dir='ltr'>heredis</span> <span class='ocrx_word' id='word_1_77' title='bbox 1290 1419 1448 1485; x_wconf 91' lang='lat' dir='ltr'>Willelmi</span> <span class='ocrx_word' id='word_1_78' title='bbox 1466 1418 1511 1482; x_wconf 87' lang='lat' dir='ltr'>de</span> 
     </span>
     <span class='ocr_line' id='line_1_11' title="bbox 408 1521 1510 1610; baseline -0.004 -21"><span class='ocrx_word' id='word_1_79' title='bbox 408 1525 474 1589; x_wconf 87' lang='lat' dir='ltr'>Ros</span> <span class='ocrx_word' id='word_1_80' title='bbox 487 1546 545 1610; x_wconf 92' lang='lat' dir='ltr'>per</span> <span class='ocrx_word' id='word_1_81' title='bbox 559 1521 740 1609; x_wconf 87' lang='lat' dir='ltr'>predictum</span> <span class='ocrx_word' id='word_1_82' title='bbox 759 1521 961 1586; x_wconf 89' lang='lat' dir='ltr'>Willelmum</span> <span class='ocrx_word' id='word_1_83' title='bbox 976 1522 1017 1587; x_wconf 86' lang='lat' dir='ltr'>de</span> <span class='ocrx_word' id='word_1_84' title='bbox 1040 1524 1241 1610; x_wconf 82' lang='lat' dir='ltr'>Eynefordia,</span> <span class='ocrx_word' id='word_1_85' title='bbox 1259 1522 1510 1590; x_wconf 77' lang='lat' dir='ltr'>consideratum</span> 
     </span>
     <span class='ocr_line' id='line_1_12' title="bbox 408 1625 1512 1714; baseline -0.004 -20"><span class='ocrx_word' id='word_1_86' title='bbox 408 1637 458 1694; x_wconf 90' lang='lat' dir='ltr'>est</span> <span class='ocrx_word' id='word_1_87' title='bbox 473 1627 558 1714; x_wconf 91' lang='lat' dir='ltr'>quod</span> <span class='ocrx_word' id='word_1_88' title='bbox 572 1625 659 1690; x_wconf 89' lang='lat' dir='ltr'>idem</span> <span class='ocrx_word' id='word_1_89' title='bbox 674 1625 859 1690; x_wconf 87' lang='lat' dir='ltr'>Willelmus</span> <span class='ocrx_word' id='word_1_90' title='bbox 873 1625 914 1690; x_wconf 90' lang='lat' dir='ltr'>de</span> <span class='ocrx_word' id='word_1_91' title='bbox 930 1627 961 1692; x_wconf 67' lang='lat' dir='ltr'>S</span> <span class='ocrx_word' id='word_1_92' title='bbox 977 1628 1001 1693; x_wconf 84' lang='lat' dir='ltr'>J</span> <span class='ocrx_word' id='word_1_93' title='bbox 1001 1629 1127 1693; x_wconf 89' lang='lat' dir='ltr'>ohanne</span> <span class='ocrx_word' id='word_1_94' title='bbox 1138 1628 1237 1693; x_wconf 87' lang='lat' dir='ltr'>nichil</span> <span class='ocrx_word' id='word_1_95' title='bbox 1248 1627 1385 1692; x_wconf 89' lang='lat' dir='ltr'>clamare</span> <span class='ocrx_word' id='word_1_96' title='bbox 1399 1635 1512 1711; x_wconf 86' lang='lat' dir='ltr'>potest</span> 
     </span>
     <span class='ocr_line' id='line_1_13' title="bbox 407 1727 1512 1816; baseline -0.002 -20"><span class='ocrx_word' id='word_1_97' title='bbox 407 1733 442 1796; x_wconf 91' lang='lat' dir='ltr'>in</span> <span class='ocrx_word' id='word_1_98' title='bbox 457 1729 667 1796; x_wconf 87' lang='lat' dir='ltr'>aduocacione</span> <span class='ocrx_word' id='word_1_99' title='bbox 682 1728 747 1794; x_wconf 87' lang='lat' dir='ltr'>illa</span> <span class='ocrx_word' id='word_1_100' title='bbox 784 1729 828 1792; x_wconf 87' lang='lat' dir='ltr'>Et</span> <span class='ocrx_word' id='word_1_101' title='bbox 839 1727 912 1792; x_wconf 93' lang='lat' dir='ltr'>ideo</span> <span class='ocrx_word' id='word_1_102' title='bbox 922 1729 1114 1794; x_wconf 85' lang='lat' dir='ltr'>mandatum</span> <span class='ocrx_word' id='word_1_103' title='bbox 1125 1738 1176 1794; x_wconf 89' lang='lat' dir='ltr'>est</span> <span class='ocrx_word' id='word_1_104' title='bbox 1191 1730 1349 1816; x_wconf 82' lang='lat' dir='ltr'>Episcopo</span> <span class='ocrx_word' id='word_1_105' title='bbox 1363 1730 1512 1794; x_wconf 82' lang='lat' dir='ltr'>Roffensi</span> 
     </span>
     <span class='ocr_line' id='line_1_14' title="bbox 408 1831 1511 1922; baseline -0.004 -22"><span class='ocrx_word' id='word_1_106' title='bbox 408 1835 493 1922; x_wconf 92' lang='lat' dir='ltr'>quod</span> <span class='ocrx_word' id='word_1_107' title='bbox 518 1855 582 1899; x_wconf 90' lang='lat' dir='ltr'>non</span> <span class='ocrx_word' id='word_1_108' title='bbox 608 1833 757 1897; x_wconf 88' lang='lat' dir='ltr'>obstante</span> <span class='ocrx_word' id='word_1_109' title='bbox 787 1832 1016 1896; x_wconf 86' lang='lat' dir='ltr'>reclamacione</span> <span class='ocrx_word' id='word_1_110' title='bbox 1042 1831 1261 1917; x_wconf 89' lang='lat' dir='ltr'>predictorum</span> <span class='ocrx_word' id='word_1_111' title='bbox 1290 1832 1449 1897; x_wconf 88' lang='lat' dir='ltr'>Willelmi</span> <span class='ocrx_word' id='word_1_112' title='bbox 1473 1842 1511 1896; x_wconf 90' lang='lat' dir='ltr'>et</span> 
     </span>
     <span class='ocr_line' id='line_1_15' title="bbox 407 1934 1490 2022; baseline -0.006 -17"><span class='ocrx_word' id='word_1_113' title='bbox 407 1939 578 2005; x_wconf 84' lang='lat' dir='ltr'>Willelmi¹</span> <span class='ocrx_word' id='word_1_114' title='bbox 602 1937 735 2002; x_wconf 91' lang='lat' dir='ltr'>omittat</span> <span class='ocrx_word' id='word_1_115' title='bbox 765 1935 846 2022; x_wconf 91' lang='lat' dir='ltr'>quin</span> <span class='ocrx_word' id='word_1_116' title='bbox 874 1934 1046 2021; x_wconf 87' lang='lat' dir='ltr'>permittat</span> <span class='ocrx_word' id='word_1_117' title='bbox 1070 1936 1251 2022; x_wconf 85' lang='lat' dir='ltr'>predictum</span> <span class='ocrx_word' id='word_1_118' title='bbox 1279 1935 1490 2018; x_wconf 77' lang='lat' dir='ltr'>Johanneml</span> 
     </span>
     <span class='ocr_line' id='line_1_16' title="bbox 407 2038 1510 2128; baseline -0.002 -22"><span class='ocrx_word' id='word_1_119' title='bbox 407 2064 575 2128; x_wconf 86' lang='lat' dir='ltr'>personam</span> <span class='ocrx_word' id='word_1_120' title='bbox 598 2040 739 2128; x_wconf 82' lang='lat' dir='ltr'>gaudere</span> <span class='ocrx_word' id='word_1_121' title='bbox 761 2038 896 2124; x_wconf 88' lang='lat' dir='ltr'>pacifica</span> <span class='ocrx_word' id='word_1_122' title='bbox 916 2040 1113 2125; x_wconf 86' lang='lat' dir='ltr'>possessione</span> <span class='ocrx_word' id='word_1_123' title='bbox 1142 2040 1287 2126; x_wconf 82' lang='lat' dir='ltr'>predicte</span> <span class='ocrx_word' id='word_1_124' title='bbox 1316 2040 1438 2126; x_wconf 88' lang='lat' dir='ltr'>capelle</span> <span class='ocrx_word' id='word_1_125' title='bbox 1467 2039 1510 2105; x_wconf 92' lang='lat' dir='ltr'>de</span> 
     </span>
     <span class='ocr_line' id='line_1_17' title="bbox 408 2142 1511 2231; baseline -0.003 -20"><span class='ocrx_word' id='word_1_126' title='bbox 408 2146 554 2212; x_wconf 89' lang='lat' dir='ltr'>Wicham</span> <span class='ocrx_word' id='word_1_127' title='bbox 585 2154 624 2210; x_wconf 90' lang='lat' dir='ltr'>ut</span> <span class='ocrx_word' id='word_1_128' title='bbox 652 2142 847 2231; x_wconf 88' lang='lat' dir='ltr'>pertinentis</span> <span class='ocrx_word' id='word_1_129' title='bbox 869 2143 911 2208; x_wconf 89' lang='lat' dir='ltr'>ad</span> <span class='ocrx_word' id='word_1_130' title='bbox 937 2143 1105 2209; x_wconf 87' lang='lat' dir='ltr'>ecclesiam</span> <span class='ocrx_word' id='word_1_131' title='bbox 1134 2145 1176 2209; x_wconf 94' lang='lat' dir='ltr'>de</span> <span class='ocrx_word' id='word_1_132' title='bbox 1205 2144 1392 2211; x_wconf 88' lang='lat' dir='ltr'>Plumstede</span> <span class='ocrx_word' id='word_1_133' title='bbox 1415 2145 1511 2209; x_wconf 90' lang='lat' dir='ltr'>cuius</span> 
     </span>
     <span class='ocr_line' id='line_1_18' title="bbox 406 2247 1511 2337; baseline -0.001 -21"><span class='ocrx_word' id='word_1_134' title='bbox 406 2249 651 2316; x_wconf 83' lang='lat' dir='ltr'>aduocacionem</span> <span class='ocrx_word' id='word_1_135' title='bbox 687 2247 799 2314; x_wconf 79' lang='lat' dir='ltr'>Abbaa</span> <span class='ocrx_word' id='word_1_136' title='bbox 836 2249 869 2314; x_wconf 89' lang='lat' dir='ltr'>S.</span> <span class='ocrx_word' id='word_1_137' title='bbox 905 2249 1083 2334; x_wconf 84' lang='lat' dir='ltr'>Augustini</span> <span class='ocrx_word' id='word_1_138' title='bbox 1120 2249 1298 2316; x_wconf 71' lang='lat' dir='ltr'>(lantum-ie</span> <span class='ocrx_word' id='word_1_139' title='bbox 1325 2272 1430 2337; x_wconf 85' lang='lat' dir='ltr'>nuper</span> <span class='ocrx_word' id='word_1_140' title='bbox 1459 2273 1511 2315; x_wconf 87' lang='lat' dir='ltr'>re-</span> 
     </span>
     <span class='ocr_line' id='line_1_19' title="bbox 407 2353 867 2441; baseline -0.004 -21"><span class='ocrx_word' id='word_1_141' title='bbox 407 2355 575 2441; x_wconf 89' lang='lat' dir='ltr'>cuperauit</span> <span class='ocrx_word' id='word_1_142' title='bbox 590 2353 792 2441; x_wconf 82' lang='lat' dir='ltr'>perassisam</span> <span class='ocrx_word' id='word_1_143' title='bbox 808 2361 867 2418; x_wconf 81' lang='lat' dir='ltr'>etc</span> 
     </span>
     <span class='ocr_line' id='line_1_20' title="bbox 470 2457 1509 2545; baseline 0.003 -23"><span class='ocrx_word' id='word_1_144' title='bbox 470 2459 515 2522; x_wconf 90' lang='lat' dir='ltr'>Et</span> <span class='ocrx_word' id='word_1_145' title='bbox 526 2457 703 2545; x_wconf 81' lang='lat' dir='ltr'>Episcopus</span> <span class='ocrx_word' id='word_1_146' title='bbox 718 2457 877 2522; x_wconf 82' lang='lat' dir='ltr'>Roffensis</span> <span class='ocrx_word' id='word_1_147' title='bbox 891 2480 957 2522; x_wconf 91' lang='lat' dir='ltr'>non</span> <span class='ocrx_word' id='word_1_148' title='bbox 971 2458 1064 2523; x_wconf 89' lang='lat' dir='ltr'>uenit</span> <span class='ocrx_word' id='word_1_149' title='bbox 1080 2465 1141 2524; x_wconf 89' lang='lat' dir='ltr'>etc.</span> <span class='ocrx_word' id='word_1_150' title='bbox 1161 2466 1197 2524; x_wconf 90' lang='lat' dir='ltr'>et</span> <span class='ocrx_word' id='word_1_151' title='bbox 1210 2457 1428 2523; x_wconf 88' lang='lat' dir='ltr'>summonitus</span> <span class='ocrx_word' id='word_1_152' title='bbox 1447 2465 1509 2526; x_wconf 79' lang='lat' dir='ltr'>etc</span> 
     </span>
     <span class='ocr_line' id='line_1_21' title="bbox 405 2561 1508 2648; baseline 0.003 -23"><span class='ocrx_word' id='word_1_153' title='bbox 405 2570 440 2626; x_wconf 88' lang='lat' dir='ltr'>et</span> <span class='ocrx_word' id='word_1_154' title='bbox 465 2562 537 2627; x_wconf 90' lang='lat' dir='ltr'>ideo</span> <span class='ocrx_word' id='word_1_155' title='bbox 560 2561 766 2627; x_wconf 88' lang='lat' dir='ltr'>athachietur</span> <span class='ocrx_word' id='word_1_156' title='bbox 788 2561 875 2648; x_wconf 92' lang='lat' dir='ltr'>quod</span> <span class='ocrx_word' id='word_1_157' title='bbox 899 2561 943 2627; x_wconf 89' lang='lat' dir='ltr'>sit</span> <span class='ocrx_word' id='word_1_158' title='bbox 965 2571 1025 2628; x_wconf 89' lang='lat' dir='ltr'>etc.</span> <span class='ocrx_word' id='word_1_159' title='bbox 1051 2563 1093 2626; x_wconf 87' lang='lat' dir='ltr'>ad</span> <span class='ocrx_word' id='word_1_160' title='bbox 1114 2562 1376 2647; x_wconf 88' lang='lat' dir='ltr'>respondendum</span> <span class='ocrx_word' id='word_1_161' title='bbox 1399 2562 1508 2628; x_wconf 89' lang='lat' dir='ltr'>eidem</span> 
     </span>
     <span class='ocr_line' id='line_1_22' title="bbox 405 2663 1507 2752; baseline 0.001 -23"><span class='ocrx_word' id='word_1_162' title='bbox 405 2665 527 2741; x_wconf 78' lang='lat' dir='ltr'>Abbati</span> <span class='ocrx_word' id='word_1_163' title='bbox 536 2687 634 2752; x_wconf 90' lang='lat' dir='ltr'>quare</span> <span class='ocrx_word' id='word_1_164' title='bbox 645 2687 709 2730; x_wconf 88' lang='lat' dir='ltr'>non</span> <span class='ocrx_word' id='word_1_165' title='bbox 717 2663 850 2730; x_wconf 85' lang='lat' dir='ltr'>admisit</span> <span class='ocrx_word' id='word_1_166' title='bbox 860 2665 1011 2730; x_wconf 87' lang='lat' dir='ltr'>clericum</span> <span class='ocrx_word' id='word_1_167' title='bbox 1021 2688 1117 2730; x_wconf 86' lang='lat' dir='ltr'>suum</span> <span class='ocrx_word' id='word_1_168' title='bbox 1129 2665 1171 2730; x_wconf 89' lang='lat' dir='ltr'>ad</span> <span class='ocrx_word' id='word_1_169' title='bbox 1180 2665 1317 2730; x_wconf 90' lang='lat' dir='ltr'>eandem</span> <span class='ocrx_word' id='word_1_170' title='bbox 1329 2665 1507 2730; x_wconf 86' lang='lat' dir='ltr'>ecclesiam.</span> 
     </span>
     <span class='ocr_line' id='line_1_23' title="bbox 286 2768 1510 2857; baseline -0.002 -22"><span class='ocrx_word' id='word_1_171' title='bbox 286 2779 357 2846; x_wconf 83' lang='lat'>475,</span> <span class='ocrx_word' id='word_1_172' title='bbox 470 2768 674 2857; x_wconf 80' lang='lat' dir='ltr'>&#39;Margareta</span> <span class='ocrx_word' id='word_1_173' title='bbox 687 2791 750 2855; x_wconf 89' lang='lat' dir='ltr'>que</span> <span class='ocrx_word' id='word_1_174' title='bbox 768 2769 831 2834; x_wconf 79' lang='lat' dir='ltr'>fuit</span> <span class='ocrx_word' id='word_1_175' title='bbox 852 2792 933 2834; x_wconf 87' lang='lat' dir='ltr'>uxor</span> <span class='ocrx_word' id='word_1_176' title='bbox 951 2770 1084 2835; x_wconf 84' lang='lat' dir='ltr'>Unhidi</span> <span class='ocrx_word' id='word_1_177' title='bbox 1098 2769 1279 2834; x_wconf 82' lang='lat' dir='ltr'>Marescalli</span> <span class='ocrx_word' id='word_1_178' title='bbox 1294 2769 1380 2855; x_wconf 89' lang='lat' dir='ltr'>petit</span> <span class='ocrx_word' id='word_1_179' title='bbox 1393 2791 1510 2834; x_wconf 88' lang='lat' dir='ltr'>uersus</span> 
     </span>
     <span class='ocr_line' id='line_1_24' title="bbox 269 2871 1509 2960; baseline 0 -23"><span class='ocrx_word' id='word_1_180' title='bbox 269 2880 374 2921; x_wconf 64' lang='lat' dir='ltr'>H⁰ss¹⁰¹t</span> <span class='ocrx_word' id='word_1_181' title='bbox 407 2873 593 2960; x_wconf 91' lang='lat' dir='ltr'>Philippum</span> <span class='ocrx_word' id='word_1_182' title='bbox 609 2873 649 2938; x_wconf 89' lang='lat' dir='ltr'>de</span> <span class='ocrx_word' id='word_1_183' title='bbox 665 2871 863 2938; x_wconf 87' lang='lat' dir='ltr'>Cesterhunt</span> <span class='ocrx_word' id='word_1_184' title='bbox 878 2894 974 2958; x_wconf 89' lang='lat' dir='ltr'>quem</span> <span class='ocrx_word' id='word_1_185' title='bbox 991 2872 1177 2957; x_wconf 85' lang='lat' dir='ltr'>Stephanus</span> <span class='ocrx_word' id='word_1_186' title='bbox 1192 2871 1399 2935; x_wconf 85' lang='lat' dir='ltr'>Marescallus</span> <span class='ocrx_word' id='word_1_187' title='bbox 1413 2895 1509 2937; x_wconf 88' lang='lat' dir='ltr'>uoca-</span> 
     </span>
     <span class='ocr_line' id='line_1_25' title="bbox 245 2945 1508 3080; baseline -0.002 -38"><span class='ocrx_word' id='word_1_188' title='bbox 245 2945 372 3080; x_wconf 56' lang='lat' dir='ltr'>ffiiffi</span> <span class='ocrx_word' id='word_1_189' title='bbox 407 2977 458 3042; x_wconf 90' lang='lat' dir='ltr'>uit</span> <span class='ocrx_word' id='word_1_190' title='bbox 480 2977 521 3042; x_wconf 84' lang='lat' dir='ltr'>ad</span> <span class='ocrx_word' id='word_1_191' title='bbox 542 2984 736 3042; x_wconf 87' lang='lat' dir='ltr'>warrantum</span> <span class='ocrx_word' id='word_1_192' title='bbox 759 2985 792 3042; x_wconf 90' lang='lat' dir='ltr'>et</span> <span class='ocrx_word' id='word_1_193' title='bbox 812 2977 870 3062; x_wconf 92' lang='lat' dir='ltr'>qui</span> <span class='ocrx_word' id='word_1_194' title='bbox 889 2976 920 3040; x_wconf 91' lang='lat' dir='ltr'>ei</span> <span class='ocrx_word' id='word_1_195' title='bbox 939 2975 1163 3040; x_wconf 88' lang='lat' dir='ltr'>warentizauit</span> <span class='ocrx_word' id='word_1_196' title='bbox 1182 2974 1393 3039; x_wconf 86' lang='lat' dir='ltr'>medietatem</span> <span class='ocrx_word' id='word_1_197' title='bbox 1405 2974 1430 3059; x_wconf 89' lang='lat' dir='ltr'>J&#39;.</span> <span class='ocrx_word' id='word_1_198' title='bbox 1446 2997 1508 3040; x_wconf 87' lang='lat' dir='ltr'>acr.</span> 
     </span>
     <span class='ocr_line' id='line_1_26' title="bbox 245 3078 1511 3172; baseline -0.002 -26"><span class='ocrx_word' id='word_1_199' title='bbox 245 3087 376 3172; x_wconf 54' lang='lat' dir='ltr'>JJJQ·</span> <span class='ocrx_word' id='word_1_200' title='bbox 407 3089 449 3146; x_wconf 90' lang='lat' dir='ltr'>et&#39;</span> <span class='ocrx_word' id='word_1_201' title='bbox 463 3081 544 3146; x_wconf 90' lang='lat' dir='ltr'>med</span> <span class='ocrx_word' id='word_1_202' title='bbox 562 3081 586 3167; x_wconf 89' lang='lat' dir='ltr'>j.</span> <span class='ocrx_word' id='word_1_203' title='bbox 602 3080 677 3145; x_wconf 89' lang='lat' dir='ltr'>rode</span> <span class='ocrx_word' id='word_1_204' title='bbox 699 3078 785 3165; x_wconf 82' lang='lat' dir='ltr'>prati</span> <span class='ocrx_word' id='word_1_205' title='bbox 806 3087 840 3143; x_wconf 89' lang='lat' dir='ltr'>et</span> <span class='ocrx_word' id='word_1_206' title='bbox 857 3079 881 3164; x_wconf 92' lang='lat' dir='ltr'>j.</span> <span class='ocrx_word' id='word_1_207' title='bbox 902 3079 979 3143; x_wconf 89' lang='lat' dir='ltr'>mes&#39;</span> <span class='ocrx_word' id='word_1_208' title='bbox 999 3101 1074 3143; x_wconf 90' lang='lat' dir='ltr'>cum</span> <span class='ocrx_word' id='word_1_209' title='bbox 1096 3078 1227 3164; x_wconf 87' lang='lat' dir='ltr'>pertin</span> <span class='ocrx_word' id='word_1_210' title='bbox 1249 3078 1449 3145; x_wconf 79' lang='lat' dir='ltr'>(lesterhunt</span> <span class='ocrx_word' id='word_1_211' title='bbox 1470 3089 1511 3144; x_wconf 88' lang='lat' dir='ltr'>ut</span> 
     </span>
     <span class='ocr_line' id='line_1_27' title="bbox 244 3144 1509 3312; baseline -0.002 -64"><span class='ocrx_word' id='word_1_212' title='bbox 244 3144 380 3312; x_wconf 47' lang='grc' dir='ltr'>ἕῗὲἓῃᾍ</span> <span class='ocrx_word' id='word_1_213' title='bbox 407 3183 516 3248; x_wconf 91' lang='lat' dir='ltr'>dotem</span> <span class='ocrx_word' id='word_1_214' title='bbox 530 3206 622 3248; x_wconf 89' lang='lat' dir='ltr'>suam</span> <span class='ocrx_word' id='word_1_215' title='bbox 637 3182 722 3247; x_wconf 89' lang='lat' dir='ltr'>unde</span> <span class='ocrx_word' id='word_1_216' title='bbox 738 3181 901 3268; x_wconf 86' lang='lat' dir='ltr'>predictus</span> <span class='ocrx_word' id='word_1_217' title='bbox 912 3181 1071 3247; x_wconf 82' lang='lat' dir='ltr'>Unfridus</span> <span class='ocrx_word' id='word_1_218' title='bbox 1083 3204 1155 3246; x_wconf 92' lang='lat' dir='ltr'>eam</span> <span class='ocrx_word' id='word_1_219' title='bbox 1166 3181 1294 3246; x_wconf 86' lang='lat' dir='ltr'>dotauit</span> <span class='ocrx_word' id='word_1_220' title='bbox 1308 3181 1350 3246; x_wconf 89' lang='lat' dir='ltr'>ad</span> <span class='ocrx_word' id='word_1_221' title='bbox 1365 3182 1509 3247; x_wconf 88' lang='lat' dir='ltr'>hostium</span> 
     </span>
     <span class='ocr_line' id='line_1_28' title="bbox 245 3273 1391 3373; baseline -0.008 -14"><span class='ocrx_word' id='word_1_222' title='bbox 245 3273 384 3359; x_wconf 66' lang='lat' dir='ltr'>hlta&#39;llb</span> <span class='ocrx_word' id='word_1_223' title='bbox 407 3287 537 3352; x_wconf 84' lang='lat' dir='ltr'>ecclesie</span> <span class='ocrx_word' id='word_1_224' title='bbox 552 3287 621 3373; x_wconf 92' lang='lat' dir='ltr'>ipso</span> <span class='ocrx_word' id='word_1_225' title='bbox 636 3287 786 3371; x_wconf 89' lang='lat' dir='ltr'>Philippo</span> <span class='ocrx_word' id='word_1_226' title='bbox 801 3294 951 3373; x_wconf 86' lang='lat' dir='ltr'>presente</span> <span class='ocrx_word' id='word_1_227' title='bbox 965 3295 1000 3351; x_wconf 89' lang='lat' dir='ltr'>et</span> <span class='ocrx_word' id='word_1_228' title='bbox 1014 3309 1147 3351; x_wconf 82' lang='lat' dir='ltr'>assensu</span> <span class='ocrx_word' id='word_1_229' title='bbox 1160 3286 1317 3372; x_wconf 83' lang='lat' dir='ltr'>prebente</span> <span class='ocrx_word' id='word_1_230' title='bbox 1331 3293 1391 3350; x_wconf 81' lang='lat' dir='ltr'>etc</span> 
     </span>
    </p>
   </div>
   <div class='ocr_carea' id='block_1_3' title="bbox 245 3366 1508 3498">
    <p class='ocr_par' dir='ltr' id='par_1_3' title="bbox 245 3366 1508 3498">
     <span class='ocr_line' id='line_1_29' title="bbox 245 3366 1508 3498; baseline -0.002 -44"><span class='ocrx_word' id='word_1_231' title='bbox 245 3366 386 3498; x_wconf 44' lang='lat' dir='ltr'>iffiffii</span> <span class='ocrx_word' id='word_1_232' title='bbox 472 3391 516 3455; x_wconf 89' lang='lat' dir='ltr'>Et</span> <span class='ocrx_word' id='word_1_233' title='bbox 537 3390 706 3476; x_wconf 86' lang='lat' dir='ltr'>Philippus</span> <span class='ocrx_word' id='word_1_234' title='bbox 728 3389 819 3454; x_wconf 92' lang='lat' dir='ltr'>uenit</span> <span class='ocrx_word' id='word_1_235' title='bbox 842 3398 876 3454; x_wconf 89' lang='lat' dir='ltr'>et</span> <span class='ocrx_word' id='word_1_236' title='bbox 898 3389 1083 3476; x_wconf 89' lang='lat' dir='ltr'>dicitquod</span> <span class='ocrx_word' id='word_1_237' title='bbox 1103 3412 1168 3454; x_wconf 90' lang='lat' dir='ltr'>non</span> <span class='ocrx_word' id='word_1_238' title='bbox 1188 3389 1287 3454; x_wconf 89' lang='lat' dir='ltr'>debet</span> <span class='ocrx_word' id='word_1_239' title='bbox 1305 3387 1382 3452; x_wconf 89' lang='lat' dir='ltr'>inde</span> <span class='ocrx_word' id='word_1_240' title='bbox 1396 3387 1508 3453; x_wconf 86' lang='lat' dir='ltr'>dotem</span> 
     </span>
    </p>
   </div>
   <div class='ocr_carea' id='block_1_4' title="bbox 245 3493 1509 3600">
    <p class='ocr_par' dir='ltr' id='par_1_4' title="bbox 245 3493 1509 3600">
     <span class='ocr_line' id='line_1_30' title="bbox 245 3493 1509 3600; baseline 0.002 -44"><span class='ocrx_word' id='word_1_241' title='bbox 245 3495 524 3600; x_wconf 58' lang='lat' dir='ltr'>gssssl&#39;gffi0‘hssb0ffl</span> <span class='ocrx_word' id='word_1_242' title='bbox 554 3495 630 3581; x_wconf 91' lang='lat' dir='ltr'>quia</span> <span class='ocrx_word' id='word_1_243' title='bbox 658 3494 710 3558; x_wconf 93' lang='lat' dir='ltr'>die</span> <span class='ocrx_word' id='word_1_244' title='bbox 740 3516 804 3580; x_wconf 91' lang='lat' dir='ltr'>quo</span> <span class='ocrx_word' id='word_1_245' title='bbox 834 3495 993 3559; x_wconf 80' lang='lat' dir='ltr'>Unfridus</span> <span class='ocrx_word' id='word_1_246' title='bbox 1018 3517 1090 3560; x_wconf 88' lang='lat' dir='ltr'>eam</span> <span class='ocrx_word' id='word_1_247' title='bbox 1115 3493 1324 3580; x_wconf 90' lang='lat' dir='ltr'>desponsauit</span> <span class='ocrx_word' id='word_1_248' title='bbox 1349 3493 1413 3557; x_wconf 85' lang='lat' dir='ltr'>fuit</span> <span class='ocrx_word' id='word_1_249' title='bbox 1438 3493 1509 3581; x_wconf 90' lang='lat' dir='ltr'>ipse</span> 
     </span>
    </p>
   </div>
   <div class='ocr_carea' id='block_1_5' title="bbox 245 3597 1510 3686">
    <p class='ocr_par' dir='ltr' id='par_1_5' title="bbox 245 3597 1510 3686">
     <span class='ocr_line' id='line_1_31' title="bbox 245 3597 1510 3686; baseline 0.002 -26"><span class='ocrx_word' id='word_1_250' title='bbox 245 3609 387 3686; x_wconf 49' lang='lat' dir='ltr'>‘immi</span> <span class='ocrx_word' id='word_1_251' title='bbox 406 3597 578 3663; x_wconf 87' lang='lat' dir='ltr'>Unfridus⁴</span> <span class='ocrx_word' id='word_1_252' title='bbox 600 3597 741 3662; x_wconf 89' lang='lat' dir='ltr'>uillanus</span> <span class='ocrx_word' id='word_1_253' title='bbox 764 3605 798 3661; x_wconf 91' lang='lat' dir='ltr'>et</span> <span class='ocrx_word' id='word_1_254' title='bbox 823 3605 942 3662; x_wconf 88' lang='lat' dir='ltr'>terram</span> <span class='ocrx_word' id='word_1_255' title='bbox 966 3598 1055 3662; x_wconf 91' lang='lat' dir='ltr'>illam</span> <span class='ocrx_word' id='word_1_256' title='bbox 1080 3597 1190 3662; x_wconf 90' lang='lat' dir='ltr'>tenuit</span> <span class='ocrx_word' id='word_1_257' title='bbox 1215 3597 1250 3661; x_wconf 92' lang='lat' dir='ltr'>in</span> <span class='ocrx_word' id='word_1_258' title='bbox 1275 3597 1451 3683; x_wconf 87' lang='lat' dir='ltr'>uillenagio</span> <span class='ocrx_word' id='word_1_259' title='bbox 1475 3607 1510 3662; x_wconf 90' lang='lat' dir='ltr'>et</span> 
     </span>
    </p>
   </div>
   <div class='ocr_carea' id='block_1_6' title="bbox 245 3656 1509 3788">
    <p class='ocr_par' dir='ltr' id='par_1_6' title="bbox 245 3656 1509 3788">
     <span class='ocr_line' id='line_1_32' title="bbox 245 3656 1509 3788; baseline -0.003 -19"><span class='ocrx_word' id='word_1_260' title='bbox 245 3656 372 3780; x_wconf 58' lang='lat' dir='ltr'>{ffli‘lh</span> <span class='ocrx_word' id='word_1_261' title='bbox 406 3703 488 3768; x_wconf 87' lang='lat' dir='ltr'>bene</span> <span class='ocrx_word' id='word_1_262' title='bbox 503 3701 647 3767; x_wconf 86' lang='lat' dir='ltr'>defendit</span> <span class='ocrx_word' id='word_1_263' title='bbox 661 3700 747 3786; x_wconf 93' lang='lat' dir='ltr'>quod</span> <span class='ocrx_word' id='word_1_264' title='bbox 762 3701 830 3786; x_wconf 89' lang='lat' dir='ltr'>ipse</span> <span class='ocrx_word' id='word_1_265' title='bbox 845 3724 1013 3788; x_wconf 91' lang='lat' dir='ltr'>nunquam</span> <span class='ocrx_word' id='word_1_266' title='bbox 1030 3725 1162 3788; x_wconf 84' lang='lat' dir='ltr'>presens</span> <span class='ocrx_word' id='word_1_267' title='bbox 1182 3702 1245 3766; x_wconf 86' lang='lat' dir='ltr'>fuit</span> <span class='ocrx_word' id='word_1_268' title='bbox 1262 3723 1323 3766; x_wconf 88' lang='lat' dir='ltr'>nec</span> <span class='ocrx_word' id='word_1_269' title='bbox 1341 3722 1509 3766; x_wconf 63' lang='lat' dir='ltr'>mutum</span> 
     </span>
    </p>
   </div>
   <div class='ocr_carea' id='block_1_7' title="bbox 245 3785 1511 3992">
    <p class='ocr_par' dir='ltr' id='par_1_7' title="bbox 245 3785 1511 3992">
     <span class='ocr_line' id='line_1_33' title="bbox 245 3785 1511 3890; baseline -0.003 -18"><span class='ocrx_word' id='word_1_270' title='bbox 245 3785 353 3872; x_wconf 40' lang='lat' dir='ltr'>iiiii&amp;</span> <span class='ocrx_word' id='word_1_271' title='bbox 406 3803 544 3890; x_wconf 87' lang='lat' dir='ltr'>prebuit,</span> <span class='ocrx_word' id='word_1_272' title='bbox 574 3811 608 3868; x_wconf 89' lang='lat' dir='ltr'>et</span> <span class='ocrx_word' id='word_1_273' title='bbox 637 3803 718 3868; x_wconf 89' lang='lat' dir='ltr'>bene</span> <span class='ocrx_word' id='word_1_274' title='bbox 747 3803 895 3867; x_wconf 89' lang='lat' dir='ltr'>concedit</span> <span class='ocrx_word' id='word_1_275' title='bbox 923 3804 1010 3889; x_wconf 91' lang='lat' dir='ltr'>quod</span> <span class='ocrx_word' id='word_1_276' title='bbox 1038 3803 1067 3868; x_wconf 91' lang='lat' dir='ltr'>si</span> <span class='ocrx_word' id='word_1_277' title='bbox 1095 3804 1183 3868; x_wconf 91' lang='lat' dir='ltr'>idem</span> <span class='ocrx_word' id='word_1_278' title='bbox 1212 3802 1369 3868; x_wconf 90' lang='lat' dir='ltr'>Unfridus</span> <span class='ocrx_word' id='word_1_279' title='bbox 1398 3804 1511 3868; x_wconf 92' lang='lat' dir='ltr'>tenuit</span> 
     </span>
     <span class='ocr_line' id='line_1_34' title="bbox 406 3904 1509 3992; baseline -0.003 -20"><span class='ocrx_word' id='word_1_280' title='bbox 406 3916 524 3972; x_wconf 84' lang='lat' dir='ltr'>terram</span> <span class='ocrx_word' id='word_1_281' title='bbox 539 3906 628 3971; x_wconf 83' lang='lat' dir='ltr'>illam</span> <span class='ocrx_word' id='word_1_282' title='bbox 643 3905 741 3970; x_wconf 90' lang='lat' dir='ltr'>libere</span> <span class='ocrx_word' id='word_1_283' title='bbox 757 3905 842 3991; x_wconf 90' lang='lat' dir='ltr'>quod</span> <span class='ocrx_word' id='word_1_284' title='bbox 857 3905 930 3991; x_wconf 87' lang='lat' dir='ltr'>ipsa</span> <span class='ocrx_word' id='word_1_285' title='bbox 945 3914 1113 3992; x_wconf 87' lang='lat' dir='ltr'>recuperet</span> <span class='ocrx_word' id='word_1_286' title='bbox 1133 3906 1209 3971; x_wconf 88' lang='lat' dir='ltr'>inde</span> <span class='ocrx_word' id='word_1_287' title='bbox 1229 3905 1340 3970; x_wconf 92' lang='lat' dir='ltr'>dotem</span> <span class='ocrx_word' id='word_1_288' title='bbox 1358 3904 1509 3990; x_wconf 82' lang='lat' dir='ltr'>petitam,</span> 
     </span>
    </p>
   </div>
   <div class='ocr_carea' id='block_1_8' title="bbox 405 4103 1510 4495">
    <p class='ocr_par' dir='ltr' id='par_1_8' title="bbox 405 4103 1510 4495">
     <span class='ocr_line' id='line_1_35' title="bbox 438 4103 1510 4170; baseline -0.003 -11"><span class='ocrx_word' id='word_1_289' title='bbox 438 4107 563 4170; x_wconf 78' lang='lat' dir='ltr'>¹Supply</span> <span class='ocrx_word' id='word_1_290' title='bbox 574 4123 637 4166; x_wconf 69' lang='lat' dir='ltr'>nom</span> <span class='ocrx_word' id='word_1_291' title='bbox 654 4107 702 4156; x_wconf 90' lang='lat' dir='ltr'>but</span> <span class='ocrx_word' id='word_1_292' title='bbox 713 4105 758 4166; x_wconf 84' lang='lat' dir='ltr'>sic,</span> <span class='ocrx_word' id='word_1_293' title='bbox 769 4107 799 4158; x_wconf 87' lang='lat' dir='ltr'>A.</span> <span class='ocrx_word' id='word_1_294' title='bbox 981 4123 1034 4158; x_wconf 82' lang='lat' dir='ltr'>was</span> <span class='ocrx_word' id='word_1_295' title='bbox 1057 4123 1073 4159; x_wconf 84' lang='lat' dir='ltr'>s</span> <span class='ocrx_word' id='word_1_296' title='bbox 1095 4107 1187 4158; x_wconf 79' lang='lat' dir='ltr'>villain</span> <span class='ocrx_word' id='word_1_297' title='bbox 1213 4105 1268 4157; x_wconf 89' lang='lat' dir='ltr'>and</span> <span class='ocrx_word' id='word_1_298' title='bbox 1293 4104 1351 4156; x_wconf 82' lang='lat' dir='ltr'>that</span> <span class='ocrx_word' id='word_1_299' title='bbox 1377 4103 1424 4155; x_wconf 81' lang='lat' dir='ltr'>tha</span> <span class='ocrx_word' id='word_1_300' title='bbox 1451 4105 1510 4156; x_wconf 68' lang='lat' dir='ltr'>lond</span> 
     </span>
     <span class='ocr_line' id='line_1_36' title="bbox 438 4168 1509 4236; baseline -0.002 -14"><span class='ocrx_word' id='word_1_301' title='bbox 438 4174 496 4222; x_wconf 73' lang='lat' dir='ltr'>¹A.</span> <span class='ocrx_word' id='word_1_302' title='bbox 513 4187 549 4222; x_wconf 90' lang='lat' dir='ltr'>m.</span> <span class='ocrx_word' id='word_1_303' title='bbox 568 4174 607 4222; x_wconf 82' lang='lat'>25.</span> <span class='ocrx_word' id='word_1_304' title='bbox 641 4172 748 4222; x_wconf 80' lang='lat' dir='ltr'>Ithinh</span> <span class='ocrx_word' id='word_1_305' title='bbox 769 4173 930 4223; x_wconf 76' lang='lat' dir='ltr'>thatanaw</span> <span class='ocrx_word' id='word_1_306' title='bbox 980 4175 1083 4236; x_wconf 78' lang='lat' dir='ltr'>against</span> <span class='ocrx_word' id='word_1_307' title='bbox 1097 4171 1183 4223; x_wconf 85' lang='lat' dir='ltr'>whom</span> <span class='ocrx_word' id='word_1_308' title='bbox 1200 4171 1248 4222; x_wconf 82' lang='lat' dir='ltr'>she</span> <span class='ocrx_word' id='word_1_309' title='bbox 1266 4171 1342 4221; x_wconf 85' lang='lat' dir='ltr'>made</span> <span class='ocrx_word' id='word_1_310' title='bbox 1362 4168 1411 4219; x_wconf 86' lang='lat' dir='ltr'>har</span> <span class='ocrx_word' id='word_1_311' title='bbox 1428 4169 1509 4220; x_wconf 78' lang='lat' dir='ltr'>claim</span> 
     </span>
     <span class='ocr_line' id='line_1_37' title="bbox 406 4233 1507 4289; baseline -0.001 -1"><span class='ocrx_word' id='word_1_312' title='bbox 406 4238 477 4289; x_wconf 80' lang='lat' dir='ltr'>hand</span> <span class='ocrx_word' id='word_1_313' title='bbox 492 4237 576 4288; x_wconf 81' lang='lat' dir='ltr'>writes</span> <span class='ocrx_word' id='word_1_314' title='bbox 593 4236 647 4286; x_wconf 85' lang='lat' dir='ltr'>this</span> <span class='ocrx_word' id='word_1_315' title='bbox 664 4251 721 4288; x_wconf 87' lang='lat' dir='ltr'>case</span> <span class='ocrx_word' id='word_1_316' title='bbox 735 4237 788 4288; x_wconf 86' lang='lat' dir='ltr'>and</span> <span class='ocrx_word' id='word_1_317' title='bbox 806 4237 850 4288; x_wconf 86' lang='lat' dir='ltr'>tho</span> <span class='ocrx_word' id='word_1_318' title='bbox 866 4241 929 4288; x_wconf 83' lang='lat' dir='ltr'>next</span> <span class='ocrx_word' id='word_1_319' title='bbox 979 4233 1507 4288; x_wconf 78' lang='lat' dir='ltr'>hadnotassentadtotheendowmant.</span> 
     </span>
     <span class='ocr_line' id='line_1_38' title="bbox 407 4299 1509 4365; baseline -0.005 -9"><span class='ocrx_word' id='word_1_320' title='bbox 407 4301 644 4356; x_wconf 82' lang='lat' dir='ltr'>inthenoteboolr.</span> <span class='ocrx_word' id='word_1_321' title='bbox 1011 4304 1171 4365; x_wconf 66' lang='lat' dir='ltr'>‘Ucffidua</span> <span class='ocrx_word' id='word_1_322' title='bbox 1194 4300 1279 4352; x_wconf 83' lang='lat' dir='ltr'>interl.</span> <span class='ocrx_word' id='word_1_323' title='bbox 1299 4299 1333 4364; x_wconf 73' lang='lat' dir='ltr'>by</span> <span class='ocrx_word' id='word_1_324' title='bbox 1351 4302 1509 4361; x_wconf 61' lang='lat' dir='ltr'>mnemon</span> 
     </span>
     <span class='ocr_line' id='line_1_39' title="bbox 437 4367 1108 4429; baseline 0 -12"><span class='ocrx_word' id='word_1_325' title='bbox 437 4367 530 4418; x_wconf 76' lang='lat' dir='ltr'>’Note</span> <span class='ocrx_word' id='word_1_326' title='bbox 541 4369 562 4416; x_wconf 82' lang='lat' dir='ltr'>it</span> <span class='ocrx_word' id='word_1_327' title='bbox 572 4383 623 4416; x_wconf 74' lang='lat' dir='ltr'>uua</span> <span class='ocrx_word' id='word_1_328' title='bbox 635 4368 781 4429; x_wconf 65' lang='lat' dir='ltr'>oh&#39;ectedto</span> <span class='ocrx_word' id='word_1_329' title='bbox 796 4382 813 4418; x_wconf 83' lang='lat' dir='ltr'>a</span> <span class='ocrx_word' id='word_1_330' title='bbox 827 4383 928 4417; x_wconf 86' lang='lat' dir='ltr'>woman</span> <span class='ocrx_word' id='word_1_331' title='bbox 979 4367 1065 4418; x_wconf 84' lang='lat' dir='ltr'>notin</span> <span class='ocrx_word' id='word_1_332' title='bbox 1076 4368 1108 4417; x_wconf 79' lang='lat' dir='ltr'>A.</span> 
     </span>
     <span class='ocr_line' id='line_1_40' title="bbox 405 4431 928 4495; baseline 0 -12"><span class='ocrx_word' id='word_1_333' title='bbox 405 4433 528 4495; x_wconf 77' lang='lat' dir='ltr'>claiming</span> <span class='ocrx_word' id='word_1_334' title='bbox 550 4431 633 4490; x_wconf 81' lang='lat' dir='ltr'>(lower</span> <span class='ocrx_word' id='word_1_335' title='bbox 654 4431 711 4482; x_wconf 85' lang='lat' dir='ltr'>that</span> <span class='ocrx_word' id='word_1_336' title='bbox 733 4431 781 4483; x_wconf 87' lang='lat' dir='ltr'>her</span> <span class='ocrx_word' id='word_1_337' title='bbox 807 4433 928 4483; x_wconf 83' lang='lat' dir='ltr'>husband</span> 
     </span>
    </p>
   </div>
   <div class='ocr_carea' id='block_1_9' title="bbox 0 0 1676 5217">
    <p class='ocr_par' dir='ltr' id='par_1_9' title="bbox 0 0 1676 5217">
     <span class='ocr_line' id='line_1_41' title="bbox 0 0 1676 5217; baseline 0 1"><span class='ocrx_word' id='word_1_338' title='bbox 0 0 1676 5217; x_wconf 95' lang='lat' dir='ltr'> </span> 
     </span>
    </p>
   </div>
  </div>
 </body>
</html>
