3342 5217
377 445 516 532 [Hilary
538 445 604 510 and
625 445 750 524 Ecstor,
772 461 840 512 (1.1).
864 450 959 524 1228,
980 464 1044 513 111.
1068 450 1133 532 12]
1242 451 1306 518 227

197 637 345 702 nicusus
367 644 453 702 esset
474 635 568 700 illum
591 659 714 713 uocare,
729 645 763 700 et
785 637 812 701 si
835 637 926 702 curis
947 638 1199 703 considerauerit
1220 641 1307 724 quod

196 741 317 808 debeat
339 743 409 807 sine
435 742 528 806 Dom.
552 742 642 828 Rege
672 741 762 806 nliud
792 742 993 828 respondere,
1015 742 1106 807 uliud
1135 743 1307 829 responde-

195 847 272 910 bit¹.

133 1003 138 1015 .
263 950 354 1014 Prior
381 949 422 1014 de
446 949 654 1015 Okebumie⁸
680 951 765 1035 petit
796 973 909 1015 uersus
932 951 1107 1036 Hugonem
1133 950 1174 1015 de
1199 951 1305 1016 Rede-
1419 966 1431 995 ¹

194 1053 282 1118 cline
312 1053 399 1139 quod
425 1054 522 1118 faciat
544 1053 576 1117 ei
605 1051 872 1117 consuetudines⁴
899 1063 990 1117 recta
1017 1053 1153 1118 seruicia
1182 1076 1245 1138 que
1275 1055 1306 1117 ei

51 1157 81 1250 “¹
194 1158 302 1222 facere
322 1156 422 1222 debet
444 1155 485 1221 de
508 1163 695 1221 tenemento
720 1156 806 1242 quod
828 1163 921 1221 tenet
942 1156 983 1221 de
1005 1180 1044 1221 eo
1065 1157 1101 1220 in
1120 1157 1305 1232 Rodecline,

194 1258 284 1323 unde
314 1258 401 1323 idem
433 1256 523 1322 Prior
552 1257 631 1322 dicit
657 1258 743 1343 quod
766 1257 865 1322 debet
888 1258 919 1323 ei
944 1281 1146 1344 perannum
1172 1281 1223 1322 xx.
1249 1260 1303 1324 sol.

69 1441 77 1458 Ι,
194 1369 232 1426 et
248 1361 410 1447 arreragiis
424 1361 509 1446 petit
524 1383 595 1425 xxv.
612 1361 666 1425 sol.

264 1463 307 1526 Et
337 1463 437 1549 Hugo
468 1463 559 1527 uenit
583 1471 618 1526 et
648 1463 729 1527 bene
759 1463 923 1550 cognoscit
949 1464 1035 1548 quod
1065 1465 1174 1529 tenuit
1199 1465 1240 1529 de
1265 1488 1303 1528 eo

193 1575 230 1630 et
261 1567 348 1652 quod
374 1566 489 1632 debuit
512 1566 686 1631 seruicium
715 1567 806 1644 illud,
830 1576 865 1631 et
893 1567 974 1632 dicit
1006 1569 1092 1654 quod
1120 1591 1185 1632 non
1211 1577 1303 1633 tenet

192 1679 424 1736 tenementum
454 1670 536 1735 illud
565 1671 642 1756 quia
664 1671 830 1735 Johannes
860 1671 900 1736 de
931 1672 1051 1758 Ouylly
1074 1682 1109 1737 et
1131 1674 1302 1760 Philippus

192 1777 236 1842 de
261 1776 432 1862 Wyudeby
448 1785 562 1840 tenent
585 1785 808 1842 tenementum
831 1777 923 1853 illud,
944 1787 994 1841 set
1016 1777 1085 1863 ipse
1107 1801 1172 1842 non
1193 1789 1302 1864 potest

69 1890 74 1896 '
192 1903 250 1944 eos
265 1880 464 1967 distringere.
511 1880 554 1944 Et
569 1902 627 1965 per
641 1879 810 1944 consilium
825 1879 913 1944 curie
927 1891 1196 1946 summoueantur
1215 1884 1301 1968 quod

191 1985 263 2050 sint
291 1993 352 2050 etc.
374 2008 396 2048 a
420 1984 473 2048 die
496 1983 617 2048 Pnsche
639 1984 674 2048 in
696 2006 747 2048 xv.
776 1983 846 2047 dies
875 1984 1034 2048 ostensuri
1063 2006 1127 2070 quo
1156 1995 1298 2050 waranto

192 2096 312 2152 tenent
326 2109 360 2152 se
375 2087 411 2152 in
425 2087 478 2172 xij.
497 2087 633 2173 uirgatis
648 2094 733 2150 terre
748 2108 828 2170 ques
843 2086 1007 2170 predictus
1022 2087 1122 2173 Hngo
1136 2089 1244 2152 tenuit
1258 2088 1300 2152 dc

71 2201 75 2208 ’
192 2189 309 2254 eodem
339 2189 448 2254 Priore
472 2197 507 2253 et
532 2188 619 2254 unde
645 2188 732 2254 idem
756 2187 848 2252 Prior
870 2189 1017 2275 queritur
1042 2190 1128 2275 quod
1150 2212 1208 2275 per
1231 2191 1299 2256 uim

191 2299 230 2356 et
259 2290 531 2376 impedimentum
560 2313 671 2356 eorum
702 2312 766 2353 non
803 2297 912 2375 potest
948 2289 1140 2377 distringere
1170 2292 1299 2356 feodum

56 2385 64 2408 '¹
189 2394 277 2461 illud
291 2417 349 2480 pro
364 2395 499 2460 seruicio
514 2394 600 2480 quod
615 2394 646 2457 ei
659 2393 804 2457 debetur.

125 2555 133 2570 .
261 2499 423 2564 Robertus
452 2499 539 2564 filius
568 2497 719 2585 Hugonis
748 2497 789 2562 de
821 2497 963 2564 Chocnre
991 2498 1207 2602 summonitus
1236 2499 1299 2562 fnit
1349 2513 1416 2552 01011-

188 2601 236 2666 sd
250 2602 510 2688 respondendum
525 2601 687 2667 Rondulfo
707 2600 810 2665 Priori
829 2601 871 2666 de
889 2600 1094 2667 Okeburnia⁶
1109 2610 1144 2664 et
1163 2601 1300 2666 Ricardc

189 2705 235 2770 de
250 2705 347 2768 Turri
361 2727 425 2790 quo
440 2705 509 2770 iure
528 2703 631 2792 exigit
652 2726 857 2768 communem
877 2704 913 2768 in
932 2704 1026 2768 terris
1046 2704 1113 2768 suis
1132 2704 1167 2768 in
1185 2705 1299 2770 Blede-
1312 2718 1427 2812 3¹33qu

189 2809 275 2873 lawe
290 2806 415 2872 desicut
430 2806 517 2871 idem
537 2805 628 2870 Prior
648 2815 682 2870 et
697 2806 860 2870 Robertus
879 2827 944 2870 non
958 2805 1081 2870 hebent
1096 2829 1300 2872 communem

189 2914 228 2978 in
244 2921 331 2976 tenu
344 2913 445 2997 ipsius
460 2912 596 2976 Roberti
610 2934 668 2976 nec
684 2911 771 2976 idem
787 2911 950 2976 Robertus
966 2911 1014 2976 eis
1033 2911 1111 2975 fucit
1126 2913 1299 2977 seruicium

188 3029 253 3085 etc
300 3019 344 3083 Et
359 3017 516 3082 Ricardus
531 3040 596 3082 non
611 3017 704 3082 uenit
718 3016 791 3081 ideo
807 3017 876 3102 ipse
897 3025 931 3098 ct
946 3017 1047 3104 plegii
1061 3016 1113 3081 sui
1132 3017 1173 3081 de
1193 3040 1300 3103 prosc·

189 3123 323 3210 quendo
352 3122 387 3185 in
416 3120 641 3198 misericordie,
671 3121 736 3186 scil.
767 3121 973 3207 Wymundus
996 3121 1037 3186 de
1068 3122 1302 3208 Swynecumbc

188 3237 227 3293 et
259 3226 442 3292 Randulfus
470 3227 511 3291 de
542 3227 782 3312 Swynecumbe
829 3227 872 3289 Et
902 3226 1064 3291 Robertus
1100 3227 1193 3290 uenit
1228 3227 1300 3290 ideo

188 3331 386 3418 respondent
402 3331 511 3396 Priori

260 3437 304 3500 Et
320 3437 482 3501 Robertus
496 3437 588 3501 uenit
607 3444 640 3500 et
661 3435 741 3500 dicit
761 3435 848 3520 quod
869 3435 953 3499 iuste
974 3434 1077 3520 exigit
1096 3456 1300 3499 communem

187 3543 227 3607 iu
254 3549 342 3604 terra
371 3540 513 3626 ipsorum
544 3539 662 3604 Prioris
691 3549 726 3603 et
755 3535 895 3616 Rioisrdi,
925 3537 1002 3624 quia
1029 3538 1117 3602 idem
1146 3538 1238 3602 Prior
1266 3547 1300 3602 et

187 3642 352 3708 Ricardus
381 3643 490 3728 plures
514 3642 636 3706 habent
666 3641 783 3706 liberos
813 3640 959 3704 homines
987 3639 1046 3724 qui
1074 3662 1186 3704 omnes
1214 3662 1298 3703 com-

187 3765 327 3809 munem
350 3743 473 3808 habent
495 3743 529 3807 in
551 3752 638 3807 terra
659 3753 773 3808 suaet
795 3765 965 3828 sempera
986 3750 1163 3828 conquestu
1178 3741 1298 3828 Anglie
1310 3759 1367 3845 Npp
1375 3761 1430 3818 cuod

190 3870 295 3933 usque
311 3870 397 3912 nunc
413 3858 447 3912 et
461 3847 567 3912 adhuc
582 3848 712 3912 hebent.
1309 3808 1460 3939 ffiffipv·

257 3951 302 4016 Et
331 3951 423 4016 Prior
452 3973 517 4016 non
541 3953 649 4038 potnit
677 3951 736 4016 hoc
763 3950 910 4016 dedicere
936 3960 987 4015 set
1013 3951 1203 4037 dicitquod
1228 3951 1297 4036 ipse
1309 3949 1444 4050 ffffiiac

186 4059 292 4124 habet
322 4079 474 4143 magnam
501 4065 627 4142 partem
651 4055 692 4121 de
722 4058 805 4121 bono
830 4055 949 4121 boscho
978 4064 1012 4120 et
1038 4056 1200 4121 Robertus
1226 4042 1430 4175 dffl'fflffi

222 4227 286 4276 ¹As
309 4231 337 4277 to
359 4225 489 4289 voncbing
511 4226 557 4276 the
584 4226 655 4289 king,
679 4242 720 4276 see
803 4225 974 4290 *Supplyet

188 4293 267 4343 Bur.
283 4292 368 4342 382b.
802 4292 1181 4344 1111111101Βοο,Μο111111.6.
1195 4294 1267 4344 1016.

220 4357 621 4419 ²PorhspnthisisLcnrccster¹
802 4357 895 4406 6Τ11111
922 4357 945 4406 is
972 4357 1079 4420 implied
1107 4358 1135 4407 in
1161 4359 1297 4408 Brnoton’s

221 4423 291 4538 'lolnfi
304 4422 447 4474 Wiltshire.
484 4423 598 4472 Monest.
624 4423 718 4471 ((11.6.
771 4422 1120 4485 noconntoitheQquure,
1134 4424 1152 4475 t
1167 4425 1224 4474 230.

1100 4592 1209 4652 -15-„2
