3342 5217
369 421 433 482 344
664 432 899 492 1111111111).
924 420 1101 493 113111
1127 419 1174 481 11.

292 584 295 593 ’
368 605 451 691 ipsa¹
467 614 516 670 cst
530 627 589 692 per
602 613 724 670 cartam
738 627 830 670 suam
851 628 949 692 quam
969 607 1090 691 profert
1104 613 1139 670 11
1159 629 1222 692 que
1241 606 1302 671 hoe
1321 613 1470 681 testatur,

367 717 402 773 et
426 706 552 773 desicut
574 708 760 773 continetur
785 707 819 772 in
845 708 938 774 breui
962 709 1047 795 quod
1074 709 1185 774 Abbas
1210 709 1349 774 Bristoll'
1372 731 1469 795 quem

367 811 390 875 J
391 810 528 876 ordanus
548 811 580 876 la
594 811 690 875 Ware
714 797 813 874 uocat
827 810 870 875 ad
889 820 1069 876 warantum
1088 834 1152 876 non
1172 811 1271 876 habet
1290 811 1469 897 ingressum

367 914 430 978 nisi
452 937 510 1000 per
531 913 711 978 Jordanum
737 921 771 978 et
794 912 957 978 Jordanus
981 936 1038 999 per
1059 913 1221 979 Dauidem
1247 923 1283 978 et
1307 914 1469 979 Jordanus

367 1014 447 1080 dicit
472 1016 558 1102 qnod
583 1015 683 1080 habet
707 1014 889 1101 ingressum
912 1037 971 1101 per
993 1016 1176 1101 predictum
1199 1016 1382 1082 Johannem
1404 1039 1469 1081 non

368 1117 441 1184 uult
469 1118 659 1204 respondere
688 1117 751 1182 nisi
779 1117 870 1182 curia
897 1118 1156 1183 considerauerit.
1214 1119 1339 1184 Profert
1367 1120 1469 1184 eciam

367 1230 488 1288 cartam
509 1220 657 1286 Gaufn'di
677 1220 886 1286 Maureward'
902 1221 1049 1307 capitalis
1070 1221 1192 1286 domini
1212 1222 1298 1287 feodi
1318 1223 1406 1287 illius
1428 1222 1469 1288 de

310 1395 314 1406 ¹
367 1325 617 1390 confirmacione.
655 1324 779 1388 Profert
794 1323 897 1388 eciam
911 1333 1034 1388 cartam
1045 1325 1069 1388 J
1069 1324 1204 1390 ohannis
1216 1325 1353 1391 Comitis
1364 1326 1469 1390 More-

367 1428 451 1491 tom'
465 1450 527 1513 que
542 1427 663 1492 donum
677 1426 760 1491 illud
770 1426 937 1492 confirmat
948 1427 1035 1492 unde
1048 1427 1133 1513 petit
1144 1427 1301 1492 iudicium
1313 1428 1340 1492 si
1351 1428 1470 1493 debeat

367 1531 409 1597 ad
423 1533 482 1596 hoo
496 1533 596 1597 breue
611 1532 801 1617 respondere
816 1531 941 1596 desicut
956 1532 1083 1595 nullum
1098 1531 1278 1618 ingressum
1297 1531 1397 1597 habet
1411 1555 1471 1619 per

298 1711 309 1730 ο
367 1634 548 1751 predictum
562 1634 586 1699 J
586 1634 746 1698 ohannem
760 1633 860 1698 immo
874 1655 932 1719 per
945 1633 1126 1719 predictum
1142 1634 1329 1699 Robertum

433 1740 476 1803 Et
491 1738 567 1825 quia
581 1737 744 1825 predictus
759 1739 782 1802 J
783 1739 921 1802 ordanus
935 1738 1056 1823 profert
1076 1746 1198 1802 cartam
1217 1738 1319 1823 ipsius
1333 1738 1470 1803 Roberti

205 1853 239 1892 No
227 1855 298 1903 οίιιι
284 1854 326 1894 uod
367 1841 408 1906 de
432 1842 637 1906 feoffamento
660 1849 694 1906 et
717 1841 797 1905 alias
816 1849 921 1905 cartas
942 1840 982 1905 de
1001 1840 1244 1904 confirmacione
1264 1841 1470 1920 sufficientes,

205 1911 261 1940 unns
268 1903 340 1941 tanam

204 1948 402 2036 ffi'gfflmet
388 1945 508 2011 tidem
523 1946 675 2010 Warinus
690 1954 724 2010 et
745 1944 924 2010 Benedicta
946 1945 1045 2010 nichil
1067 1946 1243 2010 ostendunt
1265 1945 1305 2010 de
1325 1946 1471 2031 predicto

205 2046 320 2175 ξζῑιὲωξζ,
368 2051 513 2137 ingressu
528 2049 570 2114 ad
590 2049 764 2114 terminum
786 2071 844 2135 per
863 2048 1044 2135 predictum
1062 2048 1293 2123 Johannem
1260 2050 1323 2115 mai
1338 2059 1470 2115 tantum

205 2136 355 2270 lllltfl..
367 2154 546 2239 simplicem
561 2175 673 2217 uocem
694 2174 794 2228 suam,
810 2151 1056 2217 Consideratum
1076 2161 1127 2217 est
1147 2152 1233 2238 quod
1254 2172 1318 2218 non
1339 2177 1471 2240 respon-

205 2229 272 2315 0663
273 2230 348 2317 'llll
369 2257 484 2322 deatur
498 2257 539 2322 ed
554 2257 614 2321 hoc
629 2257 727 2321 breue
743 2265 777 2322 et
793 2256 943 2320 Muriella
957 2257 1077 2321 inde
1052 2279 1121 2322 sme
1141 2257 1195 2322 die
1215 2266 1249 2323 et
1263 2258 1470 2323 Warinusin

368 2359 583 2424 misericordia
597 2366 631 2424 et
645 2357 811 2445 perquirat
825 2357 888 2422 sibi
902 2381 960 2443 per
973 2358 1072 2423 breue
1088 2358 1129 2422 de
1143 2367 1231 2424 recto
1246 2383 1274 2424 s1
1264 2359 1438 2425 uoluerit.

242 2467 314 2529 426
431 2462 592 2550 ‘Rogerus
616 2461 743 2549 Lagnrd
765 2469 800 2526 et
823 2461 910 2526 Alda
934 2485 1016 2526 uxor
1038 2463 1108 2527 eius
1133 2463 1183 2528 et⁵
1204 2464 1262 2528 alii
1290 2464 1470 2529 athachiati

236 2567 326 2606 ⁰⁰¹⁰¹¹l
367 2566 499 2630 fuerunt
519 2565 561 2630 ad
579 2563 838 2650 respondendum
858 2565 985 2650 Rogero
1004 2564 1045 2629 de
1064 2566 1234 2630 Antrenon
1255 2575 1290 2631 et
1312 2567 1470 2632 Nieholae

368 2668 460 2732 uxori
488 2669 557 2733 eius
586 2691 684 2754 quare
713 2691 778 2732 non
807 2668 1005 2754 permittunt
1034 2691 1088 2734 eos
1116 2679 1302 2755 presentare
1335 2679 1395 2736 etc
1427 2671 1469 2736 ad

367 2774 532 2838 ecclesiam
549 2773 589 2838 de
604 2772 894 2859 Μ111111111111111)18
909 2796 972 2859 que
987 2781 1083 2838 uacat
1097 2783 1158 2839 etc.

432 2880 476 2943 Et
490 2879 636 2966 Rogerus
649 2887 684 2943 et
699 2878 755 2942 alii
770 2878 909 2942 ueniunt
923 2886 957 2942 et
971 2878 1085 2942 dicunt
1099 2878 1186 2965 quod
1200 2879 1285 2943 iuste
1295 2879 1469 2965 inpediunt

367 2983 445 3070 quia
467 2983 597 3069 quidam
620 2981 790 3069 Philippus
815 3006 897 3048 auus
920 2983 1023 3068 ipsius
1047 2982 1132 3048 Alde
1155 2993 1190 3048 et
1213 2984 1372 3071 Margerie
1397 3007 1470 3070 pre·

366 3088 510 3152 sentauit
536 3087 696 3174 quendam
720 3087 922 3152 Willelmum
947 3089 1004 3174 qui
1030 3089 1146 3154 ultimo
1171 3089 1252 3154 obiit
1275 3111 1412 3176 persona
1433 3091 1469 3155 in

366 3190 479 3256 eadem
495 3191 627 3256 ecclesia
646 3199 680 3255 et
700 3190 813 3255 dieunt
834 3190 920 3276 quod
941 3191 1062 3257 Oecilia
1081 3199 1115 3255 et
1135 3191 1278 3256 Ismenia
1295 3192 1471 3278 participes

367 3316 424 3359 sne
440 3303 516 3360 sunt
530 3295 613 3358 infra
627 3301 758 3373 etatem,
774 3302 807 3358 et
822 3317 887 3358 non
901 3303 1036 3380 possunt
1056 3295 1175 3360 uenire.
1209 3295 1336 3387 Postea
1354 3296 1471 3360 dicunt

207 3418 241 3457 uo
242 3417 296 3458 are
304 3418 339 3457 ιι
368 3399 476 3484 quod
467 3421 518 3463 rus
533 3398 697 3463 clamant
688 3421 723 3462 1n
737 3398 950 3463 aduocacione
965 3399 1029 3475 illa,
1044 3398 1122 3485 quia
1140 3398 1203 3484 ipsi
1222 3395 1273 3463 ins
1293 3398 1442 3463 habent
1432 3421 1471 3463 m

206 3466 356 3514 uocutlonepe

205 3512 254 3597 322⁵
250 3476 357 3597 ffigpr·
369 3511 454 3566 terra
468 3501 525 3565 ubi
541 3501 674 3565 ecelesia
688 3501 751 3565 sita
766 3509 816 3565 est
831 3500 921 3564 etad
936 3522 1034 3586 quam
1049 3499 1219 3565 aduocacio
1233 3499 1321 3565 illius
1336 3499 1471 3565 ecclesie

207 3609 252 3644 ‘¹²¹²'
257 3605 351 3691 “2⁶3²
327 3606 518 3692 pertinet,
533 3613 567 3670 et
581 3605 663 3670 bene
679 3613 874 3692 cognoscunt
893 3604 979 3723 quod
998 3605 1089 3669 nulla
1102 3613 1189 3670 terra
1203 3604 1348 3669 habent
1339 3628 1374 3668 m
1389 3603 1473 3669 uilla

368 3711 432 3788 illa,
457 3717 507 3774 set
537 3717 667 3774 tantum
692 3709 856 3774 redditum
882 3709 944 3795 xvj
971 3708 1052 3786 den,
1077 3717 1112 3773 et
1136 3708 1299 3795 predictus
1324 3708 1476 3795 Rogemus

368 3820 471 3878 totam
486 3821 604 3877 terram
622 3812 722 3876 habet
742 3821 810 3876 tam
830 3812 866 3876 in
886 3811 1021 3876 senricio
1041 3833 1139 3897 quam
1157 3811 1194 3875 in
1213 3811 1380 3876 dominico.
1425 3811 1474 3877 Et

368 3917 444 4004 quia
458 3916 521 4003 ipsi
540 3924 735 4002 cognoscunt
756 3915 842 4002 quod
856 3908 979 3979 nullam
994 3923 1113 3978 terram
1124 3915 1246 3980 habent
1260 3915 1296 3978 in
1310 3914 1389 3978 uilla
1403 3914 1476 3994 illa,

367 4029 418 4086 set
432 4020 500 4106 ipse
512 4016 679 4105 Rogerus⁸,
692 4017 939 4084 Consideratnm
950 4016 1098 4102 estquod
1108 4017 1253 4104 Rogems
1264 4031 1299 4081 et
1310 4017 1478 4086 Nicholaa

399 4188 452 4252 ¹ip
454 4203 482 4236 ro
494 4185 621 4236 corrected
632 4185 727 4249 intotp
727 4201 759 4244 re,
771 4187 801 4235 A.
973 4184 1143 4236 ‘sereonas
1163 4187 1185 4236 le
1203 4186 1279 4236 Peter
1294 4194 1319 4237 et
1335 4188 1476 4250 Maroerr'a

399 4253 567 4312 ’1111111111Ι
585 4253 616 4302 Δ.
649 4251 804 4303 Afterwards
823 4251 892 4315 King
940 4250 1119 4308 1111111111

367 4317 445 4416 Jopn
427 4382 527 4434 soenr
540 4381 558 4430 r.
571 4381 626 4432 ero.
973 4314 1111 4430 1111111
1110 4317 1220 4430 11111ν
1212 4315 1263 4380 'A'

399 4449 409 4482 ⁴
425 4450 455 4498 Δ.
467 4463 502 4497 m.
517 4447 555 4498 16.
973 4447 984 4480 ⁸
1001 4445 1051 4506 Sic,
1062 4446 1100 4506 Δ;
1121 4447 1214 4510 supply
1225 4447 1297 4496 haber
1309 4455 1395 4498 roton.
