3342 5217
444 358 767 421 mensunusum.
792 347 887 425 1224,
908 361 972 412 an
995 350 1088 413 8-9.
1255 346 1319 414 719

214 543 248 600 et
262 532 335 600 ideo
349 534 435 620 petit
449 534 583 601 terciam
598 542 724 623 portem
740 543 775 602 et
788 537 875 625 quod
890 536 938 603 ita
957 538 1022 605 fuit
1041 538 1155 605 dotata
1173 537 1322 626 producit

213 644 335 702 sectam
349 636 415 703 scil.
430 637 461 704 J.
478 637 556 703 Scot
570 646 604 703 et
619 639 709 705 tales

278 738 323 803 Et
337 738 499 805 Robertus
514 741 608 806 uenit
621 750 656 807 et
670 740 817 807 defendit
831 743 919 829 quod
933 766 998 809 non
1013 743 1112 809 debet
1124 743 1200 809 inde
1211 744 1322 810 dotem

212 840 340 920 habere,
355 843 432 929 quia
445 842 631 911 Willelmus
644 845 697 911 uir
711 868 790 912 suus
803 847 934 913 dotauit
953 870 1026 914 eam
1047 848 1087 914 de
1108 848 1209 914 tercia
1229 856 1322 937 parta

212 944 318 1009 tocius
340 953 426 1009 terre
447 968 547 1032 quam
570 946 640 1033 ipse
662 947 771 1013 tenuit
794 948 848 1014 die
873 971 938 1036 quo
961 972 1033 1015 eam
1056 950 1264 1037 desponsauit
1287 958 1323 1016 et

212 1070 278 1113 non
292 1047 334 1113 de
348 1048 421 1114 aliis
435 1048 530 1115 terris
544 1057 580 1115 et
599 1072 711 1117 omnes
730 1052 875 1139 predicte
896 1062 982 1121 terre
1003 1062 1117 1141 postes
1138 1054 1170 1121 ei
1190 1054 1323 1121 descen·
1373 1126 1376 1135 ,

211 1150 331 1217 derunt
352 1160 388 1217 et
408 1152 482 1218 ideo
504 1176 569 1219 non
589 1153 690 1220 debet
711 1154 788 1223 inde
810 1156 921 1223 dotem
943 1156 1071 1234 habere,
1094 1166 1128 1225 et
1150 1156 1236 1243 quod
1258 1157 1323 1223 alio

212 1256 307 1323 modo
326 1280 392 1323 non
412 1258 476 1323 init
494 1258 609 1325 dotata
626 1259 722 1325 offert
740 1260 914 1327 defendere
934 1261 1019 1327 sicut
1039 1260 1129 1329 curia
1142 1261 1322 1330 considera·

212 1361 299 1431 uerit
312 1370 425 1428 eontra
438 1384 511 1428 eam
525 1372 561 1429 et
575 1371 688 1431 contra
701 1373 824 1429 sectam
839 1386 939 1431 suam.

277 1465 322 1530 Et
344 1465 417 1532 Eua
437 1466 566 1553 quesita
587 1467 646 1532 ubi
666 1466 730 1533 fuit
751 1466 954 1553 desponsata,
968 1466 1049 1535 dicit
1064 1467 1099 1535 in
1114 1467 1234 1535 Soocia
1277 1469 1322 1537 Et

212 1568 374 1637 Robertus
396 1570 641 1659 hoc-cognoscit
662 1579 697 1637 et
718 1572 804 1658 petit
825 1571 888 1637 sibi
912 1571 1042 1637 allocari
1066 1572 1154 1658 quod
1179 1573 1322 1641 Jacobus

211 1674 376 1760 predictus
390 1675 448 1761 qni
461 1698 497 1741 se
511 1677 589 1743 facit
603 1684 722 1743 testem
737 1684 788 1743 est
802 1686 988 1745 attornatus
1002 1678 1025 1745 J
1026 1676 1162 1743 ohannis
1177 1683 1213 1742 et
1227 1676 1321 1745 Καθ’.

148 1833 158 1851 .
276 1777 439 1845 Robertua
449 1778 490 1845 de
501 1779 749 1868 Fulgiordehng'
760 1780 904 1845 etmulti
918 1780 975 1847 alii
988 1778 1179 1845 summoniti
1189 1780 1322 1845 fuerunt
1381 1796 1440 1837 tort

210 1880 253 1947 ad
267 1881 528 1967 respondendum
542 1882 683 1949 Radulfo
698 1883 739 1950 de
754 1882 886 1949 Gattele
901 1904 966 1968 quo
985 1882 1056 1949 iure
1076 1881 1214 1969 exigunt
1235 1905 1321 1950 com·

210 1983 344 2053 munem
358 1996 491 2075 pastura
505 1988 541 2053 in
561 1996 648 2054 term
666 1988 812 2055 eiusdem
832 1987 964 2053 Redulfi
984 1987 1021 2053 in
1042 1986 1174 2053 Gottele
1194 1986 1321 2053 dcaicut

210 2091 298 2158 idem
312 2091 473 2157 Radnlius
486 2100 546 2157 ete

275 2196 320 2261 Et
334 2195 496 2261 Robertus
510 2205 545 2262 et
559 2218 671 2262 omnes
684 2196 742 2261 alii
762 2218 822 2283 per
840 2202 1043 2261 attornatum
1062 2216 1159 2260 suum
1180 2192 1320 2259 ueniunt

210 2308 247 2365 et
268 2298 383 2365 dieunt
406 2299 493 2386 quod
515 2308 632 2365 tenent
652 2308 841 2365 tenemento
860 2321 920 2365 sua
937 2298 972 2363 in
992 2298 1143 2364 Elmham
1162 2298 1204 2364 de
1223 2299 1317 2365 Dom.

211 2402 411 2469 Norwicensi
432 2403 597 2497 'Episcopo
625 2412 661 2469 et
689 2412 823 2491 pastura
851 2403 910 2470 illa
945 2404 1089 2491 pertinet
1125 2404 1168 2469 ad
1204 2402 1319 2469 eadem

211 2513 400 2571 tenemento
413 2513 449 2571 et
461 2505 536 2570 ideo
549 2514 668 2572 uocant
681 2506 725 2571 ad
739 2513 920 2573 warantum
935 2504 1075 2571 eundem
1092 2504 1296 2591 Episcopum

276 2608 320 2675 Et
348 2608 428 2695 quis
454 2608 648 2696 Episcopus'
675 2609 744 2675 itur
772 2610 808 2676 in
830 2610 1006 2676 semiieium
1032 2610 1125 2675 Dom
1153 2608 1254 2697 Regis
1276 2608 1319 2673 sd

209 2713 333 2779 curiam
362 2713 542 2779 Romanam
572 2722 607 2779 et
635 2723 784 2800 preterea
812 2712 1054 2801 crucesignatus
1084 2720 1143 2789 est,
1172 2720 1320 2778 remanet

210 2818 339 2904 loquela
351 2818 421 2883 sine
435 2817 489 2884 die
504 2841 606 2905 usque
621 2818 803 2885 aduentum
817 2818 911 2884 Dom.
928 2816 1079 2904 Episcopi
1094 2817 1148 2882 uel
1162 2816 1205 2881 ad
1219 2816 1318 2883 aliam

209 2922 504 2988 summonieionem

153 3083 161 3097 ,
274 3022 391 3111 'Hugo
406 3024 446 3090 de
462 3024 711 3113 Goudingeham
725 3023 847 3111 optulit
862 3045 896 3089 sa
911 3022 968 3110 iiij.
985 3022 1038 3089 die
1056 3044 1170 3089 uersus
1184 3022 1317 3089 Petrum

209 3128 252 3195 de
277 3128 461 3215 cantelupo
485 3129 527 3196 de
549 3130 671 3216 placito
693 3129 781 3216 quod
803 3128 998 3215 respondeat
1023 3128 1054 3193 ei
1077 3127 1118 3195 de
1148 3127 1254 3215 plagis
1284 3134 1318 3193 et

209 3255 288 3319 paee
303 3233 398 3299 Dom.
413 3233 514 3320 Regis
527 3234 667 3301 infracta
679 3234 767 3300 unde
781 3256 859 3299 eum
873 3232 1026 3320 appellat.
1064 3233 1108 3298 Et
1122 3232 1239 3299 Petrus
1253 3254 1318 3298 non

208 3338 302 3404 uenit
316 3345 376 3403 etc
422 3337 466 3403 Et
480 3346 671 3425 preceptum
685 3348 736 3405 est
750 3338 934 3403 uioeeomiti
949 3336 1036 3423 quod
1050 3336 1186 3403 haberet
1204 3358 1319 3422 corpus

207 3443 278 3508 eius
292 3450 327 3508 et
342 3442 520 3507 uioeoomes
534 3442 704 3507 mandauit
719 3442 805 3529 quod
819 3442 921 3507 seruit
936 3442 1033 3507 Petro
1052 3441 1119 3507 filio
1140 3440 1317 3509 Hereberti

207 3554 242 3611 et
261 3545 334 3612 ideo
353 3554 543 3633 preceptum
564 3554 616 3613 eet
636 3545 822 3612 uicecomiti
843 3545 930 3632 quod
950 3567 1010 3632 per
1030 3553 1154 3611 sectam
1171 3543 1317 3609 eiusdem

208 3649 358 3737 Hugonis
372 3650 481 3736 ipsum
495 3649 629 3715 Petrum
644 3649 837 3736 interrogari
851 3648 949 3715 faciat
969 3658 1004 3714 et
1024 3648 1203 3715 seeundum
1223 3648 1318 3735 regni

207 3753 473 3819 consuetudinem
487 3753 637 3841 utlagari,
652 3761 687 3818 et
701 3752 730 3819 si
744 3752 830 3818 idem
852 3753 969 3820 Petrus
989 3753 1102 3818 ueniat
1123 3752 1165 3818 ad
1185 3752 1318 3817 comita

208 3864 279 3921 tum
294 3856 402 3942 ipsum
413 3856 520 3943 capiat
531 3864 683 3922 eteorum
694 3854 880 3922 iusticiariis
891 3856 979 3943 apud
990 3856 1316 3921 westmonasterium

207 3959 326 4026 habeat
340 3959 383 4025 ad
397 3959 655 4047 respondendum
669 3960 746 4027 inde
760 3959 906 4046 predicto
921 3960 1063 4047 Hugoni
1083 3958 1088 4047 Ι

238 4157 322 4208 ¹0ns
337 4156 452 4208 member
467 4156 497 4206 of
511 4154 557 4207 the
573 4154 735 4208 defendant's
817 4154 923 4204 ⁸A.m.
936 4156 977 4205 83.
1010 4153 1151 4205 Astothis
1166 4156 1258 4219 appcal
1274 4170 1316 4207 sse

207 4222 536 4337 soptzvspuipspattorney.
785 4218 1037 4337 pfflehgffiotltdg,
1050 4220 1147 4347 deti'
1166 4222 1244 4279 1421),
1262 4222 1314 4272 and

285 4302 320 4339 an
365 4303 410 4353 p.
848 4321 854 4334 .
932 4320 939 4333 .
995 4321 1002 4333 .
1032 4322 1038 4343 ,
1070 4318 1076 4333 .
1122 4320 1128 4333 .
