3342 5217
517 499 657 560 ιιιιιιιιι,
680 498 746 547 ιι).
769 484 863 561 1231,
885 498 949 547 su.
973 487 1022 546 15.
1253 487 1317 550 389

210 691 276 733 non
290 666 433 732 reddidit
448 667 560 732 eiiam
575 689 631 732 sex
646 665 740 730 annis
755 665 872 751 elapsis
886 666 1069 752 predictum
1088 665 1252 732 redditum
1270 667 1319 733 ito

210 773 297 861 quod
312 773 344 838 ei
358 796 379 838 a
392 781 479 838 retro
493 783 571 838 sunt
586 772 687 858 xxiiij.
703 795 799 837 marc.

277 879 322 942 Et
337 878 490 943 Warinus
504 877 598 942 uenit
613 885 647 942 et
662 876 744 941 bene
760 874 924 962 cognoscit
938 876 1025 961 quod
1039 877 1183 962 predicte
1198 879 1239 943 xl
1256 901 1317 945 aer.

210 991 296 1046 terre
318 1005 393 1046 cum
415 989 495 1067 pert
517 979 548 1044 ei
568 979 730 1065 assignate
754 980 887 1045 fuerunt
904 979 939 1044 in
961 981 1158 1046 escambium
1180 983 1318 1068 predicti

210 1083 388 1148 molendini
403 1091 438 1147 et
455 1083 480 1168 j
495 1082 576 1168 uirg.
591 1090 626 1146 et
646 1080 686 1166 xj.
703 1103 765 1145 acr.
786 1080 926 1145 tenende
947 1082 1057 1167 quiete
1076 1091 1111 1147 et
1126 1083 1195 1148 sine
1209 1084 1318 1170 aliquo

210 1186 347 1252 senricio
362 1187 464 1251 donee
478 1185 660 1272 predictum
676 1183 898 1249 molendinum
909 1193 944 1249 et
954 1185 978 1271 j.
994 1186 1075 1272 uirg.
1087 1194 1171 1252 terre
1183 1199 1217 1251 et
1231 1188 1273 1273 xj,
1294 1187 1299 1272 Ι

211 1315 272 1356 acr.
299 1292 330 1356 ei
352 1291 617 1366 delibemreutur,
640 1297 674 1353 et
695 1289 772 1353 inde
794 1289 886 1374 pouit
908 1312 942 1354 se
964 1312 1061 1376 super
1082 1291 1229 1376 patriam.
1274 1291 1319 1355 Et
1395 1325 1401 1344 ι

212 1396 379 1461 Johennes
394 1394 552 1459 similiter.
598 1393 642 1456 Et
656 1391 730 1456 ideo
750 1400 940 1477 preceptum
958 1401 1008 1456 est
1028 1393 1212 1458 uicecomiti
1233 1393 1319 1480 quod

210 1522 317 1564 coram
333 1521 371 1564 eo
388 1507 422 1562 et
436 1520 542 1562 coram
558 1497 747 1561 custodibus
762 1495 862 1582 pleg'¹
877 1518 990 1560 corone
1005 1496 1040 1559 in
1052 1496 1148 1582 pleno
1161 1497 1318 1561 comitatu

211 1603 384 1668 conuenire
409 1603 507 1666 saciat
532 1601 587 1687 xij.
614 1600 655 1665 de
681 1600 809 1666 uisneto
836 1599 1051 1665 Cestrefordie
1077 1623 1136 1686 per
1163 1624 1243 1687 quos
1271 1603 1319 1667 rei

211 1705 333 1770 ueritas
348 1704 464 1769 melius
479 1703 553 1768 sciri
567 1701 689 1788 poterit
704 1709 738 1766 et
753 1724 937 1787 percorum
957 1712 1195 1767 sacramentum
1214 1712 1275 1768 etc
1289 1704 1319 1769 si

212 1810 377 1895 predictus
396 1809 562 1874 Jobanues
582 1807 674 1872 dedit
696 1806 803 1871 eidem
826 1805 960 1870 Wariuo
983 1805 1144 1891 predictas
1165 1807 1206 1872 xl
1228 1829 1318 1872 acras

211 1923 297 1978 terre
319 1914 354 1978 in
376 1912 575 1978 escambium
603 1911 741 1997 predicti
759 1909 938 1974 molendini
959 1918 994 1974 et
1013 1909 1157 1995 predicte
1179 1910 1260 1996 uirg.
1283 1920 1318 1975 et

212 2015 253 2101 xj.
280 2038 341 2082 acr.
368 2024 453 2082 terre
475 2016 640 2082 reddendo
661 2015 738 2080 inde
761 2036 963 2101 perannum
985 2015 1043 2100 iiij.
1072 2037 1177 2093 marc,
1206 2016 1261 2080 uel
1290 2016 1318 2080 si

211 2119 302 2184 illam
328 2120 360 2185 ei
381 2119 474 2185 dedit
499 2119 533 2184 in
560 2119 758 2184 escambium
780 2117 892 2204 quiete
914 2126 949 2183 et
970 2118 1040 2183 siue
1061 2120 1196 2184 seruicio
1218 2121 1319 2187 donec

210 2223 393 2310 predictum
409 2223 630 2288 molendinum
647 2231 680 2288 et
699 2231 786 2287 terra
804 2222 952 2308 predicta
970 2222 1002 2287 ei
1022 2222 1263 2302 deliberaretur,
1284 2234 1319 2290 et

212 2327 458 2413 inquisicionem
473 2328 552 2392 scire
572 2327 669 2392 faciat
688 2348 709 2390 a
729 2327 780 2392 die
801 2335 862 2392 etc
885 2326 1056 2392 euidenter
1073 2351 1132 2414 per
1153 2329 1262 2394 literas
1283 2337 1319 2394 et

213 2454 273 2518 per
286 2431 368 2496 duos
382 2439 442 2496 etc.

152 2585 159 2598 .
278 2534 461 2599 Willelmus
469 2533 557 2598 filius
568 2533 703 2598 Roberti
714 2533 921 2598 athachiatus
932 2533 1317 2619 fuitadrespondeudum

214 2637 397 2702 Thurstano
423 2636 463 2700 de
494 2637 643 2701 Bisshete
670 2658 769 2722 quare
799 2635 902 2700 trahit
927 2658 1003 2700 cum
1032 2636 1068 2699 in
1096 2636 1253 2722 placitum
1282 2638 1318 2702 in

214 2741 372 2806 comitatu
387 2764 447 2828 per
459 2742 559 2806 breue
574 2741 614 2805 de
630 2749 717 2805 recto
731 2739 772 2805 de
792 2763 860 2806 una
878 2740 958 2826 uirg.
980 2748 1065 2805 terre
1085 2764 1159 2806 oum
1181 2750 1263 2827 pert.
1282 2742 1318 2806 in

215 2845 367 2931 Olstorpe
397 2868 460 2931 que
491 2867 596 2931 nuper
625 2843 780 2908 remansit
810 2843 842 2907 ei
871 2865 977 2907 coram
1012 2843 1195 2907 iusticiariis
1230 2843 1319 2929 apud

215 2947 540 3014 westmonasterium
574 2968 634 3032 per
665 2945 956 3011 consideracionem
992 2946 1138 3010 eiusdem
1167 2945 1255 3010 curie
1284 2955 1320 3010 et

215 3046 301 3110 unde
317 3047 445 3132 loquela
459 3046 523 3111 fuit
537 3045 585 3110 ibi
599 3045 775 3111 terminata
790 3053 849 3110 etc

279 3149 324 3213 Et
353 3149 537 3213 Willelmus
566 3147 660 3213 uenit
689 3155 723 3212 et
752 3146 905 3234 cognouit
935 3147 1022 3233 quod
1051 3146 1151 3211 traxit
1180 3169 1255 3210 eum
1284 3146 1320 3210 in

212 3250 371 3337 placitum
407 3251 441 3314 iu
478 3251 637 3316 comitatu
674 3249 714 3314 de
751 3249 898 3336 predicta
934 3258 1021 3314 terra
1054 3257 1089 3314 et
1119 3249 1205 3335 quod
1233 3258 1321 3314 terra

213 3354 369 3420 remansit
398 3354 504 3418 eidem
534 3355 728 3418 Thurstano.
788 3354 832 3417 Et
861 3354 934 3418 ideo
968 3353 1172 3417 Thurstanus
1207 3361 1320 3418 teneat

213 3460 247 3522 in
263 3479 341 3544 pace
357 3465 391 3521 et
406 3457 590 3522 Willelmus
605 3456 829 3522 committatur
843 3457 944 3544 gaole.

152 3625 159 3636 ,
279 3561 448 3648 Ailwynus
477 3561 622 3626 Amisius
652 3562 813 3627 Martinus
839 3569 874 3626 et
896 3561 1061 3626 Wolterus
1088 3561 1130 3626 de
1160 3561 1320 3627 Gecham²
1401 3581 1427 3611 ω

212 3671 333 3750 petunt
354 3687 468 3728 uersus
489 3665 683 3730 Mauricium
706 3665 748 3730 de
770 3665 802 3730 la
824 3665 938 3751 Legha
958 3664 1015 3750 iiij
1038 3687 1099 3730 aer.
1129 3671 1215 3729 terre
1244 3688 1320 3730 cum

211 3775 294 3854 pert.
325 3767 360 3832 in
390 3768 536 3833 Yecham
566 3777 604 3833 ut
634 3769 685 3834 ius
714 3769 857 3855 ipsorum
887 3763 921 3833 tt
949 3769 985 3833 in
1015 3791 1096 3854 quas
1126 3790 1191 3834 non
1220 3768 1320 3834 habet

212 3873 394 3959 ingressum
432 3873 495 3937 nisi
534 3896 594 3959 per
629 3874 791 3959 quandam
828 3873 1008 3938 Briotiuam
1045 3872 1319 3938 antecessistrem⁸

211 3978 356 4063 ipsorum
379 3977 520 4064 Ailwyni
542 3986 576 4042 et
598 3978 734 4042 aliorum
757 3986 817 4044 etc.

280 4081 324 4146 Et
353 4081 529 4148 Mauricius
559 4083 651 4147 uenit
681 4091 715 4147 et
741 4083 820 4148 dicit
847 4082 934 4168 quod
962 4105 1027 4147 non
1057 4082 1155 4147 debet
1184 4081 1214 4144 ei
1243 4080 1319 4145 inde

212 4183 405 4271 respondere
432 4185 509 4270 quia
537 4185 606 4272 ipse
637 4208 703 4250 non
732 4194 824 4251 tenet
854 4194 958 4250 totam
988 4195 1108 4250 terram
1138 4184 1228 4249 illam
1257 4184 1320 4248 nisi

214 4294 346 4352 tantum
375 4293 441 4350 tres
470 4309 530 4352 acr.
555 4297 589 4352 et
615 4287 691 4355 dim.
718 4297 753 4353 et
778 4289 918 4375 quedam
947 4288 1068 4353 femina
1096 4310 1159 4373 que
1186 4296 1321 4351 uocatur

212 4390 336 4478 Aylina
365 4397 457 4454 tenet
486 4389 561 4456 inde
590 4391 667 4457 dim.
698 4415 757 4457 ucr.
817 4393 862 4456 Et
891 4391 1059 4478 Aylwinus
1094 4399 1128 4455 et
1162 4390 1220 4454 elii
1255 4412 1319 4455 uon

313 4517 322 4550 ¹
340 4519 411 4568 (lorr.
421 4521 581 4582 placitorum.
767 4521 777 4554 ¹
796 4521 824 4587 (l)
838 4522 954 4573 Ickham.
1143 4523 1153 4555 ³
1170 4522 1222 4573 Sic.
