3342 5217
393 411 456 475 204
696 421 833 483 unsrun,
854 419 922 471 nn.
945 405 1039 482 1227,
1060 421 1125 470 nn
1149 408 1198 469 11.

391 593 574 660 nominatos
588 593 623 658 in
642 601 732 658 carto
751 614 850 678 quom
871 592 1029 658 Osbertus
1049 589 1090 655 de
1109 590 1257 655 Abbetot
1277 587 1415 674 protulit
1438 586 1500 652 sub

392 698 523 762 nomine
547 696 720 784 Reginsldi
744 695 785 760 de
810 695 935 759 Breuso
962 695 1003 760 de
1033 693 1177 758 manerio
1205 692 1247 757 de
1276 692 1399 756 Russoc
1427 712 1501 754 cum

392 799 600 886 pertinenciis
634 799 720 886 quod
751 797 919 864 Gnlfridus'
945 798 1101 882 Esturmy
1129 796 1251 860 clamat
1281 817 1340 881 per
1368 793 1501 858 assisam

392 901 506 966 mortis
520 900 728 966 antecessoris
746 923 859 964 uersus
879 899 1019 964 eundem
1045 898 1230 975 Osbertum,
1244 906 1279 962 et
1303 896 1390 962 unde
1413 895 1501 959 idem

393 1005 551 1070 Osbsrtus
574 1012 669 1069 uocat
693 1004 833 1068 eundem
863 1003 1083 1089 Reginaldum
1108 1002 1151 1068 sd
1180 1009 1361 1066 warantum
1390 1021 1503 1064 uersus

392 1107 532 1172 eundem
544 1106 726 1172 Galfridum
741 1115 800 1171 etc.
810 1106 853 1171 nd
863 1105 1156 1192 recognoscendum
1167 1104 1195 1169 si
1207 1103 1293 1169 idem
1303 1103 1503 1190 Reginnldus

393 1209 484 1275 dedit
507 1194 691 1274 Alexandro
715 1209 807 1274 fratri
830 1210 933 1295 ipsius
963 1209 1094 1275 Osberti
1118 1207 1211 1273 cuius
1235 1208 1328 1272 heres
1356 1208 1427 1293 ipse
1451 1215 1502 1272 est

393 1314 575 1400 predictum
605 1314 786 1378 manerium
816 1337 891 1378 cum
920 1312 1139 1399 pertinenciis,
1168 1312 1357 1377 habendum
1388 1319 1423 1376 et
1453 1319 1503 1376 te·

393 1419 537 1484 nendum
552 1419 658 1484 eidem
673 1418 858 1484 Alexandro
878 1427 912 1484 et
932 1418 1106 1484 heredibus
1125 1419 1193 1482 suis
1215 1417 1393 1482 secundum
1417 1416 1504 1502 quod

393 1522 579 1586 continetur
599 1522 634 1585 in
657 1531 745 1586 curto
766 1522 823 1586 illo
844 1543 944 1607 quam
965 1521 1052 1586 idem
1077 1520 1235 1586 Osbertus
1257 1520 1388 1606 profert,
1410 1526 1445 1583 et
1474 1517 1504 1582 si

394 1626 481 1690 idem
505 1624 705 1712 Reginsldus
729 1633 852 1690 cartam
874 1625 966 1689 illam
988 1624 1020 1690 ei
1040 1625 1117 1689 fecit
1142 1625 1195 1689 uel
1219 1647 1292 1701 non,
1308 1623 1395 1689 unde
1415 1621 1503 1686 idem

394 1729 594 1816 Reginoldus
628 1727 713 1792 dixit
747 1728 833 1815 quod
871 1749 987 1792 reuera
1019 1727 1154 1792 dederat
1183 1727 1290 1792 eidem
1319 1725 1505 1792 Alexandro

395 1831 575 1896 manerium
604 1830 687 1895 illud
717 1831 894 1896 tenendum
925 1839 996 1895 toto
1024 1832 1097 1896 uita
1125 1831 1227 1918 ipsius
1259 1829 1436 1895 Alexandri
1470 1837 1506 1893 et

396 1935 568 1999 heredibus
590 1934 657 1998 suis
675 1933 702 1998 si
722 1956 802 2019 quos
822 1934 958 1998 haberet
978 1933 1019 1998 de
1039 1956 1138 1999 uxore
1160 1934 1223 1998 sibi
1239 1932 1456 2019 desponsatn¹,
1472 1940 1507 1996 et

398 2038 484 2103 unde
499 2045 589 2102 corta
602 2036 660 2101 illa
674 2035 821 2122 deposita
836 2037 900 2101 fuit
914 2036 950 2101 in
965 2036 1117 2101 thesauro
1131 2044 1213 2123 aput
1228 2035 1463 2113 Herefordism,
1472 2045 1507 2100 et

397 2165 460 2228 que
475 2151 588 2227 postes
603 2149 732 2206 ostensa
747 2140 810 2205 fuit
825 2164 932 2206 coram
947 2141 1133 2205 iusticioriis
1146 2163 1206 2226 per
1219 2141 1495 2205 summonitorem

462 2245 506 2308 Et
517 2243 573 2308 isti
585 2252 686 2308 testes
696 2243 819 2309 scilicet
831 2244 971 2308 Thomas
982 2243 1122 2308 decenus
1134 2243 1334 2319 Herefordie,
1344 2243 1508 2307 Henricus

397 2348 438 2412 de
460 2346 651 2433 Penbrigge‚
673 2347 773 2435 Hugo
793 2348 834 2412 de
855 2349 882 2412 F
882 2349 1003 2425 roxino,
1019 2348 1185 2412 Wolterus
1205 2347 1246 2412 de
1266 2347 1458 2424 Bestfordin,
1473 2356 1509 2412 et

396 2459 544 2537 preterea
573 2450 737 2514 Walterus
766 2450 807 2514 de
836 2451 1087 2535 Tonberlronpre,
1117 2450 1301 2516 Willelmus
1326 2450 1367 2514 de
1387 2450 1510 2514 Pokiu-
1626 2480 1627 2491 κ

398 2563 484 2632 tons,
507 2553 645 2618 Thomas
674 2552 715 2618 de
746 2553 855 2629 Besso,
878 2553 1041 2618 Henricus
1066 2554 1107 2618 de
1137 2555 1345 2642 Sutingtona,
1366 2555 1442 2620 Ado.
1468 2555 1509 2620 de

311 2695 325 2720 ι.
399 2657 654 2732 Trocmaretonn,
674 2655 680 2741 Ι
698 2656 803 2742 Wydo
833 2657 873 2721 de
903 2657 937 2720 N
939 2666 1067 2734 entono,
1096 2657 1237 2723 Th0mes
1270 2658 1312 2723 de
1343 2659 1509 2734 Oerhulln,

399 2760 584 2826 Willelmus
601 2759 642 2824 de
661 2760 800 2838 Ledeno,
814 2760 982 2826 «lohannes
1003 2761 1044 2826 de
1065 2759 1211 2826 Piritonn
1229 2763 1446 2849 recognitores
1467 2763 1510 2828 ad

399 2865 460 2930 hoc
475 2863 664 2930 summoniti
678 2864 775 2928 simul
790 2887 865 2928 cum
880 2866 1020 2930 testibus
1034 2865 1148 2930 dicunt
1163 2888 1261 2951 super
1271 2875 1511 2931 sacramentum

400 2993 505 3048 suum,
529 2969 651 3034 scilicet
680 2968 818 3054 predicti
848 2978 950 3034 testes
978 2969 1092 3035 dicunt
1121 2970 1244 3056 precise
1272 2992 1331 3056 per
1359 2991 1393 3034 se
1423 2969 1512 3055 quod

399 3076 618 3141 interfuerunt
633 3073 690 3137 ubi
704 3074 905 3160 Reginnldus
920 3075 998 3139 fecit
1011 3075 1150 3161 primam
1165 3074 1304 3140 certm'
1318 3085 1354 3140 et
1366 3076 1511 3162 primum

401 3179 522 3245 donum
542 3178 629 3264 quod
650 3177 716 3242 talo
739 3177 812 3256 fuit,
827 3178 914 3264 quod
936 3178 1024 3243 idem
1044 3179 1230 3244 Alexander
1249 3188 1284 3244 et
1304 3179 1440 3245 heredes
1459 3181 1513 3245 sui

402 3305 483 3370 quos
507 3282 643 3347 haberet
669 3281 710 3346 de
733 3305 833 3347 uxore
860 3283 923 3348 sibi
942 3283 1144 3369 desponsata„
1162 3293 1197 3348 et
1221 3285 1280 3349 tali
1302 3285 1398 3349 modo
1419 3285 1514 3350 dedit

401 3387 523 3452 donum
544 3385 683 3463 illudet
703 3386 763 3450 hoc
785 3385 868 3451 bene
892 3387 1000 3452 sciunt
1021 3396 1072 3452 set
1094 3387 1135 3452 de
1157 3388 1223 3453 ulia
1244 3388 1348 3453 carte⁸
1371 3397 1406 3454 et
1426 3389 1514 3454 dono

402 3490 501 3555 nichil
516 3488 631 3565 sciunt,
646 3488 767 3554 scilicet
783 3488 823 3553 de
839 3489 923 3554 dono
944 3489 1093 3554 secundo.

468 3591 511 3654 Et
526 3589 663 3675 predicti
678 3590 893 3676 recognitores
907 3590 1030 3668 dicunt,
1045 3591 1131 3678 quod
1151 3613 1210 3657 nec
1226 3591 1266 3657 de
1286 3592 1429 3657 secunda
1452 3615 1515 3658 nec

401 3693 442 3758 de
466 3693 571 3779 prima
594 3691 710 3757 nichil⁴
735 3693 852 3769 sciunt,
875 3701 926 3758 set
949 3693 1033 3758 bene
1055 3693 1210 3758 uiderunt
1232 3694 1319 3780 quod
1347 3694 1516 3780 predictus

402 3795 601 3884 Reginnldus
616 3795 703 3880 cepit
718 3795 906 3882 homagium
926 3795 1028 3882 ipsius
1042 3796 1221 3862 Alexandri
1239 3796 1275 3861 in
1296 3797 1392 3882 pleno
1413 3799 1516 3864 comi-

403 3909 476 3966 tatu
491 3899 531 3964 de
547 3899 659 3964 eadem
675 3907 762 3962 terro
779 3906 813 3963 et
833 3922 909 3964 eum
929 3899 964 3964 in
983 3899 1135 3965 seisiuom
1156 3901 1266 3986 posuit
1287 3923 1348 3965 nec
1369 3900 1518 3987 aliquam

402 4013 525 4070 curtem
540 4002 695 4068 uiderunt
709 4024 769 4066 nec
784 4001 990 4068 audiuerunt.

469 4109 513 4174 Et
542 4107 620 4194 quio
643 4115 743 4172 testes
767 4106 868 4172 nichil
891 4107 999 4172 sciunt
1022 4107 1063 4172 de
1089 4117 1179 4172 carta
1200 4107 1258 4172 illa
1278 4107 1429 4187 secundo,
1451 4133 1517 4176 nec

436 4302 791 4355 ¹0bservethelimitstion.
1013 4303 1095 4354 ³me
1106 4304 1171 4355 deod
1181 4303 1313 4368 produced
1323 4303 1358 4368 by
1370 4305 1478 4358 Osbert.

404 4370 451 4486 reg.
463 4369 518 4420 The
528 4368 592 4420 deod
603 4369 718 4431 oresting
734 4385 750 4419 s
766 4367 929 4420 conditionsl
1014 4369 1026 4401 ⁴
1041 4371 1145 4434 aliquid
1154 4375 1202 4422 not
1212 4372 1304 4430 nichil,
1315 4370 1347 4421 B.
