3342 5217
499 435 637 497 nrsrnn
660 435 725 486 ao.
749 422 845 500 1227,
865 434 930 487 sn
953 423 1002 484 11.
1240 421 1304 490 207

192 607 361 676 descendit
383 611 434 678 ius
457 620 543 678 terre
564 611 653 677 illius
675 611 803 699 Rogero
823 611 893 678 filio
913 633 982 689 suo,
1003 611 1045 677 de
1074 611 1210 698 Rogero‚
1232 611 1305 678 Elie

190 713 259 782 filio
273 737 341 794 suo,
355 715 397 781 de
412 717 502 803 Elya,
518 717 582 803 ipsi
596 717 723 803 Rogero
738 725 777 781 ut
792 716 860 781 filio
874 724 910 782 et
923 715 1037 782 heredi
1050 738 1109 780 suo
1124 724 1185 782 etc.

257 818 302 883 Et
317 819 476 906 Georgius
490 819 584 886 uenit
599 829 634 886 et
648 819 795 886 defendit
809 821 862 886 ius
875 843 973 886 suum
986 843 1075 886 nnnc
1088 828 1125 886 et
1142 819 1224 886 alies
1243 827 1304 886 etc

191 929 227 986 et
240 920 322 986 dicit
335 923 423 1008 quod
437 924 535 1010 Elyes
549 931 643 1010 pater
656 945 735 989 suus
749 946 917 1010 perquem
936 924 1065 1002 clamet,
1079 931 1212 990 tentum
1225 923 1305 990 fecit

191 1025 279 1112 quod
293 1025 381 1093 idem
397 1027 543 1114 Rogerus
558 1026 686 1091 nullum
701 1025 753 1092 ius
768 1025 870 1092 habet
889 1026 925 1091 in
943 1035 1031 1092 terra
1048 1025 1108 1092 ille
1126 1034 1161 1092 et
1182 1027 1306 1114 profert

191 1137 317 1194 cartem
338 1129 441 1216 ipsius
464 1129 545 1215 Elye
567 1151 631 1215 que
653 1136 795 1194 testatur
812 1127 899 1216 quod
920 1129 990 1216 ipse
1005 1129 1083 1194 fecit
1104 1129 1306 1196 concordiam

192 1255 268 1299 cum
284 1233 469 1298 Alexandro
485 1233 551 1298 filio
567 1231 686 1320 Rogeri
706 1231 747 1297 de
761 1232 874 1297 Ruilla
892 1233 934 1298 de
952 1233 1098 1298 manerio
1116 1234 1160 1300 de
1181 1235 1307 1300 Fetone

192 1336 280 1422 quod
301 1336 488 1402 Alexander
509 1336 626 1412 tenuit,
649 1335 736 1400 unde
762 1333 921 1420 placitum
942 1345 1014 1402 erat
1038 1336 1075 1400 in
1097 1336 1188 1402 curie
1209 1337 1304 1404 Dom.

192 1440 303 1526 Regis,
312 1439 362 1505 ita
376 1438 462 1525 quod
477 1438 547 1526 ipse
563 1438 654 1504 dedit
668 1447 704 1504 et
719 1437 877 1504 concessit
889 1438 1036 1525 predicto
1047 1439 1232 1506 Alexandro
1248 1461 1306 1526 pro

192 1541 277 1608 bono
306 1543 395 1628 pacis
418 1542 591 1608 dimidium
617 1541 818 1608 manerium¹
844 1542 886 1607 de
911 1543 1036 1608 Estona
1060 1544 1239 1609 tenendum
1262 1543 1305 1610 de

192 1667 231 1710 eo
246 1654 282 1710 et
296 1645 470 1712 heredibus
485 1647 552 1712 suis
567 1647 668 1712 libere
683 1655 717 1712 et
732 1647 844 1733 quiete
858 1646 895 1710 in
908 1646 1059 1712 omnibns
1073 1646 1170 1713 rebus
1184 1670 1248 1734 que
1262 1648 1304 1714 ed

192 1749 281 1815 idem
311 1750 491 1816 manerium
521 1757 680 1836 spectant,
706 1757 741 1814 et
762 1749 897 1835 insuper
923 1757 1133 1836 patronatum
1162 1751 1304 1826 ecclesie,

192 1863 228 1918 et
249 1853 320 1940 ipse
341 1852 528 1920 Alexander
552 1853 628 1918 inde
654 1854 732 1919 lecit
755 1854 788 1920 ei
811 1853 1009 1942 homagium
1053 1855 1179 1920 Profert
1200 1856 1304 1921 eciam

192 1965 316 2020 cartam
338 1955 484 2021 eiusdem
499 1956 678 2022 Alexandri
692 1977 756 2042 que
777 1964 920 2022 testatur
933 1956 1020 2042 quod
1033 1955 1126 2023 dedit
1140 1956 1305 2024 Willelmo

192 2059 234 2125 de
264 2059 410 2126 Seffuble
439 2083 497 2146 pro
521 2060 671 2148 homagio
697 2069 732 2126 et
757 2061 893 2126 seruicio
917 2060 1130 2126 medietatem
1158 2060 1237 2126 uille
1262 2061 1304 2126 de

193 2165 317 2230 Estone
347 2165 434 2229 sicut
462 2165 554 2229 illam
584 2165 693 2230 tenuit
721 2164 762 2230 de
793 2165 876 2250 Elye
911 2163 953 2230 de
990 2164 1135 2231 Gliftona
1169 2164 1233 2229 sibi
1268 2173 1304 2230 et

192 2266 367 2333 heredibus
389 2267 465 2344 suis,
484 2266 659 2332 tenendam
682 2265 724 2332 de
746 2289 785 2332 eo
806 2275 842 2332 ct
864 2265 1037 2331 heredibus
1057 2266 1133 2331 suis
1177 2266 1304 2332 Profert

192 2371 297 2436 eciam
319 2379 440 2435 certam
462 2369 467 2455 Ι
486 2369 622 2435 Henrici
641 2369 741 2456 Regis
762 2369 818 2434 eui
838 2368 931 2434 Dom
953 2369 1061 2456 Regis,
1076 2391 1140 2455 que
1162 2376 1305 2436 testatur

192 2475 280 2561 quod
317 2475 387 2560 ipse
423 2474 581 2540 concessit
613 2482 648 2540 et
677 2472 881 2539 confirmauit
909 2473 1112 2538 concordiem
1140 2481 1176 2538 et
1203 2474 1303 2539 finem

191 2581 316 2646 fectum
336 2601 442 2646 coram
462 2601 500 2644 eo
514 2579 602 2644 inter
616 2579 731 2663 Elyem
746 2577 787 2642 de
804 2576 949 2643 Gliftona
962 2586 998 2642 et
1017 2576 1169 2642 heredem
1184 2577 1304 2664 Rogeri
1353 2635 1357 2642 .

193 2685 234 2750 dc
250 2683 364 2749 Ruilla
378 2684 418 2748 de
433 2684 577 2749 manerio
595 2682 636 2747 de
652 2683 782 2758 Estone,
797 2680 862 2746 scil.
878 2681 965 2767 quod
985 2681 1083 2766 Elyas
1101 2680 1142 2746 de
1160 2681 1305 2746 Oliftona

191 2784 341 2850 coneedit
362 2785 575 2850 medietatem
597 2784 676 2848 uille
694 2784 735 2848 de
754 2783 877 2848 Estona
895 2782 1080 2846 Alexandro
1099 2783 1166 2846 filio
1184 2782 1304 2869 Rogeri

190 2888 232 2954 dc
255 2887 368 2952 Ruilla
398 2897 432 2952 et
454 2888 512 2952 dat
534 2887 565 2951 ei
595 2887 695 2952 filiam
724 2909 817 2952 suem
846 2887 1012 2973 Agnetem
1036 2887 1072 2950 in
1101 2909 1243 2964 uxorem,
1268 2895 1303 2952 et

190 3001 343 3080 preterea
362 2993 519 3058 concessit
541 2991 647 3057 eidem
669 2991 855 3057 Alexandro
875 2991 1151 3078 presentecionem
1171 2993 1303 3057 ecclesie

190 3095 338 3166 eiusdem
357 3095 501 3173 manerii,
520 3095 576 3162 ’et
599 3096 656 3161 illa
676 3095 835 3161 medietas
856 3096 1038 3162 remanebit
1059 3096 1162 3182 ipsius
1183 3096 1303 3184 Rogeri

189 3200 334 3266 tenenda
357 3209 419 3265 etc
444 3209 480 3264 et
502 3199 585 3285 Elye
605 3199 646 3264 de
669 3199 815 3265 Oliftona
835 3208 871 3264 ct
892 3199 1092 3264 heredibus¹
1113 3221 1172 3286 per
1200 3199 1302 3266 serui-

188 3305 278 3369 cium
547 3301 566 3366 ⁸.
611 3303 655 3366 Et
691 3301 765 3366 ideo
801 3303 878 3366 uult
914 3310 950 3367 ct
986 3302 1128 3389 precipit
1155 3302 1303 3379 firmiter,

189 3405 277 3492 quod
303 3404 376 3470 finis
400 3405 456 3470 ille
486 3403 572 3470 sicut
601 3404 688 3470 inter
717 3426 771 3470 eos
802 3403 908 3470 lactus
937 3413 989 3469 est
1016 3405 1145 3470 stabilis
1176 3427 1302 3490 perme-

189 3524 276 3580 neat.
322 3515 366 3578 Et
385 3513 459 3580 ideo
479 3537 544 3578 non
558 3514 616 3578 wlt
635 3513 712 3578 inde
733 3512 926 3598 respondere
943 3512 1007 3577 nisi
1021 3513 1111 3578 curie
1123 3512 1303 3578 considera·

191 3617 287 3683 uerit

258 3719 302 3784 Et
317 3719 465 3805 Rogerus
479 3741 545 3784 non
556 3718 678 3784 dedicit
692 3726 796 3784 cartas
811 3718 892 3796 illas,
902 3739 963 3783 nec
976 3717 1099 3783 donum
1109 3717 1300 3804 predictum.

190 3822 236 3888 Et
256 3821 330 3887 ideo
352 3821 592 3887 consideratum
615 3829 665 3886 est
687 3821 774 3908 quod
794 3821 954 3908 Georgius
974 3828 1088 3885 teneat
1109 3821 1144 3886 in
1166 3843 1245 3907 peoe
1266 3831 1302 3887 et

190 3927 303 4013 quiete
317 3925 559 4011 inperpetuum,
575 3935 610 3991 et
624 3927 772 4012 Rogerus
786 3926 821 3990 in
836 3924 1061 3991 misericordia

258 4029 303 4094 Et
326 4029 485 4115 Georgius
506 4029 670 4116 cognoscit
692 4028 940 4095 aduocecionem
963 4028 1097 4094 ecclesie
1122 4029 1211 4096 illius
1231 4053 1301 4096 esse

222 4191 233 4224 ¹
251 4191 581 4250 meermannianam.
806 4193 817 4227 ¹
833 4194 857 4243 A
874 4193 955 4244 blank
973 4207 1057 4257 space.
1089 4193 1112 4244 B
1131 4193 1180 4244 has
1197 4196 1302 4246 dimidii

224 4255 265 4288 Η
281 4265 306 4306 et
315 4257 383 4319 qood
394 4257 444 4306 illo
454 4259 574 4307 mediatur
586 4259 724 4308 remeabit
774 4261 874 4310 militis.
907 4259 930 4309 A
941 4263 1003 4310 note
1013 4259 1042 4308 in
1054 4258 1099 4311 the
1108 4259 1211 4322 margin
1222 4261 1302 4311 olthe

192 4323 327 4372 hereditas
344 4323 425 4384 ipsias
443 4323 536 4384 Rupere·
553 4325 660 4373 urenda
677 4332 723 4374 etc.
775 4324 915 4374 note-book
935 4323 986 4374 bas
1012 4325 1077 4375 been
1102 4325 1227 4389 osrefully
1247 4326 1301 4377 and

190 4391 232 4466 de·
246 4389 313 4500 Ego
336 4387 367 4436 cle
397 4387 513 4450 Gltftona
539 4395 564 4438 ct
592 4389 724 4440 heredibus
775 4389 976 4452 totallyerased

191 4467 254 4513 rou,
293 4489 300 4500 .
