3342 5217
407 405 470 468 260
654 411 656 418 ’
702 407 844 477 mmm,
865 413 929 463 ln.
954 402 1049 476 1229,
1071 415 1135 463 nu
1161 395 1210 464 13.

405 587 527 652 timam'
543 591 721 671 personum,
743 584 867 649 scilicet
888 583 1070 670 predictum
1093 583 1275 650 Galfn'dum
1297 581 1355 668 qui
1376 603 1511 667 peisona

406 690 469 755 iuit
498 689 533 753 in
562 698 681 754 terram
710 689 901 754 Jerosolime
929 688 1063 752 ultimo²
1091 688 1183 764 obiit,
1204 686 1246 751 de
1267 685 1389 751 uicaria
1408 685 1510 749 nichil

406 793 523 858 sciunt.

473 898 720 964 Consideratum
732 906 782 962 est
797 898 885 984 quod
899 897 1020 963 Basilia
1033 897 1238 984 recuperauit
1253 897 1403 962 seisinam
1418 918 1510 959 suam

405 1013 442 1068 et
471 1004 590 1070 habeat
618 1003 718 1068 breue
747 1003 789 1067 ad
819 1003 960 1068 electum
989 1001 1076 1089 quod
1101 1002 1143 1067 ad
1171 1001 1454 1088 presentationem,
1476 1007 1511 1063 et

408 1108 570 1174 Gerardus
584 1108 781 1173 Bermicoste
798 1108 871 1174 etc.²
890 1107 895 1194 Ι

407 1429 600 1497 PLACITA
614 1432 676 1496 DE
696 1431 904 1497 TERMINO
926 1431 958 1497 S.
973 1429 1197 1495 HYLLARII
1215 1430 1347 1496 ANNO
1365 1429 1512 1496 REGNI

511 1535 707 1602 HENRIOI
729 1535 842 1600 FILII
865 1535 1000 1601 REGIS
1021 1536 1258 1601 JOHANNIS
1278 1532 1411 1601 XIIJ02.

467 1753 587 1840 *Hugo
608 1753 711 1817 Reuel
732 1751 930 1817 attachiatus
950 1752 1014 1816 fuit
1034 1750 1076 1816 ad
1095 1751 1354 1839 respondendum
1373 1752 1512 1839 Hugoni

303 1875 328 1906 ⁰¹
407 1856 491 1923 Coeo
514 1865 548 1922 et
570 1857 693 1943 Agneti
715 1857 807 1921 uxori
829 1857 900 1921 eius
922 1864 957 1921 et
979 1856 1084 1921 Alicie
1107 1857 1206 1921 sorori
1235 1857 1338 1943 ipsius
1362 1857 1514 1944 Agnetis,

406 1979 505 2046 quum
533 1983 600 2024 non
624 1967 716 2024 tenet
741 1959 788 2024 eis
815 1959 914 2023 finem
937 1960 1060 2023 factum
1085 1959 1121 2023 in
1143 1959 1233 2024 curia
1255 1960 1389 2025 Henrici
1411 1960 1515 2046 Regis

405 2063 461 2126 uui
489 2063 576 2126 inter
604 2061 784 2126 Robertum
814 2061 918 2126 Reuel
952 2070 1079 2148 patrem
1108 2061 1210 2147 ipsius
1239 2062 1389 2148 Hugonis
1417 2064 1515 2128 cuius

405 2165 499 2231 heres
527 2165 596 2251 ipse
626 2172 685 2240 est,
707 2172 741 2229 et
764 2164 966 2229 willelmum
988 2165 1093 2228 filium
1117 2166 1267 2251 Hugonis
1289 2175 1415 2252 patrem
1437 2189 1514 2252 pre-

405 2268 565 2332 dictarum
577 2267 717 2354 Agnetis
732 2275 766 2330 et
781 2266 895 2345 Alicio,
909 2266 1003 2331 ouius
1017 2267 1152 2331 heredes
1166 2268 1236 2353 ipse
1251 2277 1328 2333 sunt
1342 2278 1515 2334 tenentem

405 2371 447 2436 de
470 2371 575 2436 tribus
594 2371 710 2456 uirget.
727 2379 761 2435 et
781 2393 831 2432 xx.
846 2391 909 2434 aer.
925 2378 1010 2434 terre
1030 2378 1065 2434 et
1080 2369 1145 2454 viij.
1163 2392 1224 2435 aer.
1239 2372 1325 2456 preti
1339 2394 1413 2436 cum
1428 2382 1516 2458 pert.

405 2475 440 2538 in
456 2475 595 2539 Pokeste
612 2483 645 2538 et
665 2473 700 2537 in
716 2473 930 2559 Couesgraue‚
946 2473 1032 2537 unde
1050 2473 1275 2560 cnogmphum
1291 2483 1359 2551 etc,
1374 2483 1408 2540 et
1424 2476 1517 2540 unde

406 2577 492 2642 idem
504 2578 603 2663 Hugo
614 2577 725 2661 Agnes
740 2584 774 2640 et
785 2575 891 2639 Alicio
905 2583 1087 2661 queruntur
1098 2577 1184 2661 quod
1198 2576 1285 2642 idem
1297 2578 1395 2664 Hugo
1404 2578 1517 2643 Reuel

405 2689 516 2746 contra
539 2681 637 2744 finem
662 2680 756 2744 illum
778 2680 953 2744 ussarteuit
974 2679 1107 2744 boscum
1129 2681 1290 2766 quendam
1312 2681 1347 2745 in
1369 2703 1432 2768 quo
1454 2682 1519 2747 de-

405 2782 521 2848 berent
536 2783 654 2847 habere
671 2781 809 2847 husbote
825 2790 859 2846 et
874 2781 1021 2867 heybote.

472 2888 515 2952 Et
527 2888 627 2974 Hugo
641 2887 745 2951 Reuel
760 2887 853 2951 uenit
868 2895 903 2951 et
918 2887 1080 2973 cognoscit
1095 2888 1193 2953 finem
1207 2889 1300 2953 illum
1315 2898 1349 2954 et
1363 2891 1521 2957 concedit

405 2978 543 3056 husbote
574 3000 608 3055 et
633 2991 773 3075 hoybote
800 2991 977 3056 secundum
1009 3002 1198 3078 proportum
1227 3017 1321 3059 suum
1351 3006 1522 3082 quantum

404 3094 519 3159 boscus
534 3093 588 3158 ille
603 3092 781 3170 durauerit‚
796 3101 856 3159 etc.

470 3187 631 3284 ⁵Rogems
661 3196 701 3261 de
732 3197 948 3263 Cestrefordia
981 3200 1101 3284 optulit
1130 3222 1164 3264 se
1199 3200 1279 3286 iiijw.
1307 3201 1360 3265 die
1395 3225 1525 3271 uersus

403 3301 544 3365 Aliciam
560 3300 600 3364 de
622 3300 817 3364 Herlestonu
836 3308 871 3363 et
886 3300 1087 3365 Willelmum
1101 3301 1206 3366 filium
1220 3326 1317 3367 suum
1336 3303 1375 3368 de
1389 3304 1527 3389 placito

405 3514 575 3592 cumxpert.
598 3506 633 3570 in
657 3504 849 3570 Tudeuhum
872 3513 907 3570 et
928 3505 964 3570 in
986 3506 1142 3570 Tostoke⁸
1155 3507 1235 3572 dum
1256 3507 1342 3572 idem
1365 3509 1530 3595 Rogerus

405 3609 469 3674 fuit
491 3609 526 3674 in
547 3609 676 3696 prisona
695 3610 789 3674 Dom.
804 3610 905 3697 Regis
926 3619 1007 3696 aput
1028 3611 1226 3677 Londoniam
1247 3613 1287 3678 de
1303 3637 1366 3700 quo
1378 3615 1530 3685 redditu

436 3782 507 3832 ¹uti
518 3785 564 3832 not
576 3784 671 3843 attium,
685 3781 715 3831 A.
895 3838 898 3845 .
983 3785 1041 3832 true
1059 3797 1168 3844 persono
1190 3782 1291 3845 though
1307 3782 1395 3833 bound
1414 3787 1444 3832 to
1465 3803 1534 3853 pay

436 3847 447 3879 ²
464 3856 488 3896 et
500 3849 590 3896 habeut
601 3849 673 3896 breue
689 3851 723 3896 cul
734 3849 849 3898 Electum
866 3851 932 3911 quod
983 3862 1055 3896 some
1066 3848 1533 3919 annunlpemiotothemonustery,

404 3914 440 3962 acl
452 3913 664 3976 presmtuciomm
686 3921 731 3962 etc.
755 3921 779 3962 et
804 3915 932 3962 Gerordus
984 3911 1066 3961 There
1076 3913 1099 3961 is
1116 3928 1150 3961 no
1162 3913 1276 3962 moizoif
1290 3914 1360 3963 what
1373 3913 1398 3962 is
1414 3929 1533 3972 vacant

403 3979 539 4028 Bruucoote
550 3979 573 4039 j.
592 3981 772 4037 recognitorum
789 3981 818 4026 in
835 3981 930 4028 miseri·
983 3977 1006 4025 is
1023 3977 1120 4041 merely
1141 3977 1186 4027 the
1203 3979 1328 4041 vicursgo.
1361 3978 1410 4029 See
1428 3980 1487 4034 Bt.
1509 3989 1532 4038 f.

403 4044 490 4092 cordio
511 4057 558 4105 pro
580 4044 685 4106 defalta.
713 4044 884 4091 mismcordia
904 4046 929 4106 j.
982 4043 1067 4092 2411).

403 4123 498 4156 uuerco.
526 4107 557 4168 A,
569 4107 600 4155 Β.
633 4107 932 4169 Theuppropristionto
1015 4107 1155 4157 ‘Theron
1163 4107 1537 4170 mfenedwaslisconm

403 4171 571 4222 monosteries
578 4171 607 4221 of
616 4171 705 4234 parish
713 4170 839 4221 ohurohes
848 4187 931 4222 seems
981 4172 1051 4235 Rege
1061 4173 1121 4221 Roll
1131 4173 1180 4220 No.
1192 4174 1232 4224 BA

402 4235 933 4299 tohavegivenrisetougreutdoolof
1013 4237 1185 4298 &Amen

402 4300 542 4363 litigation.
591 4301 616 4350 It
638 4301 662 4350 is
683 4301 755 4350 often
777 4316 793 4352 a
820 4301 930 4352 difficolt
1012 4302 1069 4351 ⁸A.
1081 4317 1117 4351 m.
1129 4303 1153 4354 4.

402 4366 523 4428 question
534 4365 649 4416 whether
659 4381 676 4416 o
690 4367 787 4416 certain
803 4381 867 4416 man
878 4381 929 4417 uus
1011 4367 1022 4400 ⁶
1040 4369 1176 4431 Tojtstoke,
1188 4368 1220 4418 A.

402 4433 446 4482 the
457 4437 526 4480 mere
536 4434 648 4482 vicanus
664 4432 691 4483 of
707 4431 751 4482 the
766 4431 861 4482 monks
873 4447 929 4482 ora
