3342 5217
337 438 377 500 52
567 433 1208 511 n1cnnnnnm‚nn.1219,nn3-4.

172 633 297 723 Nm·
333 617 501 683 dixerunt*
515 636 612 704 snper
622 626 860 683 sacramentum
871 640 967 681 sunm
979 616 1065 703 quod
1075 617 1221 681 fecerunt
1233 616 1378 701 [uastum
1393 614 1441 697 et]

272 722 498 809 ‹1'quod1poi
517 724 703 787 Homont
669 730 703 787 et
724 721 860 787 Matillis
879 730 953 807 post
972 744 1085 807 pooem
1105 721 1245 785 iuratam
1268 728 1303 783 et
1322 719 1442 783 factam

172 826 238 911 3⁰32,
230 823 308 909 Ψ
334 827 421 891 inter
442 826 610 890 dominnm
631 826 756 912 Regem
775 832 810 889 e
797 825 960 889 tbamnes
974 847 1049 889 suos
1063 824 1282 889 uendiderunt
1293 829 1331 887 et
1345 821 1441 886 dede-

173 918 257 959 ‘ww'
334 940 412 994 runt
435 929 476 993 de
495 929 590 994 bosco
609 928 754 1014 predicto
774 934 808 991 et
832 927 1092 991 edificcuernnt
1082 950 1118 991 ιιι
1139 928 1274 991 alterius
1288 924 1404 990 feodo
1395 933 1443 988 rto

336 1033 421 1119 quod
445 1055 503 1119 per
525 1032 749 1097 uendicionem
769 1032 860 1095 illam
880 1041 915 1096 et
930 1031 1139 1096 donacionem
1154 1039 1189 1095 et
1204 1030 1443 1094 edificacionem

336 1137 481 1201 fecerunt
492 1146 623 1200 uastum
635 1136 677 1200 ad
686 1136 867 1200 ualenciam
878 1136 919 1199 xi
932 1158 1121 1211 marcarum,
1131 1142 1165 1198 et
1176 1142 1249 1219 post
1258 1155 1370 1218 pacem
1382 1140 1442 1195 etc.

402 1240 649 1305 Considerotum
664 1247 714 1303 est
729 1238 815 1325 quod
829 1238 985 1303 Albertus
999 1238 1118 1303 habeat
1129 1236 1332 1300 forestarium
1347 1258 1443 1299 ouum

337 1354 371 1409 ct
400 1345 462 1430 ipsi
492 1345 623 1409 Hamon
652 1353 686 1408 et
716 1342 852 1407 Motillis
877 1342 978 1406 nichil
1006 1342 1138 1426 capiant
1164 1340 1227 1405 nisi
1250 1362 1309 1425 per
1334 1340 1442 1403 uisum

337 1450 495 1515 forestarii
514 1448 616 1534 ipsius
635 1447 772 1525 Alberti,
787 1447 918 1525 scilicet,
933 1446 1064 1510 haibote
1080 1453 1115 1510 et
1128 1445 1259 1510 usbote⁸
1273 1454 1308 1508 et
1322 1444 1389 1508 sint
1408 1443 1443 1507 in

336 1553 553 1619 misericordia
586 1553 663 1638 quin
695 1561 807 1617 contro
835 1551 1088 1637 prohibicionem
1118 1558 1178 1615 etc.
1207 1558 1338 1614 uastum
1367 1548 1443 1612 inde

337 1658 490 1721 fecerunt.

270 1821 276 1834 ,
402 1760 549 1846 ‘Leprosi
570 1760 600 1825 S.
621 1757 723 1823 Morie
743 1756 851 1843 Magd.
867 1757 907 1821 de
931 1756 1141 1842 cantebrigia
1162 1779 1221 1841 per
1241 1763 1443 1820 ottomotnm

212 1858 216 1867 ’
290 1884 296 1895 ·
336 1886 433 1928 snum
452 1870 571 1948 petunt
590 1883 703 1925 nemus
723 1860 923 1923 Ebornrdum
942 1859 984 1923 de
1004 1860 1218 1944 Trumpitono
1237 1880 1340 1921 unum
1359 1879 1442 1921 mes-

336 1968 486 2055 onaginm
501 1976 535 2031 et
550 1990 600 2031 xx.
617 1988 705 2030 acras
725 1974 810 2029 terre
830 1987 905 2028 cum
924 1963 1132 2049 pertinenciis
1146 1964 1181 2027 in
1195 1963 1314 2026 Howes
1329 1969 1387 2025 etc
1403 1970 1443 2024 ut

335 2074 387 2138 ino
408 2096 504 2138 suurn
526 2080 561 2137 et
582 2082 621 2136 nt
643 2072 715 2135 illos
736 2071 771 2134 in
794 2093 874 2156 quas
895 2092 960 2134 non
982 2070 1082 2134 habet
1100 2068 1281 2155 ingressum
1301 2066 1364 2130 nisi
1384 2088 1444 2151 per

335 2178 537 2241 Willelmum
559 2184 685 2261 patrem
708 2197 803 2238 sunm
826 2174 879 2238 oni
901 2183 1021 2238 terram
1042 2173 1132 2237 illam
1152 2172 1381 2237 commiserunt
1401 2170 1443 2234 ad

337 2278 512 2343 terminum
528 2278 585 2363 qui
599 2276 747 2363 preteriit
763 2286 822 2340 etc.

401 2382 446 2445 Et
468 2381 650 2446 Eborardns
673 2379 765 2444 uenit
787 2387 822 2443 et
847 2377 993 2442 defendit
1017 2377 1069 2441 ius
1094 2400 1190 2440 sunm
1216 2384 1251 2440 et
1273 2374 1353 2439 dicit
1379 2397 1443 2460 quo

335 2484 435 2548 habet
459 2482 593 2548 terram⁶
618 2490 657 2547 nt
682 2482 734 2545 ius
757 2489 792 2545 et
818 2481 1033 2545 hereditatem
1059 2502 1151 2543 suam
1181 2488 1216 2542 et
1243 2486 1338 2563 pater
1365 2500 1444 2541 suus

335 2585 425 2650 illam
451 2584 559 2649 tenuit
585 2584 619 2647 in
648 2582 740 2647 feodo
766 2592 801 2647 et
825 2582 1007 2647 hereditate
1032 2603 1090 2666 per
1114 2582 1156 2645 xl.
1182 2602 1282 2645 annos
1304 2588 1339 2643 et
1360 2579 1443 2643 bene

336 2686 482 2753 defendit
496 2687 677 2773 ingressum
692 2687 733 2751 ad
748 2686 925 2750 terminum
940 2693 999 2750 etc

404 2790 447 2853 Et
470 2789 533 2875 ipsi
552 2788 676 2853 nnllam
695 2797 817 2853 sectam
837 2787 1020 2873 producunt
1035 2809 1094 2851 nec
1109 2795 1231 2851 cartam
1246 2808 1306 2849 nec
1320 2783 1444 2869 aliquid

336 2891 513 2956 ostendunt
535 2899 647 2955 contra
668 2912 745 2954 eum
766 2889 829 2954 nisi
851 2898 983 2954 tantum
1005 2889 1091 2974 quod
1110 2888 1252 2952 offerunt
1270 2908 1389 2972 ponere
1409 2906 1444 2949 se

336 3018 433 3081 super
452 2994 591 3082 patriam
611 3003 646 3060 et
665 2994 738 3059 ideo
752 2994 990 3059 consideratum
1005 2992 1157 3079 estquod
1172 2990 1354 3056 Ebornrdns
1368 2987 1444 3053 inde

337 3097 468 3183 quietus
491 3104 525 3162 et
548 3096 611 3183 ipsi
633 3096 669 3160 in
692 3096 909 3162 misericordia
929 3105 963 3161 et
983 3096 1171 3182 perquirant
1185 3093 1275 3158 aliud
1288 3092 1388 3157 breue
1403 3090 1444 3155 de

336 3208 425 3265 recto
438 3200 468 3265 si
482 3199 653 3265 noluerint.

402 3304 530 3369 ⁰Asoisn
553 3304 646 3368 uenit
668 3304 874 3390 recognitum.
897 3302 969 3388 quis
990 3302 1168 3367 aduocatus
1190 3308 1335 3385 tempore
1357 3296 1445 3383 pacis

280 3420 286 3433 '
337 3407 540 3494 presentanit
563 3407 713 3472 nltimam
733 3429 902 3492 personam
923 3430 986 3494 que
1006 3414 1135 3470 mortua
1154 3413 1204 3469 est
1221 3403 1263 3467 ad
1278 3402 1445 3466 ecclesiam

337 3512 378 3575 de
402 3510 597 3596 Langedona
619 3533 682 3596 que
705 3519 801 3575 uacat
822 3518 882 3575 etc
903 3510 995 3575 cuius
1014 3508 1261 3573 oduooecionem
1280 3505 1446 3569 Walter-us

337 3612 378 3677 de
393 3611 565 3697 Wordum
579 3612 699 3677 clamat
713 3634 826 3676 uersus
839 3612 1004 3677 Abbatem
1019 3612 1059 3676 de
1072 3609 1268 3675 Meandono⁸
1269 3607 1344 3692 ,qui
1353 3606 1447 3672 uenit

372 3746 465 3795 1Ἧιιε
475 3762 533 3796 case
549 3746 572 3795 is
587 3746 654 3797 cited
669 3748 703 3809 by
717 3747 866 3797 Brootonf.
917 3747 1020 3797 moden
1035 3746 1194 3808 conjectnrnl
1208 3742 1388 3800 emendatiom
1410 3756 1446 3791 an

340 3812 397 3871 316,
409 3814 440 3861 de
451 3814 554 3862 cornilio
569 3816 639 3862 curte
650 3821 754 3876 propter
768 3821 867 3862 nactum
917 3821 942 3862 et
964 3812 1061 3873 having
1083 3820 1154 3873 crept
1176 3811 1232 3859 into
1253 3808 1297 3857 his
1322 3810 1377 3857 text
1402 3807 1445 3856 be·

341 3880 470 3940 opporttno
477 3879 532 3939 snit
539 3878 700 3940 forestarius
727 3878 868 3927 Atorooter
918 3875 1269 3939 tweensecernotnndqood,
1279 3872 1359 3935 hoby
1367 3873 1445 3920 inter

340 3942 364 3990 io
375 3941 516 4056 {pffintffd
530 3946 680 4056 hipdeient
696 3942 741 3991 the
758 3942 868 3992 dowroen
918 3941 1045 3992 lineation
1056 3940 1170 3991 ineertcd
1180 3946 1280 3989 aarum
1295 3938 1381 3987 before
1398 3937 1444 3985 the

340 4007 869 4187 iiisnwiiiaiingnmiriofflssiiiiiiiffi
918 4015 1054 4187 Ξῑῠιέἷὸοέ,
1078 4078 1103 4120 et
1126 4072 1217 4130 hotot„
1244 4070 1274 4129 Δ,
1303 4068 1396 4131 toybot
1420 4074 1446 4116 et

446 4151 594 4198 oyoeon
654 4152 783 4186 ouoeo.
936 4153 965 4186 ro
1009 4172 1056 4195 ,.

340 4201 419 4251 above
430 4200 496 4251 Osee
506 4203 546 4253 27.
950 4202 961 4234 ⁴
977 4203 1007 4250 A.
1019 4216 1055 4250 m.
1069 4202 1111 4257 11;
1129 4199 1159 4248 Β.
1171 4214 1207 4247 m.
1219 4199 1259 4247 10.

372 4264 383 4297 ²
399 4267 517 4315 dixer-tint
527 4273 868 4329 mperrocrommtnmroum
949 4267 960 4299 θ
978 4266 1077 4329 supply
1085 4267 1165 4326 ittam,
1179 4264 1210 4322 A,
1223 4263 1253 4312 B.

340 4332 406 4395 quod
418 4333 468 4393 ipsi
481 4334 591 4389 Hortor,
603 4332 638 4390 Βῑ
659 4332 778 4381 dixerunt
792 4348 867 4394 snper
949 4330 961 4362 ⁸
976 4331 1007 4379 A.
1019 4346 1054 4379 m.
1068 4332 1110 4389 11;
1127 4330 1159 4377 B.
1170 4344 1206 4378 m.
1220 4329 1258 4378 10.

340 4397 867 4460 sooronoentnmroomquodseceruntquod
950 4396 1081 4445 ⁷Verd1m
1091 4394 1122 4454 Β,
1136 4394 1246 4443 Vordnm
1257 4393 1287 4441 A.

340 4464 391 4523 ipsi
406 4462 514 4518 Homon,
527 4461 557 4509 A.
595 4460 650 4511 The
664 4464 804 4512 annotator
818 4460 867 4510 hoo
950 4460 1085 4511 wauton
1096 4460 1127 4517 Β,
1139 4460 1259 4507 Mation?
