3342 5217
179 706 307 770 366.

417 0 680 59 propria
699 0 974 59 persona
991 0 1258 40 accedat
1280 0 1365 40 au
1383 0 1917 63 Dagmgeuenam
1935 0 2005 42 et
2024 0 2142 63 per
2156 0 2634 42 sacramentum

401 84 539 143 etc.
574 78 928 163 appreciari
957 78 1153 143 faciat
1181 78 1540 164 predictam
1569 89 1812 146 terram
1842 81 1922 146 de
1947 81 2409 169 Bagingedena
2438 102 2635 167 quam

419 180 752 267 predictus
780 181 1096 246 Rieardus
1124 181 1206 245 de
1238 180 1706 269 Bagingedena
1735 191 1922 248 tenet
1949 183 2018 247 in
2063 183 2527 271 Bagingedena
2552 181 2634 247 de

418 283 785 350 hereditate
813 285 1017 372 patris
1045 285 1146 350 sui
1170 285 1241 350 in
1261 284 1598 350 dominicis
1621 294 1740 350 etc.
1766 295 1845 350 ut
1866 308 2078 372 supra,
2098 294 2169 351 et
2191 286 2637 351 extensionem

417 396 490 451 et
531 389 1081 474 appreciacionem
1124 390 1305 454 illam
1350 390 1512 456 scire
1555 390 1755 455 faciat
1796 388 2167 455 iusticiariis
2210 390 2386 478 apud
2420 390 2637 455 West-

418 493 883 559 monasterinm
943 503 1062 559 etc.
1124 517 1241 580 per
1297 493 1458 559 duos
1507 517 1628 580 per
1677 518 1953 581 quorum
2004 504 2480 560 sacramentum
2525 494 2639 558 illa

418 595 712 660 extensio
741 606 811 661 et
839 597 1236 683 appreciacio
1266 596 1436 661 facta
1465 596 1662 661 fuerit
1692 605 1815 662 etc.

552 699 882 763 Walterus
911 699 991 764 de
1022 697 1364 763 Braddena
1390 699 1825 764 summonitus
1855 699 1981 764 fuit
2003 698 2088 764 ad
2117 699 2634 787 respondendum

421 801 751 867 Willelmo
800 802 882 866 de
927 802 1232 890 Gimoges
1274 823 1474 886 quare
1518 824 1648 866 non
1693 801 2021 887 permittit
2064 824 2217 867 eum
2261 811 2634 888 presentare

416 906 737 990 ydoneam
769 929 1104 993 personam
1141 905 1224 971 ad
1260 906 1594 971 eeclesiam
1635 906 1718 970 de
1764 906 2110 971 Braddena
2151 929 2278 992 que
2327 915 2520 971 uacat
2565 915 2637 971 et

416 1009 504 1073 ad
554 1032 739 1075 suam
787 1014 1039 1096 spectat
1099 1007 1518 1073 donacionem
1576 1007 1751 1073 unde
1813 1007 1986 1073 idem
2046 1008 2417 1073 Willelmus
2474 1008 2636 1074 dicit

418 1112 592 1199 quod
620 1113 951 1200 predictus
989 1113 1320 1177 Walterus
1360 1135 1512 1177 eum
1549 1111 1792 1177 iniuste
1836 1111 2114 1198 impedit
2158 1112 2314 1198 quia
2355 1111 2634 1198 quedam

418 1217 654 1284 Sibilla
681 1225 890 1281 mater
919 1216 1123 1302 ipsius
1165 1215 1480 1280 Willelmi
1517 1215 1925 1301 presentauit
1966 1215 2181 1301 ipsum
2227 1214 2633 1283 Willelmum

414 1320 627 1384 filium
674 1340 866 1384 suum
917 1317 1003 1382 ad
1052 1315 1327 1382 eandem
1387 1317 1721 1382 ecclesiam
1767 1317 1882 1402 qui
1938 1317 2023 1381 ad
2080 1317 2633 1402 presentacionem

413 1446 602 1489 suam
661 1421 980 1487 admissus
1035 1419 1166 1484 fuit
1223 1426 1294 1484 et
1351 1442 1625 1505 persona
1682 1419 2029 1484 institutus
2088 1419 2158 1483 in
2217 1418 2443 1485 eadem
2518 1443 2635 1506 per

413 1525 935 1592 archidiaconum
997 1522 1490 1608 Norhamptone
1534 1531 1810 1587 uacante
1855 1523 2005 1589 sede
2051 1522 2515 1588 Lincolniensi²
2562 1531 2633 1589 et

413 1632 661 1718 profert
718 1638 961 1694 cartam
1020 1627 1224 1713 ipsius
1284 1625 1514 1691 Sibille
1571 1625 1655 1690 dc
1715 1626 2199 1711 presentacione
2259 1635 2329 1692 et
2386 1636 2631 1692 cartam

411 1736 620 1822 ipsius
677 1731 1106 1798 archidiaconi
1163 1731 1245 1795 de
1304 1729 1710 1807 admissione,
1769 1731 1953 1795 salua
1999 1731 2314 1818 Magistro
2368 1732 2630 1798 Simone

411 1838 496 1902 de
571 1834 930 1900 Wautham
1004 1840 1322 1919 perpetua
1392 1831 1638 1897 uicaria
1711 1831 1792 1897 de
1867 1831 2095 1897 eadem
2168 1833 2439 1898 ecclesia
2509 1834 2631 1899 sub

411 1962 636 2006 annua
661 1938 968 2025 pensione
988 1937 1038 2022 j
1070 1958 1223 2000 mar.
1255 1935 1597 2000 annuatim
1627 1934 1958 2000 reddenda
1981 1935 2271 2021 predicto
2302 1936 2630 2001 Willelmo

373 2054 535 2144 ‘ete

547 2148 637 2211 Et
692 2146 1024 2210 Walterus
1082 2143 1269 2209 uenit
1327 2151 1396 2208 et
1453 2142 1616 2208 dicit
1676 2143 1850 2229 quod
1909 2143 2081 2209 iuste
2140 2144 2420 2231 impedit
2478 2145 2634 2231 quia

411 2249 697 2337 quedam
728 2248 986 2315 Samcla
1012 2255 1227 2312 mater
1251 2246 1457 2332 ipsius
1487 2245 1764 2311 Walteri
1794 2246 2201 2332 presentauit
2243 2247 2633 2334 Magistrum

411 2355 751 2420 Simonem
807 2353 890 2419 de
947 2351 1306 2418 Wautham
1364 2350 1449 2416 ad
1507 2351 1782 2416 eandem
1841 2350 2177 2416 ecclesiam
2236 2360 2306 2416 et
2363 2351 2478 2437 qui
2549 2351 2635 2416 ad

407 2459 689 2528 eandem
718 2457 1055 2523 ecclesiam
1084 2454 1402 2520 admissus
1441 2455 1504 2518 fu
1513 2454 1568 2518 it
1611 2475 1887 2540 persona
1928 2462 1999 2518 et
2042 2476 2315 2540 persona
2356 2455 2520 2520 obiit
2562 2454 2633 2518 in

407 2563 644 2630 eadem
675 2560 962 2626 ecclesia.

547 2667 704 2730 Post
732 2663 920 2729 uenit
957 2661 1289 2725 Walter-us
1332 2666 1403 2724 et
1444 2658 1606 2724 dicit
1650 2659 1826 2745 quod
1868 2659 2069 2725 nichil
2114 2661 2352 2726 clamat
2394 2659 2520 2725 nisi
2564 2661 2633 2725 in

408 2769 770 2835 medietate
799 2762 1246 2831 aduocacionis
1273 2763 1451 2827 illius
1479 2764 1763 2829 ecclesie.

549 2872 637 2936 Et
667 2892 869 2957 quum
914 2867 1245 2955 predictus
1288 2866 1658 2931 Willelmus
1698 2866 2095 2932 sufficienter
2136 2867 2422 2933 ostendit
2460 2867 2633 2953 quod

408 2976 555 3061 ipse
584 2973 712 3038 fuit
741 2971 892 3036 inde
922 2991 1195 3056 persona
1221 2968 1304 3033 ad
1335 2969 1888 3054 presentacionem
1919 2969 2146 3034 matris
2184 2993 2316 3047 sue,
2347 2979 2417 3034 et
2455 2968 2629 3034 idem

409 3076 748 3142 Walterus
804 3073 1004 3139 nichil
1064 3071 1350 3137 ostendit
1408 3070 1581 3157 quod
1639 3071 1957 3159 Magister
2017 3072 2242 3137 Simon
2299 3072 2408 3136 uel
2465 3072 2632 3137 alius

409 3180 734 3247 admissus
791 3177 920 3242 fuit
967 3176 1050 3240 ad
1102 3174 1651 3261 presentacionem
1698 3183 2174 3240 antecessorum
2218 3196 2476 3239 suorum
2524 3176 2629 3240 uel

410 3305 600 3349 suam
658 3281 743 3346 ad
800 3279 1075 3346 eandem
1135 3276 1468 3340 ecclesiam
1528 3284 1599 3341 et
1656 3277 1985 3363 cognoscit
2042 3277 2214 3363 quod
2287 3278 2630 3343 aduocacio

409 3409 750 3472 nunquam
809 3385 938 3449 fuit
995 3381 1256 3469 partita,
1318 3380 1813 3446 Consideratum
1873 3389 1974 3446 est
2033 3381 2206 3467 quod
2261 3381 2632 3447 Willelmus

409 3487 825 3577 recuperauit
869 3485 1172 3552 seisinam
1217 3505 1401 3548 suam
1447 3491 1518 3547 et
1559 3484 1894 3548 Walterus
1939 3484 2009 3548 in
2052 3484 2502 3563 misericordia,
2560 3495 2631 3551 et

409 3594 560 3661 ideo
620 3591 970 3658 mandetur
1026 3588 1343 3676 Episcopo
1402 3587 1838 3654 Lincolniensi
1896 3588 2069 3675 quod
2127 3612 2257 3653 non
2330 3589 2629 3655 obstante

1178 3817 1195 3848 ¹
1235 3817 1354 3878 May
1380 3817 1506 3865 1206
1522 3815 1693 3866 -Dec.
1727 3817 1869 3865 1209.

2679 719 2945 769 Non-thanm-
