3342 5217
362 393 382 453 4
665 406 817 469 ramur,
840 406 905 458 111.
930 394 1023 471 1118,
1046 382 1110 458 aa
1134 395 1163 458 2.

360 580 476 665 tenere]
488 579 632 645 maneria
642 580 699 644 illa
709 580 743 644 in
759 581 866 668 capite
877 581 918 646 de
932 581 1063 647 domino
1077 582 1168 669 Rege
1184 579 1267 645 etin
1282 578 1468 645 narracione

361 705 420 747 sua
434 683 547 747 dicunt
562 683 647 769 quod
666 683 772 767 [dato]
788 734 1050 750 ............
1068 685 1153 768 [com
1172 684 1306 768 sibilla]
1327 693 1361 748 et
1383 682 1468 768 petit

362 786 421 851 hoc
435 786 498 851 sibi
513 788 651 853 allocari.
697 788 741 852 Et
755 796 940 853 attomatus
954 788 1092 875 predicti
1108 788 1246 853 Comitis
1261 796 1296 853 et
1310 788 1371 852 Ele
1388 786 1469 851 dicit

361 891 447 975 quod
461 914 576 957 reuera
589 942 806 959 ..........
824 894 874 977 [ec
890 894 1082 977 condicione]
1098 895 1274 980 quodcum
1293 893 1467 959 seruicium

361 995 562 1061 fieretfieret
577 995 706 1060 domino
722 996 806 1083 Regi
826 1004 861 1061 et
881 997 942 1062 hac
961 998 1088 1062 racione
1103 998 1222 1063 clamat
1241 1008 1353 1063 tenere
1366 1045 1470 1063 .....

363 1148 531 1165 ........
548 1098 620 1163 illas
643 1099 737 1163 uillas
760 1108 798 1163 ut
820 1100 914 1164 datas
935 1101 1192 1166 antecessoribus
1217 1100 1326 1165 uxoris
1350 1121 1408 1165 sue
1434 1099 1469 1163 in

361 1202 569 1289 maritagium
584 1254 941 1271 ................
957 1213 991 1269 61
1006 1206 1113 1270 uariat
1127 1206 1162 1269 in
1177 1205 1361 1270 narracione
1376 1226 1436 1269 sua
1450 1225 1471 1267 a

361 1304 462 1371 breui
522 1303 768 1371 Consideratum
804 1313 854 1369 est
889 1306 974 1391 quod
1004 1307 1155 1393 Paganus
1184 1330 1248 1372 non
1277 1306 1471 1393 respondeat

362 1458 624 1479 ............
641 1409 858 1494 [perquirent]
873 1432 908 1473 se
923 1410 986 1474 alio
1001 1411 1135 1474 modo
1110 1433 1138 1474 s1
1152 1408 1338 1475 uoluerint¹.

261 1531 290 1591 4
426 1510 450 1575 J
451 1518 545 1575 urata
565 1534 605 1575 ex
628 1532 783 1575 consensu
806 1511 974 1625 [porcium
994 1513 1082 1577 uenit
1101 1514 1304 1597 recoyrritora
1322 1534 1352 1576 61
1346 1511 1469 1596 Hapo

217 1612 331 1663 [mm]
361 1614 413 1697 de]
439 1612 589 1678 Scalariis
611 1613 774 1699 quondam
798 1613 851 1677 uir
872 1614 936 1677 Ale
962 1614 1014 1680 die
1041 1636 1105 1699 quo
1129 1614 1373 1700 desponsauit
1363 1636 1468 1701 ipsam

360 1716 457 1781 Alam
481 1717 610 1781 dotauit
634 1718 732 1801 [eam]
757 1739 815 1802 per
844 1739 1009 1781 assensum
1040 1726 1074 1781 61
1102 1718 1309 1802 [uoluntatem
1332 1716 1471 1783 Heneti

361 1822 400 1887 de
421 1821 580 1887 Scutariis
596 1820 707 1907 patris
728 1842 780 1885 661
775 1820 854 1902 ’16]
877 1818 1020 1883 1116116116
1042 1818 1083 1883 16
1106 1820 1275 1884 Waddona
1296 1842 1371 1884 cum
1396 1841 1468 1904 per-

361 1925 511 1991 tinenciis
539 1926 574 1989 in
604 1924 761 1989 comitatu
792 1924 1007 2010 Kantebrigie
1032 1946 1091 2009 pro
1117 1924 1218 1989 tercia
1243 1933 1335 2011 parte
1366 1924 1470 1989 tocius

361 2030 552 2095 hereditatis
574 2052 631 2094 sue
650 2077 959 2095 ............
979 2028 1050 2112 [ad]
1072 2028 1207 2092 terciam
1230 2029 1372 2113 [partem
1392 2027 1469 2112 11611]

361 2133 532 2209 sufficeret,
555 2130 614 2195 hoc
636 2130 723 2216 quod
748 2130 900 2195 deficeret
923 2130 955 2195 ei
977 2130 1186 2215 perficeretur
1208 2131 1287 2196 alibi
1310 2131 1351 2196 de
1377 2131 1469 2196 here·

361 2236 466 2302 ditate
495 2234 596 2321 ipsius
625 2234 783 2322 Hugonis.
809 2232 1005 2321 1161616166
1039 2236 1161 2312 dicunt,
1190 2236 1277 2322 quod
1305 2236 1470 2323 predictus

361 2341 461 2427 Hugo
491 2339 619 2404 dotauit
648 2362 720 2404 eam
750 2361 809 2424 per
837 2360 1003 2403 assensum
1032 2348 1067 2403 et
1096 2341 1301 2405 uoluntatem
1331 2340 1471 2426 predicti

362 2444 498 2510 Henrici
512 2444 614 2530 patris
631 2443 691 2520 sui,
705 2444 763 2529 qui
782 2466 913 2529 presens
935 2444 999 2508 suit
1020 2443 1078 2508 ubi
1100 2444 1171 2530 ipsa
1192 2444 1385 2530 desponsata
1405 2444 1470 2508 fuit

362 2550 403 2614 de
424 2548 569 2635 predicto
591 2547 735 2611 manerio
755 2547 794 2612 de
815 2547 985 2611 Waddona
999 2570 1073 2613 cum
1089 2548 1306 2633 pertinenciis,
1320 2548 1370 2613 ita
1384 2548 1470 2635 quod

362 2652 390 2717 si
411 2650 592 2716 manerium
614 2649 696 2715 illud
718 2672 782 2713 non
804 2650 965 2715 sufficeret
988 2650 1031 2715 ad
1056 2650 1189 2715 terciam
1214 2640 1341 2737 partem
1365 2652 1470 2716 tocius

362 2753 554 2819 hereditatis
574 2775 641 2829 sue,
660 2752 692 2817 ei
711 2751 920 2838 perficeretur
941 2752 982 2817 de
1004 2752 1077 2818 eliis
1098 2753 1193 2837 terris
1215 2754 1281 2818 suis
1301 2776 1404 2840 usque
1427 2754 1471 2819 ad

364 2858 497 2925 terciam
513 2866 639 2942 partem
655 2866 713 2923 616.

430 2960 676 3027 Consideratum
706 2968 756 3025 ost
785 2960 872 3046 quod
900 2959 972 3046 ipsa
1002 2961 1207 3046 recuperauit
1241 2962 1392 3027 seisinam
1429 2962 1471 3028 de

200 3082 256 3157 ww.
272 3090 290 3156 3·
363 3065 491 3131 residuo
520 3064 606 3150 quod
632 3063 663 3128 ei
692 3062 821 3127 deficiat
847 3063 889 3127 ad
918 3063 1051 3129 terciam
1076 3072 1203 3149 partem
1233 3064 1472 3150 perficiendam,

364 3170 413 3234 ita
434 3168 556 3233 scilicet
578 3166 664 3253 quod
686 3166 714 3231 si
735 3166 917 3231 manerium
938 3167 978 3231 de
998 3167 1168 3232 Waddona
1186 3168 1326 3233 sufficiat
1345 3169 1388 3233 ad
1405 3177 1470 3233 ter·

364 3272 447 3338 ciem
473 3278 599 3358 partem
626 3269 729 3334 tocius
751 3269 950 3347 hereditatis,
972 3270 1003 3335 ei
1025 3280 1200 3348 remaneat,
1220 3272 1271 3337 s'm
1295 3279 1416 3349 autem,
1440 3272 1472 3337 ei

364 3373 559 3461 perficiatur,
574 3372 602 3437 si
616 3381 727 3436 autem
742 3371 815 3457 plus
830 3371 877 3436 ibi
892 3372 990 3436 fuerit
1004 3380 1189 3436 reuertatur
1202 3372 1265 3457 ipsi
1279 3373 1421 3438 Henrico
1436 3381 1472 3439 et

364 3479 437 3544 ideo
458 3478 530 3564 ipsa
551 3475 670 3541 habeat
692 3475 791 3540 breue
812 3474 855 3540 ad
874 3474 1098 3541 uicecomitem
1119 3475 1281 3541 Norfolcie
1300 3476 1388 3562 quod
1401 3476 1472 3562 ipse

365 3580 539 3666 assumptis
568 3588 628 3644 etc.
654 3579 694 3643 de
724 3579 882 3643 comitatu
911 3600 969 3642 suo
995 3578 1064 3643 sinc
1093 3577 1250 3643 dilacione
1279 3578 1314 3642 in
1343 3580 1473 3665 propria

365 3706 501 3772 persona
530 3682 662 3748 accedat
691 3682 732 3746 ad
762 3704 873 3746 omnes
898 3690 1000 3745 terras
1026 3703 1105 3767 quas
1131 3681 1231 3769 Hugo
1257 3681 1297 3746 de
1322 3682 1473 3751 Scalariis

366 3788 527 3874 quondam
543 3786 595 3851 uir
609 3786 670 3849 Ale
686 3784 794 3849 tenuit
814 3784 849 3847 in
869 3784 1026 3849 comitatu
1046 3807 1113 3861 suo,
1128 3792 1196 3848 tam
1216 3784 1259 3849 ad
1278 3792 1380 3850 terres
1398 3784 1472 3853 illas

366 3913 446 3977 quas
475 3890 636 3954 Henricus
666 3888 706 3953 de
737 3888 887 3953 Scalariis
918 3888 1003 3952 filius
1038 3888 1175 3973 predicti
1210 3889 1361 3976 Hugonis
1395 3890 1471 3956 inde

366 4002 467 4071 tenet,
491 4015 588 4079 quam
614 3992 657 4057 ad
682 3992 754 4056 illas
779 3991 807 4055 si
833 4014 914 4077 quas
939 3991 1085 4078 predicta
1113 3992 1177 4057 Ala
1205 3991 1282 4056 inde
1312 4000 1414 4071 tenet,
1436 4004 1473 4060 et

366 4120 425 4183 per
458 4118 568 4161 eorum
604 4094 711 4159 uisum
740 4094 897 4159 auxilium
933 4104 968 4159 61
1002 4094 1171 4159 consilium
1207 4094 1277 4159 sine
1313 4096 1472 4164 dilacione

399 4286 482 4334 ι1116
504 4284 654 4341 defendent
667 4283 756 4345 pleads
781 4298 893 4333 success-
943 4283 1472 4359 abateswithoutprejudioetoanyfuturc

366 4352 430 4413 fully
442 4350 500 4400 that
512 4349 556 4399 the
569 4352 648 4398 count
660 4348 796 4413 (66116616)
809 4348 879 4398 varie
866 4363 894 4396 es
944 4349 1038 4399 action

366 4366 433 4469 116111
451 4415 495 4464 the
511 4414 568 4463 urit
586 4414 638 4477 (tre
638 4413 686 4478 ue),
699 4428 728 4464 so
744 4414 789 4463 the
805 4413 893 4463 action
975 4414 986 4447 ³
1003 4414 1117 4463 Written
1128 4414 1161 4476 by
1172 4413 1217 4464 1116
1228 4414 1338 4478 copying
1348 4416 1426 4467 clerk
