3342 5217
407 448 643 512 meniminus,
665 448 730 499 nn.
755 435 850 510 1231,
871 448 936 499 nn
961 437 1098 499 15-16.
1241 436 1303 499 491

197 652 310 696 uersus
331 626 510 716 predictam
536 624 667 689 Annam
692 622 746 688 uel
770 621 857 708 quod
880 622 913 688 ei
937 621 1096 687 deliberet
1121 628 1240 686 terram
1264 619 1306 685 de

197 735 273 799 Toft
288 731 466 799 secundum
481 729 567 817 quod
581 728 743 795 conuenit.

264 840 308 905 Et
329 838 490 904 Radulfus
511 835 605 901 uenit
627 842 661 899 et
690 833 854 921 cognoscit
883 832 1134 898 conuenoionem
1163 841 1198 897 et
1226 831 1307 897 dicit

199 942 285 1029 quod
299 942 331 1008 ei
345 942 480 1008 deberet
494 940 526 1005 ei
540 938 747 1005 warentizare
761 937 802 1002 de
821 944 910 1002 terra
928 936 969 1001 de
985 936 1061 1002 Tos
1078 945 1129 1002 set
1143 935 1308 1022 predictus

200 1045 359 1111 Osbertus
388 1044 489 1109 frater
517 1064 596 1107 suus
624 1040 660 1105 in
690 1040 761 1105 uita
790 1060 850 1105 sua
877 1039 969 1105 illam
998 1039 1134 1105 tradidit
1163 1039 1308 1126 predicto

199 1148 345 1214 Waltero
374 1146 416 1213 ad
446 1146 623 1212 terminum
652 1168 703 1209 xx.
728 1166 887 1209 annorum
916 1143 1094 1209 secundum
1125 1143 1211 1230 quod
1235 1165 1307 1230 pre-

200 1250 325 1315 dictum
355 1258 414 1328 est,
436 1258 470 1316 et
500 1248 640 1315 libenter
663 1246 694 1311 ei
719 1246 944 1312 warentizaret
966 1247 996 1311 si
1018 1255 1138 1312 terram
1160 1247 1251 1313 illam
1273 1247 1309 1311 in

201 1373 299 1415 manu
316 1372 375 1415 sua
394 1348 537 1415 haberet.
582 1348 628 1411 Et
642 1346 720 1433 quia
739 1346 883 1411 nescitur
903 1355 1015 1410 utrum
1036 1346 1124 1411 idem
1144 1346 1309 1411 Walterus

201 1452 291 1518 illam
312 1452 433 1518 habeat
452 1451 495 1517 ad
514 1450 691 1517 terminum
714 1448 767 1513 uel
790 1448 825 1513 in
848 1448 940 1513 feodo
962 1458 1206 1515 summoneatur
1219 1450 1308 1514 Wal-

202 1566 292 1622 terus
306 1556 393 1643 quod
408 1556 451 1620 sit
466 1563 525 1621 etc
542 1554 583 1619 ad
598 1551 835 1618 ostendendum
851 1551 930 1638 quid
945 1552 1025 1619 iuris
1040 1553 1160 1619 habeat
1173 1554 1209 1618 in
1223 1563 1311 1619 terra

202 1661 260 1726 illa
273 1682 337 1746 que
352 1659 497 1746 obligata
511 1657 575 1722 fuit
589 1655 695 1723 eidem
711 1655 830 1720 Brinno
845 1678 904 1741 per
925 1658 1175 1722 conuenoionem
1191 1658 1310 1723 factam

203 1762 410 1849 interipsum
426 1760 583 1826 Brianum
604 1768 638 1823 et
652 1758 835 1845 predictum
857 1758 1033 1825 Osbertum
1054 1769 1089 1826 et
1107 1769 1219 1825 utrum
1238 1784 1311 1826 eam

204 1873 316 1932 teneat
335 1866 369 1929 in
393 1864 485 1929 feodo
505 1864 558 1929 uel
581 1863 623 1929 ad
646 1863 771 1927 firmam
794 1872 829 1929 et
852 1862 939 1928 unde
963 1864 1051 1929 idem
1071 1865 1210 1929 Briauus
1231 1864 1311 1930 dicit

204 1969 291 2056 quod
308 1976 480 2055 postquam
499 1966 529 2030 ei
544 1966 688 2053 obligata
703 1966 766 2031 fuit
781 1966 869 2031 idem
885 1966 1044 2033 Osbertus
1058 1991 1130 2033 eam
1145 1969 1310 2035 alienauit.

142 2134 150 2147 ,
270 2071 448 2137 Nicholaus
469 2069 563 2135 Swist
582 2070 789 2134 athachiatus
809 2069 933 2135 suited
954 2072 1213 2157 respondendum
1229 2073 1310 2138 Wil-

205 2178 301 2243 lelmo
316 2176 356 2240 de
371 2173 557 2238 Walesham
572 2196 672 2259 quare
686 2173 820 2238 intrusit
834 2196 869 2239 se
889 2174 925 2239 in
945 2174 1078 2240 terciam
1100 2184 1227 2263 partem
1247 2178 1309 2264 xvj.

204 2301 265 2344 acr.
291 2276 417 2342 marisci
439 2283 474 2341 et
504 2275 570 2361 viij.
592 2298 652 2341 acr.
676 2276 763 2362 prati
792 2298 867 2341 cum
895 2287 976 2363 pert.
1003 2278 1039 2343 in
1069 2279 1246 2347 Mendham
1275 2290 1310 2347 et

205 2384 240 2448 in
266 2384 421 2447 Prestona
446 2390 558 2445 eontra
583 2380 681 2447 finem
704 2382 825 2447 factum
848 2382 995 2448 incuria
1015 2384 1109 2451 Dom.
1131 2386 1232 2473 Regis
1253 2387 1311 2473 qui

204 2508 292 2551 nunc
313 2493 364 2550 est
384 2484 471 2550 inter
492 2484 632 2549 eundem
659 2485 856 2551 Nicholaum
879 2495 1047 2573 petentem
1070 2499 1105 2555 et
1128 2491 1310 2577 predictum

205 2588 407 2654 Willelmum
427 2596 595 2653 tenentem
610 2588 651 2654 de
672 2590 773 2655 tercia
793 2599 886 2677 parte
906 2592 926 2657 l.
942 2593 998 2657 sol.
1014 2593 1162 2660 redditus
1182 2606 1218 2660 et
1239 2605 1311 2661 octo

204 2716 265 2759 acr.
281 2692 367 2780 prati
382 2714 455 2757 cnm
471 2700 551 2778 pert.
568 2692 603 2758 in
618 2693 795 2759 Mendham
810 2703 846 2760 et
864 2696 900 2760 in
918 2696 1076 2762 Prestona
1097 2707 1132 2764 et
1151 2698 1192 2765 de
1212 2700 1314 2765 tercia

204 2804 298 2884 parte
313 2796 376 2882 xvj.
391 2818 452 2860 acr.
468 2795 596 2861 marisci
611 2806 644 2861 et
660 2820 731 2861 xxx.
748 2820 809 2863 acr.
824 2798 913 2863 bosci
926 2799 962 2865 in
978 2801 1163 2881 Mendham‚
1176 2812 1211 2868 et
1226 2803 1312 2870 unde

205 2902 390 2967 Willelmus
419 2901 567 2987 queritur
591 2902 677 2988 quod
706 2912 817 2968 contra
847 2904 946 2969 finem
975 2906 1068 2971 illum
1099 2907 1253 2974 deforciat
1282 2910 1313 2974 ei

205 3006 339 3071 terciam
365 3012 491 3090 partem
518 3004 583 3090 viij.
611 3026 672 3070 acr.
695 3006 781 3090 prati
803 3014 839 3071 et
860 3008 994 3074 terciam
1016 3020 1143 3095 partem
1165 3012 1227 3098 xvj.
1251 3036 1313 3077 acr.

204 3110 333 3176 marisci
347 3131 423 3174 cum
438 3118 519 3195 pert.

272 3215 317 3280 Et
332 3213 510 3279 Nicholaus
525 3214 619 3278 uenit
633 3222 668 3279 et
682 3215 846 3300 cognoscit
860 3216 959 3282 finem
980 3227 1015 3283 et
1037 3226 1145 3284 totum
1160 3220 1314 3308 quiequid

206 3320 241 3386 in
272 3319 460 3407 cirographo
489 3318 676 3384 continetur
704 3328 738 3385 et
766 3320 955 3407 dicitquod
984 3331 1035 3387 est
1063 3324 1098 3388 in
1127 3325 1246 3390 seisina
1273 3326 1315 3391 de

207 3423 357 3489 omnibus
372 3421 535 3487 contentis
555 3421 590 3485 in
611 3420 801 3510 cirographo
822 3433 858 3488 et
872 3424 955 3491 bene
978 3425 1058 3492 dicit
1079 3427 1166 3515 quod
1187 3430 1314 3494 nullum

207 3536 339 3616 pratum
368 3548 428 3590 nec
457 3524 612 3589 mariscus
640 3526 827 3593 continetur
856 3528 891 3592 in
920 3528 1108 3617 cirographo
1140 3555 1200 3599 nec
1236 3534 1315 3599 ciro

206 3631 369 3721 graphum
392 3629 469 3694 inde
490 3629 570 3695 facit
591 3630 792 3695 mencionem
816 3631 969 3718 aliquam,
992 3642 1028 3699 et
1052 3636 1133 3700 bene
1153 3637 1316 3723 cognoscit

208 3735 296 3822 quod
318 3732 496 3798 Nicholaus
517 3733 558 3799 de
582 3734 757 3799 Mendham
787 3744 970 3802 antecessor
998 3738 1141 3823 ipsorum
1165 3739 1317 3806 Nicholai

210 3836 369 3902 Willelmi
391 3844 425 3899 et
440 3835 556 3901 Auicie
577 3836 745 3923 participis
766 3838 929 3923 ipsorum¹
943 3841 1008 3906 fuit
1030 3842 1160 3909 seisitus
1181 3844 1222 3909 de
1246 3867 1317 3932 pre·

208 3940 296 4006 dicto
316 3946 409 4025 prato
431 3946 467 4003 et
490 3938 624 4005 marisco
648 3947 683 4004 et
703 3939 780 4004 inde
804 3941 887 4006 obiit
908 3943 1038 4009 scisitus
1062 3955 1097 4011 et
1118 3947 1204 4032 quod
1227 3949 1319 4014 nulla

209 4045 377 4113 contencio
392 4044 456 4110 fuit
471 4044 625 4111 intereos
645 4044 767 4110 nichil*
781 4046 821 4112 de
844 4048 946 4114 tercia
965 4058 1059 4136 parte
1079 4051 1218 4137 predicti
1232 4055 1317 4139 prati

210 4160 245 4217 et
266 4148 395 4215 marisci
417 4156 451 4213 et
471 4148 530 4214 illa
552 4150 653 4215 tercia
676 4172 750 4236 pars
773 4152 929 4218 remansit
950 4152 1057 4219 eidem
1079 4154 1238 4221 Nicholao
1260 4179 1320 4243 per

211 4254 310 4319 finem
324 4251 419 4319 illum
434 4250 553 4337 etipse
568 4250 668 4317 nichil
683 4252 757 4338 plus
771 4254 952 4339 occupauit.

244 4417 253 4450 ¹
281 4414 405 4467 Nichclns
433 4413 516 4474 svin,
544 4414 661 4466 william
686 4414 740 4469 and
822 4414 993 4472 ’Gorrnrirt

213 4482 289 4535 Arica
299 4496 364 4532 were
375 4494 517 4547 pareeners.
