<?xml version="1.0" encoding="UTF-8"?>
<!DOCTYPE html PUBLIC "-//W3C//DTD XHTML 1.0 Transitional//EN"
    "http://www.w3.org/TR/xhtml1/DTD/xhtml1-transitional.dtd">
<html xmlns="http://www.w3.org/1999/xhtml" xml:lang="en" lang="en">
 <head>
  <title>
</title>
<meta http-equiv="Content-Type" content="text/html;charset=utf-8" />
  <meta name='ocr-system' content='tesseract 3.04.00' />
  <meta name='ocr-capabilities' content='ocr_page ocr_carea ocr_par ocr_line ocrx_word'/>
</head>
<body>
  <div class='ocr_page' id='page_1' title='image "bractonsnoteboo01maitgoog_0054.png"; bbox 0 0 3342 5217; ppageno 0'>
   <div class='ocr_carea' id='block_1_1' title="bbox 316 424 1191 498">
    <p class='ocr_par' dir='ltr' id='par_1_1' title="bbox 316 424 1191 498">
     <span class='ocr_line' id='line_1_1' title="bbox 316 424 1191 498; baseline -0.001 -13"><span class='ocrx_word' id='word_1_1' title='bbox 316 426 359 487; x_wconf 78' lang='lat'><strong>44</strong></span> <span class='ocrx_word' id='word_1_2' title='bbox 550 436 870 498; x_wconf 62' lang='lat' dir='ltr'><strong>mensunusum.</strong></span> <span class='ocrx_word' id='word_1_3' title='bbox 896 424 989 497; x_wconf 80' lang='lat'><strong>1219,</strong></span> <span class='ocrx_word' id='word_1_4' title='bbox 1010 436 1073 487; x_wconf 70' lang='lat' dir='ltr'><strong>nu</strong></span> <span class='ocrx_word' id='word_1_5' title='bbox 1098 424 1191 485; x_wconf 79' lang='lat'>3-4.</span> 
     </span>
    </p>
   </div>
   <div class='ocr_carea' id='block_1_2' title="bbox 252 609 1426 2117">
    <p class='ocr_par' dir='ltr' id='par_1_2' title="bbox 315 609 1425 1085">
     <span class='ocr_line' id='line_1_2' title="bbox 316 609 1423 696; baseline 0.003 -23"><span class='ocrx_word' id='word_1_6' title='bbox 316 609 416 673; x_wconf 87' lang='lat' dir='ltr'><strong>libere</strong></span> <span class='ocrx_word' id='word_1_7' title='bbox 432 609 618 673; x_wconf 88' lang='lat' dir='ltr'><strong>teuencium</strong></span> <span class='ocrx_word' id='word_1_8' title='bbox 636 610 693 695; x_wconf 91' lang='lat' dir='ltr'><strong>qui</strong></span> <span class='ocrx_word' id='word_1_9' title='bbox 712 616 826 674; x_wconf 89' lang='lat' dir='ltr'><strong>tenent</strong></span> <span class='ocrx_word' id='word_1_10' title='bbox 845 617 1034 675; x_wconf 81' lang='lat' dir='ltr'><strong>tenemento</strong></span> <span class='ocrx_word' id='word_1_11' title='bbox 1050 611 1251 696; x_wconf 78' lang='lat' dir='ltr'><strong>pertinencia</strong></span> <span class='ocrx_word' id='word_1_12' title='bbox 1272 610 1314 676; x_wconf 84' lang='lat' dir='ltr'><strong>ed</strong></span> <span class='ocrx_word' id='word_1_13' title='bbox 1336 611 1423 676; x_wconf 87' lang='lat' dir='ltr'><strong>idem</strong></span> 
     </span>
     <span class='ocr_line' id='line_1_3' title="bbox 315 713 1423 800; baseline 0.003 -24"><span class='ocrx_word' id='word_1_14' title='bbox 315 721 457 777; x_wconf 80' lang='lat' dir='ltr'><strong>castrum</strong></span> <span class='ocrx_word' id='word_1_15' title='bbox 470 722 613 798; x_wconf 89' lang='lat' dir='ltr'><strong>tempore</strong></span> <span class='ocrx_word' id='word_1_16' title='bbox 624 714 654 777; x_wconf 82' lang='lat' dir='ltr'><strong>J.</strong></span> <span class='ocrx_word' id='word_1_17' title='bbox 668 713 775 799; x_wconf 85' lang='lat' dir='ltr'><strong>Regis,</strong></span> <span class='ocrx_word' id='word_1_18' title='bbox 785 713 940 799; x_wconf 87' lang='lat' dir='ltr'><strong>capiendo</strong></span> <span class='ocrx_word' id='word_1_19' title='bbox 951 714 1027 778; x_wconf 91' lang='lat' dir='ltr'><strong>indc</strong></span> <span class='ocrx_word' id='word_1_20' title='bbox 1042 715 1173 800; x_wconf 80' lang='lat' dir='ltr'><strong>explete</strong></span> <span class='ocrx_word' id='word_1_21' title='bbox 1186 715 1228 779; x_wconf 83' lang='lat' dir='ltr'><strong>od</strong></span> <span class='ocrx_word' id='word_1_22' title='bbox 1243 714 1423 779; x_wconf 81' lang='lat' dir='ltr'><strong>uolenciom</strong></span> 
     </span>
     <span class='ocr_line' id='line_1_4' title="bbox 317 800 1423 904; baseline 0.003 -25"><span class='ocrx_word' id='word_1_23' title='bbox 317 817 357 879; x_wconf 87' lang='lat' dir='ltr'><strong>lx.</strong></span> <span class='ocrx_word' id='word_1_24' title='bbox 373 815 528 880; x_wconf 82' lang='lat' dir='ltr'><strong>librarum</strong></span> <span class='ocrx_word' id='word_1_25' title='bbox 549 800 599 879; x_wconf 80' lang='lat' dir='ltr'><strong>ito</strong></span> <span class='ocrx_word' id='word_1_26' title='bbox 616 816 702 901; x_wconf 91' lang='lat' dir='ltr'><strong>quod</strong></span> <span class='ocrx_word' id='word_1_27' title='bbox 720 816 870 881; x_wconf 85' lang='lat' dir='ltr'><strong>dominus</strong></span> <span class='ocrx_word' id='word_1_28' title='bbox 888 816 918 882; x_wconf 83' lang='lat' dir='ltr'><strong>J.</strong></span> <span class='ocrx_word' id='word_1_29' title='bbox 935 817 1006 881; x_wconf 87' lang='lat' dir='ltr'><strong>Rex</strong></span> <span class='ocrx_word' id='word_1_30' title='bbox 1028 817 1116 902; x_wconf 89' lang='lat' dir='ltr'><strong>cepit</strong></span> <span class='ocrx_word' id='word_1_31' title='bbox 1137 817 1213 882; x_wconf 88' lang='lat' dir='ltr'><strong>inde</strong></span> <span class='ocrx_word' id='word_1_32' title='bbox 1236 817 1423 904; x_wconf 85' lang='lat' dir='ltr'>homagium</span> 
     </span>
     <span class='ocr_line' id='line_1_5' title="bbox 317 918 1425 1004; baseline 0.002 -21"><span class='ocrx_word' id='word_1_33' title='bbox 317 918 421 1004; x_wconf 87' lang='lat' dir='ltr'><strong>ipsius</strong></span> <span class='ocrx_word' id='word_1_34' title='bbox 436 918 593 983; x_wconf 89' lang='lat' dir='ltr'><strong>Willelmi</strong></span> <span class='ocrx_word' id='word_1_35' title='bbox 610 918 744 983; x_wconf 85' lang='lat' dir='ltr'><strong>iunioris</strong></span> <span class='ocrx_word' id='word_1_36' title='bbox 761 926 796 983; x_wconf 89' lang='lat' dir='ltr'><strong>et</strong></span> <span class='ocrx_word' id='word_1_37' title='bbox 813 918 875 984; x_wconf 93' lang='lat' dir='ltr'><strong>hoc</strong></span> <span class='ocrx_word' id='word_1_38' title='bbox 894 919 988 983; x_wconf 83' lang='lat' dir='ltr'><strong>offert</strong></span> <span class='ocrx_word' id='word_1_39' title='bbox 1010 918 1206 984; x_wconf 81' lang='lat' dir='ltr'><strong>diracionare</strong></span> <span class='ocrx_word' id='word_1_40' title='bbox 1228 920 1314 985; x_wconf 88' lang='lat' dir='ltr'><strong>sicut</strong></span> <span class='ocrx_word' id='word_1_41' title='bbox 1335 920 1425 985; x_wconf 78' lang='lat' dir='ltr'><strong>curin</strong></span> 
     </span>
     <span class='ocr_line' id='line_1_6' title="bbox 316 1019 575 1085; baseline 0 -1"><span class='ocrx_word' id='word_1_42' title='bbox 316 1019 575 1085; x_wconf 87' lang='lat' dir='ltr'><strong>considerauerit.</strong></span> 
     </span>
    </p>

    <p class='ocr_par' dir='ltr' id='par_1_3' title="bbox 317 1123 1426 1517">
     <span class='ocr_line' id='line_1_7' title="bbox 383 1123 1424 1213; baseline 0.002 -24"><span class='ocrx_word' id='word_1_43' title='bbox 383 1124 427 1189; x_wconf 90' lang='lat' dir='ltr'><strong>Et</strong></span> <span class='ocrx_word' id='word_1_44' title='bbox 449 1123 648 1210; x_wconf 82' lang='lat' dir='ltr'><strong>Reginoidus</strong></span> <span class='ocrx_word' id='word_1_45' title='bbox 671 1124 763 1188; x_wconf 85' lang='lat' dir='ltr'><strong>uenit</strong></span> <span class='ocrx_word' id='word_1_46' title='bbox 786 1133 820 1189; x_wconf 91' lang='lat' dir='ltr'><strong>et</strong></span> <span class='ocrx_word' id='word_1_47' title='bbox 842 1124 988 1189; x_wconf 82' lang='lat' dir='ltr'><strong>defendit</strong></span> <span class='ocrx_word' id='word_1_48' title='bbox 1006 1125 1057 1190; x_wconf 90' lang='lat' dir='ltr'><strong>ius</strong></span> <span class='ocrx_word' id='word_1_49' title='bbox 1074 1149 1171 1190; x_wconf 87' lang='lat' dir='ltr'><strong>suum</strong></span> <span class='ocrx_word' id='word_1_50' title='bbox 1188 1135 1223 1191; x_wconf 91' lang='lat' dir='ltr'><strong>et</strong></span> <span class='ocrx_word' id='word_1_51' title='bbox 1241 1127 1320 1192; x_wconf 90' lang='lat' dir='ltr'><strong>dicit</strong></span> <span class='ocrx_word' id='word_1_52' title='bbox 1338 1126 1424 1213; x_wconf 93' lang='lat' dir='ltr'><strong>quod</strong></span> 
     </span>
     <span class='ocr_line' id='line_1_8' title="bbox 317 1226 1425 1315; baseline 0.002 -24"><span class='ocrx_word' id='word_1_53' title='bbox 317 1250 382 1292; x_wconf 90' lang='lat' dir='ltr'><strong>non</strong></span> <span class='ocrx_word' id='word_1_54' title='bbox 411 1226 510 1292; x_wconf 90' lang='lat' dir='ltr'><strong>debet</strong></span> <span class='ocrx_word' id='word_1_55' title='bbox 538 1226 570 1291; x_wconf 88' lang='lat' dir='ltr'><strong>ci</strong></span> <span class='ocrx_word' id='word_1_56' title='bbox 598 1228 798 1312; x_wconf 87' lang='lat' dir='ltr'><strong>respondere,</strong></span> <span class='ocrx_word' id='word_1_57' title='bbox 824 1228 902 1313; x_wconf 75' lang='lat' dir='ltr'><strong>quin</strong></span> <span class='ocrx_word' id='word_1_58' title='bbox 931 1228 1063 1293; x_wconf 88' lang='lat' dir='ltr'><strong>uidetur</strong></span> <span class='ocrx_word' id='word_1_59' title='bbox 1091 1230 1123 1294; x_wconf 86' lang='lat' dir='ltr'><strong>ei</strong></span> <span class='ocrx_word' id='word_1_60' title='bbox 1152 1230 1238 1315; x_wconf 91' lang='lat' dir='ltr'><strong>quod</strong></span> <span class='ocrx_word' id='word_1_61' title='bbox 1266 1238 1316 1295; x_wconf 87' lang='lat' dir='ltr'><strong>est</strong></span> <span class='ocrx_word' id='word_1_62' title='bbox 1341 1230 1425 1294; x_wconf 77' lang='lat' dir='ltr'><strong>infru</strong></span> 
     </span>
     <span class='ocr_line' id='line_1_9' title="bbox 318 1327 1426 1415; baseline 0.004 -22"><span class='ocrx_word' id='word_1_63' title='bbox 318 1336 441 1393; x_wconf 82' lang='lat' dir='ltr'><strong>etatem</strong></span> <span class='ocrx_word' id='word_1_64' title='bbox 456 1336 490 1392; x_wconf 91' lang='lat' dir='ltr'><strong>et</strong></span> <span class='ocrx_word' id='word_1_65' title='bbox 504 1327 533 1392; x_wconf 91' lang='lat' dir='ltr'><strong>si</strong></span> <span class='ocrx_word' id='word_1_66' title='bbox 547 1328 636 1392; x_wconf 81' lang='lat' dir='ltr'><strong>curia</strong></span> <span class='ocrx_word' id='word_1_67' title='bbox 649 1328 900 1393; x_wconf 81' lang='lat' dir='ltr'><strong>considerauerit</strong></span> <span class='ocrx_word' id='word_1_68' title='bbox 913 1329 1000 1415; x_wconf 93' lang='lat' dir='ltr'><strong>quod</strong></span> <span class='ocrx_word' id='word_1_69' title='bbox 1014 1329 1134 1396; x_wconf 82' lang='lat' dir='ltr'><strong>habeat</strong></span> <span class='ocrx_word' id='word_1_70' title='bbox 1148 1340 1272 1396; x_wconf 81' lang='lat' dir='ltr'><strong>etatem</strong></span> <span class='ocrx_word' id='word_1_71' title='bbox 1286 1332 1426 1397; x_wconf 80' lang='lat' dir='ltr'><strong>libenter</strong></span> 
     </span>
     <span class='ocr_line' id='line_1_10' title="bbox 318 1432 576 1517; baseline -0.008 -20"><span class='ocrx_word' id='word_1_72' title='bbox 318 1434 349 1498; x_wconf 90' lang='lat' dir='ltr'><strong>ei</strong></span> <span class='ocrx_word' id='word_1_73' title='bbox 363 1432 576 1517; x_wconf 82' lang='lat' dir='ltr'><strong>respondebit.</strong></span> 
     </span>
    </p>

    <p class='ocr_par' dir='ltr' id='par_1_4' title="bbox 252 1535 1426 2117">
     <span class='ocr_line' id='line_1_11' title="bbox 383 1535 1422 1627; baseline 0.005 -27"><span class='ocrx_word' id='word_1_74' title='bbox 383 1537 427 1601; x_wconf 85' lang='lat' dir='ltr'><strong>Et</strong></span> <span class='ocrx_word' id='word_1_75' title='bbox 446 1536 612 1600; x_wconf 82' lang='lat' dir='ltr'><strong>Johannes</strong></span> <span class='ocrx_word' id='word_1_76' title='bbox 631 1535 711 1600; x_wconf 90' lang='lat' dir='ltr'><strong>dicit</strong></span> <span class='ocrx_word' id='word_1_77' title='bbox 732 1536 819 1622; x_wconf 89' lang='lat' dir='ltr'><strong>quod</strong></span> <span class='ocrx_word' id='word_1_78' title='bbox 837 1537 937 1601; x_wconf 80' lang='lat' dir='ltr'><strong>habet</strong></span> <span class='ocrx_word' id='word_1_79' title='bbox 957 1546 1080 1603; x_wconf 80' lang='lat' dir='ltr'><strong>etatem</strong></span> <span class='ocrx_word' id='word_1_80' title='bbox 1101 1540 1179 1624; x_wconf 82' lang='lat' dir='ltr'><strong>quio</strong></span> <span class='ocrx_word' id='word_1_81' title='bbox 1198 1540 1268 1625; x_wconf 88' lang='lat' dir='ltr'><strong>ipse</strong></span> <span class='ocrx_word' id='word_1_82' title='bbox 1283 1548 1332 1605; x_wconf 91' lang='lat' dir='ltr'><strong>est</strong></span> <span class='ocrx_word' id='word_1_83' title='bbox 1347 1540 1422 1627; x_wconf 84' lang='lat' dir='ltr'><strong>xxij.</strong></span> 
     </span>
     <span class='ocr_line' id='line_1_12' title="bbox 252 1637 1423 1726; baseline 0.008 -28"><span class='ocrx_word' id='word_1_84' title='bbox 252 1688 257 1698; x_wconf 88' lang='lat'>.</span> <span class='ocrx_word' id='word_1_85' title='bbox 317 1662 474 1704; x_wconf 80' lang='lat' dir='ltr'><strong>annorum</strong></span> <span class='ocrx_word' id='word_1_86' title='bbox 500 1637 553 1703; x_wconf 91' lang='lat' dir='ltr'><strong>uel</strong></span> <span class='ocrx_word' id='word_1_87' title='bbox 579 1660 678 1723; x_wconf 87' lang='lat' dir='ltr'><strong>prope</strong></span> <span class='ocrx_word' id='word_1_88' title='bbox 702 1638 776 1723; x_wconf 81' lang='lat' dir='ltr'><strong>xxij.</strong></span> <span class='ocrx_word' id='word_1_89' title='bbox 802 1662 960 1703; x_wconf 83' lang='lat' dir='ltr'><strong>annorum</strong></span> <span class='ocrx_word' id='word_1_90' title='bbox 985 1649 1020 1704; x_wconf 89' lang='lat' dir='ltr'><strong>et</strong></span> <span class='ocrx_word' id='word_1_91' title='bbox 1045 1642 1132 1726; x_wconf 92' lang='lat' dir='ltr'><strong>quod</strong></span> <span class='ocrx_word' id='word_1_92' title='bbox 1158 1642 1277 1707; x_wconf 82' lang='lat' dir='ltr'><strong>habeat</strong></span> <span class='ocrx_word' id='word_1_93' title='bbox 1300 1652 1423 1707; x_wconf 85' lang='lat' dir='ltr'><strong>etatem</strong></span> 
     </span>
     <span class='ocr_line' id='line_1_13' title="bbox 318 1741 1425 1828; baseline 0.003 -21"><span class='ocrx_word' id='word_1_94' title='bbox 318 1743 410 1828; x_wconf 90' lang='lat' dir='ltr'><strong>ponit</strong></span> <span class='ocrx_word' id='word_1_95' title='bbox 424 1765 458 1807; x_wconf 89' lang='lat' dir='ltr'><strong>sc</strong></span> <span class='ocrx_word' id='word_1_96' title='bbox 473 1764 570 1827; x_wconf 86' lang='lat' dir='ltr'><strong>super</strong></span> <span class='ocrx_word' id='word_1_97' title='bbox 584 1741 692 1805; x_wconf 87' lang='lat' dir='ltr'><strong>uisum</strong></span> <span class='ocrx_word' id='word_1_98' title='bbox 707 1751 741 1807; x_wconf 87' lang='lat' dir='ltr'><strong>et</strong></span> <span class='ocrx_word' id='word_1_99' title='bbox 761 1742 1050 1809; x_wconf 82' lang='lat' dir='ltr'><strong>consideracionem</strong></span> <span class='ocrx_word' id='word_1_100' title='bbox 1071 1746 1321 1810; x_wconf 82' lang='lat' dir='ltr'><strong>iusticiariorum</strong></span> <span class='ocrx_word' id='word_1_101' title='bbox 1341 1755 1375 1811; x_wconf 85' lang='lat' dir='ltr'><strong>et</strong></span> <span class='ocrx_word' id='word_1_102' title='bbox 1397 1746 1425 1810; x_wconf 91' lang='lat' dir='ltr'><strong>si</strong></span> 
     </span>
     <span class='ocr_line' id='line_1_14' title="bbox 318 1844 1426 1936; baseline 0.002 -24"><span class='ocrx_word' id='word_1_103' title='bbox 318 1846 487 1912; x_wconf 81' lang='lat' dir='ltr'><strong>iusticion‘i</strong></span> <span class='ocrx_word' id='word_1_104' title='bbox 515 1844 591 1910; x_wconf 90' lang='lat' dir='ltr'><strong>inde</strong></span> <span class='ocrx_word' id='word_1_105' title='bbox 620 1844 774 1911; x_wconf 85' lang='lat' dir='ltr'><strong>dubitent</strong></span> <span class='ocrx_word' id='word_1_106' title='bbox 802 1846 954 1932; x_wconf 85' lang='lat' dir='ltr'><strong>probabit</strong></span> <span class='ocrx_word' id='word_1_107' title='bbox 989 1857 1112 1913; x_wconf 82' lang='lat' dir='ltr'><strong>etatem</strong></span> <span class='ocrx_word' id='word_1_108' title='bbox 1148 1872 1241 1914; x_wconf 84' lang='lat' dir='ltr'><strong>suam</strong></span> <span class='ocrx_word' id='word_1_109' title='bbox 1277 1851 1331 1914; x_wconf 91' lang='lat' dir='ltr'><strong>uel</strong></span> <span class='ocrx_word' id='word_1_110' title='bbox 1368 1873 1426 1936; x_wconf 91' lang='lat' dir='ltr'><strong>per</strong></span> 
     </span>
     <span class='ocr_line' id='line_1_15' title="bbox 318 1952 1426 2034; baseline 0.004 -20"><span class='ocrx_word' id='word_1_111' title='bbox 318 1957 457 2014; x_wconf 80' lang='lat' dir='ltr'><strong>matrem</strong></span> <span class='ocrx_word' id='word_1_112' title='bbox 482 1971 573 2013; x_wconf 82' lang='lat' dir='ltr'><strong>suem</strong></span> <span class='ocrx_word' id='word_1_113' title='bbox 600 1956 634 2013; x_wconf 91' lang='lat' dir='ltr'><strong>et</strong></span> <span class='ocrx_word' id='word_1_114' title='bbox 660 1956 810 2034; x_wconf 81' lang='lat' dir='ltr'><strong>parentes</strong></span> <span class='ocrx_word' id='word_1_115' title='bbox 836 1972 910 2015; x_wconf 87' lang='lat' dir='ltr'><strong>suos</strong></span> <span class='ocrx_word' id='word_1_116' title='bbox 935 1952 989 2015; x_wconf 86' lang='lat' dir='ltr'><strong>uel</strong></span> <span class='ocrx_word' id='word_1_117' title='bbox 1015 1952 1079 2016; x_wconf 81' lang='lat' dir='ltr'><strong>ulio</strong></span> <span class='ocrx_word' id='word_1_118' title='bbox 1104 1952 1200 2017; x_wconf 90' lang='lat' dir='ltr'><strong>modo</strong></span> <span class='ocrx_word' id='word_1_119' title='bbox 1226 1954 1311 2018; x_wconf 87' lang='lat' dir='ltr'><strong>sicut</strong></span> <span class='ocrx_word' id='word_1_120' title='bbox 1336 1953 1426 2017; x_wconf 80' lang='lat' dir='ltr'><strong>curia</strong></span> 
     </span>
     <span class='ocr_line' id='line_1_16' title="bbox 318 2051 1307 2117; baseline -0.008 0"><span class='ocrx_word' id='word_1_121' title='bbox 318 2051 590 2117; x_wconf 81' lang='lat' dir='ltr'><strong>considerauerit¹.</strong></span> <span class='ocrx_word' id='word_1_122' title='bbox 1303 2067 1307 2073; x_wconf 84' lang='lat'>·</span> 
     </span>
    </p>
   </div>
   <div class='ocr_carea' id='block_1_3' title="bbox 383 2155 1425 2245">
    <p class='ocr_par' dir='ltr' id='par_1_5' title="bbox 383 2155 1425 2245">
     <span class='ocr_line' id='line_1_17' title="bbox 383 2155 1425 2245; baseline 0.006 -26"><span class='ocrx_word' id='word_1_123' title='bbox 383 2155 508 2219; x_wconf 77' lang='lat' dir='ltr'><strong>&#39;Assisa</strong></span> <span class='ocrx_word' id='word_1_124' title='bbox 529 2155 622 2219; x_wconf 90' lang='lat' dir='ltr'><strong>uenit</strong></span> <span class='ocrx_word' id='word_1_125' title='bbox 644 2156 849 2243; x_wconf 79' lang='lat' dir='ltr'><strong>recognitum</strong></span> <span class='ocrx_word' id='word_1_126' title='bbox 869 2157 897 2221; x_wconf 86' lang='lat' dir='ltr'><strong>si</strong></span> <span class='ocrx_word' id='word_1_127' title='bbox 919 2158 1058 2223; x_wconf 79' lang='lat' dir='ltr'><strong>Briunus</strong></span> <span class='ocrx_word' id='word_1_128' title='bbox 1083 2168 1177 2245; x_wconf 80' lang='lat' dir='ltr'><strong>peter</strong></span> <span class='ocrx_word' id='word_1_129' title='bbox 1201 2160 1336 2225; x_wconf 90' lang='lat' dir='ltr'><strong>chrici</strong></span> <span class='ocrx_word' id='word_1_130' title='bbox 1361 2161 1425 2225; x_wconf 88' lang='lat' dir='ltr'><strong>fuit</strong></span> 
     </span>
    </p>
   </div>
   <div class='ocr_carea' id='block_1_4' title="bbox 318 2362 1427 3925">
    <p class='ocr_par' dir='ltr' id='par_1_6' title="bbox 319 2362 1426 2865">
     <span class='ocr_line' id='line_1_18' title="bbox 319 2362 1426 2452; baseline 0.003 -24"><span class='ocrx_word' id='word_1_131' title='bbox 319 2386 393 2428; x_wconf 90' lang='lat' dir='ltr'><strong>cum</strong></span> <span class='ocrx_word' id='word_1_132' title='bbox 414 2362 622 2448; x_wconf 87' lang='lat' dir='ltr'><strong>pertinenciis</strong></span> <span class='ocrx_word' id='word_1_133' title='bbox 641 2362 677 2427; x_wconf 89' lang='lat' dir='ltr'><strong>in</strong></span> <span class='ocrx_word' id='word_1_134' title='bbox 691 2363 811 2429; x_wconf 78' lang='lat' dir='ltr'><strong>Loures</strong></span> <span class='ocrx_word' id='word_1_135' title='bbox 829 2364 884 2428; x_wconf 89' lang='lat' dir='ltr'><strong>dic</strong></span> <span class='ocrx_word' id='word_1_136' title='bbox 904 2387 967 2449; x_wconf 92' lang='lat' dir='ltr'><strong>quo</strong></span> <span class='ocrx_word' id='word_1_137' title='bbox 987 2365 1070 2429; x_wconf 92' lang='lat' dir='ltr'><strong>obiit</strong></span> <span class='ocrx_word' id='word_1_138' title='bbox 1087 2375 1122 2431; x_wconf 90' lang='lat' dir='ltr'><strong>et</strong></span> <span class='ocrx_word' id='word_1_139' title='bbox 1136 2367 1164 2430; x_wconf 91' lang='lat' dir='ltr'><strong>si</strong></span> <span class='ocrx_word' id='word_1_140' title='bbox 1179 2375 1238 2432; x_wconf 87' lang='lat' dir='ltr'><strong>etc.</strong></span> <span class='ocrx_word' id='word_1_141' title='bbox 1254 2389 1312 2452; x_wconf 89' lang='lat' dir='ltr'><strong>per</strong></span> <span class='ocrx_word' id='word_1_142' title='bbox 1326 2367 1426 2432; x_wconf 87' lang='lat' dir='ltr'><strong>breue</strong></span> 
     </span>
     <span class='ocr_line' id='line_1_19' title="bbox 319 2467 1426 2556; baseline 0.004 -24"><span class='ocrx_word' id='word_1_143' title='bbox 319 2468 419 2553; x_wconf 84' lang='lat' dir='ltr'><strong>Regis</strong></span> <span class='ocrx_word' id='word_1_144' title='bbox 444 2467 485 2544; x_wconf 70' lang='lat' dir='ltr'><strong>J„</strong></span> <span class='ocrx_word' id='word_1_145' title='bbox 509 2490 607 2553; x_wconf 85' lang='lat' dir='ltr'><strong>quom</strong></span> <span class='ocrx_word' id='word_1_146' title='bbox 634 2476 753 2531; x_wconf 82' lang='lat' dir='ltr'><strong>terram</strong></span> <span class='ocrx_word' id='word_1_147' title='bbox 777 2467 940 2533; x_wconf 87' lang='lat' dir='ltr'><strong>Henricus</strong></span> <span class='ocrx_word' id='word_1_148' title='bbox 966 2469 1071 2535; x_wconf 76' lang='lat' dir='ltr'><strong>Graue</strong></span> <span class='ocrx_word' id='word_1_149' title='bbox 1095 2478 1187 2535; x_wconf 87' lang='lat' dir='ltr'><strong>tenet</strong></span> <span class='ocrx_word' id='word_1_150' title='bbox 1213 2471 1269 2556; x_wconf 93' lang='lat' dir='ltr'><strong>qui</strong></span> <span class='ocrx_word' id='word_1_151' title='bbox 1295 2472 1426 2536; x_wconf 71' lang='lat' dir='ltr'><strong>uocauit</strong></span> 
     </span>
     <span class='ocr_line' id='line_1_20' title="bbox 319 2569 1426 2658; baseline 0.002 -23"><span class='ocrx_word' id='word_1_152' title='bbox 319 2570 451 2635; x_wconf 82' lang='lat' dir='ltr'><strong>indeed</strong></span> <span class='ocrx_word' id='word_1_153' title='bbox 466 2576 646 2633; x_wconf 83' lang='lat' dir='ltr'><strong>warantum</strong></span> <span class='ocrx_word' id='word_1_154' title='bbox 661 2569 863 2633; x_wconf 89' lang='lat' dir='ltr'><strong>Willelmum</strong></span> <span class='ocrx_word' id='word_1_155' title='bbox 883 2571 977 2634; x_wconf 88' lang='lat' dir='ltr'><strong>Torel</strong></span> <span class='ocrx_word' id='word_1_156' title='bbox 997 2572 1055 2655; x_wconf 91' lang='lat' dir='ltr'><strong>qui</strong></span> <span class='ocrx_word' id='word_1_157' title='bbox 1073 2572 1167 2636; x_wconf 88' lang='lat' dir='ltr'><strong>uenit</strong></span> <span class='ocrx_word' id='word_1_158' title='bbox 1186 2581 1221 2636; x_wconf 87' lang='lat' dir='ltr'><strong>et</strong></span> <span class='ocrx_word' id='word_1_159' title='bbox 1241 2572 1320 2637; x_wconf 88' lang='lat' dir='ltr'><strong>dicit</strong></span> <span class='ocrx_word' id='word_1_160' title='bbox 1340 2573 1426 2658; x_wconf 92' lang='lat' dir='ltr'><strong>quod</strong></span> 
     </span>
     <span class='ocr_line' id='line_1_21' title="bbox 320 2672 1426 2763; baseline 0.004 -26"><span class='ocrx_word' id='word_1_161' title='bbox 320 2674 423 2738; x_wconf 85' lang='lat' dir='ltr'><strong>nescit</strong></span> <span class='ocrx_word' id='word_1_162' title='bbox 437 2674 465 2737; x_wconf 89' lang='lat' dir='ltr'><strong>si</strong></span> <span class='ocrx_word' id='word_1_163' title='bbox 479 2672 578 2739; x_wconf 84' lang='lat' dir='ltr'><strong>debet</strong></span> <span class='ocrx_word' id='word_1_164' title='bbox 593 2681 710 2737; x_wconf 77' lang='lat' dir='ltr'><strong>tenum</strong></span> <span class='ocrx_word' id='word_1_165' title='bbox 726 2674 817 2738; x_wconf 82' lang='lat' dir='ltr'><strong>illam</strong></span> <span class='ocrx_word' id='word_1_166' title='bbox 832 2674 1040 2740; x_wconf 81' lang='lat' dir='ltr'><strong>warentizure</strong></span> <span class='ocrx_word' id='word_1_167' title='bbox 1058 2698 1160 2741; x_wconf 86' lang='lat' dir='ltr'><strong>necne</strong></span> <span class='ocrx_word' id='word_1_168' title='bbox 1181 2686 1215 2741; x_wconf 90' lang='lat' dir='ltr'><strong>et</strong></span> <span class='ocrx_word' id='word_1_169' title='bbox 1234 2677 1320 2761; x_wconf 88' lang='lat' dir='ltr'><strong>petit</strong></span> <span class='ocrx_word' id='word_1_170' title='bbox 1340 2677 1426 2763; x_wconf 91' lang='lat' dir='ltr'><strong>quod</strong></span> 
     </span>
     <span class='ocr_line' id='line_1_22' title="bbox 320 2776 1048 2865; baseline 0.004 -24"><span class='ocrx_word' id='word_1_171' title='bbox 320 2776 470 2843; x_wconf 80' lang='lat' dir='ltr'><strong>ostendat</strong></span> <span class='ocrx_word' id='word_1_172' title='bbox 484 2777 515 2841; x_wconf 86' lang='lat' dir='ltr'><strong>ei</strong></span> <span class='ocrx_word' id='word_1_173' title='bbox 529 2777 733 2842; x_wconf 84' lang='lat' dir='ltr'><strong>munimenta</strong></span> <span class='ocrx_word' id='word_1_174' title='bbox 747 2800 806 2842; x_wconf 85' lang='lat' dir='ltr'><strong>sua</strong></span> <span class='ocrx_word' id='word_1_175' title='bbox 820 2778 848 2843; x_wconf 86' lang='lat' dir='ltr'><strong>si</strong></span> <span class='ocrx_word' id='word_1_176' title='bbox 863 2801 926 2865; x_wconf 86' lang='lat' dir='ltr'><strong>quc</strong></span> <span class='ocrx_word' id='word_1_177' title='bbox 941 2779 1048 2845; x_wconf 79' lang='lat' dir='ltr'><strong>habet.</strong></span> 
     </span>
    </p>

    <p class='ocr_par' dir='ltr' id='par_1_7' title="bbox 318 2879 1427 3790">
     <span class='ocr_line' id='line_1_23' title="bbox 386 2879 1426 2971; baseline 0.006 -28"><span class='ocrx_word' id='word_1_178' title='bbox 386 2880 430 2944; x_wconf 87' lang='lat' dir='ltr'><strong>Et</strong></span> <span class='ocrx_word' id='word_1_179' title='bbox 458 2879 636 2945; x_wconf 85' lang='lat' dir='ltr'><strong>Henricus⁴</strong></span> <span class='ocrx_word' id='word_1_180' title='bbox 664 2880 743 2944; x_wconf 91' lang='lat' dir='ltr'><strong>dicit</strong></span> <span class='ocrx_word' id='word_1_181' title='bbox 769 2881 855 2966; x_wconf 93' lang='lat' dir='ltr'><strong>quod</strong></span> <span class='ocrx_word' id='word_1_182' title='bbox 881 2882 1065 2947; x_wconf 88' lang='lat' dir='ltr'><strong>Willclmus</strong></span> <span class='ocrx_word' id='word_1_183' title='bbox 1091 2883 1183 2947; x_wconf 88' lang='lat' dir='ltr'><strong>Torel</strong></span> <span class='ocrx_word' id='word_1_184' title='bbox 1209 2893 1302 2969; x_wconf 82' lang='lat' dir='ltr'><strong>pater</strong></span> <span class='ocrx_word' id='word_1_185' title='bbox 1325 2884 1426 2971; x_wconf 80' lang='lat' dir='ltr'><strong>ipsius</strong></span> 
     </span>
     <span class='ocr_line' id='line_1_24' title="bbox 321 2982 1426 3073; baseline 0.005 -26"><span class='ocrx_word' id='word_1_186' title='bbox 321 2982 477 3048; x_wconf 90' lang='lat' dir='ltr'><strong>Willelmi</strong></span> <span class='ocrx_word' id='word_1_187' title='bbox 502 2983 593 3047; x_wconf 86' lang='lat' dir='ltr'><strong>dedit</strong></span> <span class='ocrx_word' id='word_1_188' title='bbox 622 2992 741 3049; x_wconf 72' lang='lat' dir='ltr'><strong>tenum</strong></span> <span class='ocrx_word' id='word_1_189' title='bbox 771 2985 861 3049; x_wconf 82' lang='lat' dir='ltr'><strong>illam</strong></span> <span class='ocrx_word' id='word_1_190' title='bbox 886 2986 1029 3052; x_wconf 83' lang='lat' dir='ltr'><strong>Jordano</strong></span> <span class='ocrx_word' id='word_1_191' title='bbox 1056 2987 1161 3053; x_wconf 73' lang='lat' dir='ltr'><strong>(hone</strong></span> <span class='ocrx_word' id='word_1_192' title='bbox 1190 3010 1252 3052; x_wconf 82' lang='lat' dir='ltr'><strong>auo</strong></span> <span class='ocrx_word' id='word_1_193' title='bbox 1281 3011 1340 3053; x_wconf 86' lang='lat' dir='ltr'><strong>suo</strong></span> <span class='ocrx_word' id='word_1_194' title='bbox 1368 3010 1426 3073; x_wconf 90' lang='lat' dir='ltr'><strong>pro</strong></span> 
     </span>
     <span class='ocr_line' id='line_1_25' title="bbox 320 3087 1427 3172; baseline 0.003 -21"><span class='ocrx_word' id='word_1_195' title='bbox 320 3087 470 3172; x_wconf 81' lang='lat' dir='ltr'><strong>homagio</strong></span> <span class='ocrx_word' id='word_1_196' title='bbox 506 3108 564 3150; x_wconf 90' lang='lat' dir='ltr'><strong>suo</strong></span> <span class='ocrx_word' id='word_1_197' title='bbox 601 3093 635 3150; x_wconf 88' lang='lat' dir='ltr'><strong>et</strong></span> <span class='ocrx_word' id='word_1_198' title='bbox 672 3107 729 3171; x_wconf 87' lang='lat' dir='ltr'><strong>per</strong></span> <span class='ocrx_word' id='word_1_199' title='bbox 763 3094 886 3152; x_wconf 82' lang='lat' dir='ltr'><strong>cartam</strong></span> <span class='ocrx_word' id='word_1_200' title='bbox 919 3110 1020 3165; x_wconf 81' lang='lat' dir='ltr'><strong>suom,</strong></span> <span class='ocrx_word' id='word_1_201' title='bbox 1050 3088 1224 3154; x_wconf 82' lang='lat' dir='ltr'><strong>tenendum</strong></span> <span class='ocrx_word' id='word_1_202' title='bbox 1253 3088 1295 3153; x_wconf 87' lang='lat' dir='ltr'><strong>de</strong></span> <span class='ocrx_word' id='word_1_203' title='bbox 1324 3112 1362 3154; x_wconf 92' lang='lat' dir='ltr'><strong>eo</strong></span> <span class='ocrx_word' id='word_1_204' title='bbox 1392 3098 1427 3154; x_wconf 85' lang='lat' dir='ltr'><strong>et</strong></span> 
     </span>
     <span class='ocr_line' id='line_1_26' title="bbox 319 3187 1426 3276; baseline 0.001 -22"><span class='ocrx_word' id='word_1_205' title='bbox 319 3189 492 3254; x_wconf 89' lang='lat' dir='ltr'><strong>heredibus</strong></span> <span class='ocrx_word' id='word_1_206' title='bbox 514 3188 587 3253; x_wconf 71' lang='lat' dir='ltr'><strong>suis„</strong></span> <span class='ocrx_word' id='word_1_207' title='bbox 633 3187 725 3252; x_wconf 89' lang='lat' dir='ltr'><strong>Idem</strong></span> <span class='ocrx_word' id='word_1_208' title='bbox 746 3188 770 3254; x_wconf 83' lang='lat' dir='ltr'>J</span> <span class='ocrx_word' id='word_1_209' title='bbox 771 3188 909 3254; x_wconf 79' lang='lat' dir='ltr'><strong>ordenus</strong></span> <span class='ocrx_word' id='word_1_210' title='bbox 929 3190 1038 3254; x_wconf 88' lang='lat' dir='ltr'><strong>tenuit</strong></span> <span class='ocrx_word' id='word_1_211' title='bbox 1058 3198 1130 3255; x_wconf 82' lang='lat' dir='ltr'><strong>tota</strong></span> <span class='ocrx_word' id='word_1_212' title='bbox 1142 3191 1214 3256; x_wconf 79' lang='lat' dir='ltr'><strong>uita</strong></span> <span class='ocrx_word' id='word_1_213' title='bbox 1228 3190 1342 3255; x_wconf 81' lang='lat' dir='ltr'><strong>suade</strong></span> <span class='ocrx_word' id='word_1_214' title='bbox 1356 3192 1426 3276; x_wconf 85' lang='lat' dir='ltr'><strong>ipso</strong></span> 
     </span>
     <span class='ocr_line' id='line_1_27' title="bbox 320 3293 1426 3378; baseline 0.002 -21"><span class='ocrx_word' id='word_1_215' title='bbox 320 3293 483 3357; x_wconf 87' lang='lat' dir='ltr'><strong>Willclmo</strong></span> <span class='ocrx_word' id='word_1_216' title='bbox 503 3300 538 3355; x_wconf 89' lang='lat' dir='ltr'><strong>et</strong></span> <span class='ocrx_word' id='word_1_217' title='bbox 556 3300 630 3377; x_wconf 89' lang='lat' dir='ltr'><strong>post</strong></span> <span class='ocrx_word' id='word_1_218' title='bbox 650 3314 726 3356; x_wconf 90' lang='lat' dir='ltr'><strong>eum</strong></span> <span class='ocrx_word' id='word_1_219' title='bbox 744 3293 852 3357; x_wconf 87' lang='lat' dir='ltr'><strong>tenuit</strong></span> <span class='ocrx_word' id='word_1_220' title='bbox 866 3293 1031 3378; x_wconf 90' lang='lat' dir='ltr'><strong>predictus</strong></span> <span class='ocrx_word' id='word_1_221' title='bbox 1046 3294 1184 3359; x_wconf 81' lang='lat' dir='ltr'><strong>Brianus</strong></span> <span class='ocrx_word' id='word_1_222' title='bbox 1199 3295 1285 3359; x_wconf 88' lang='lat' dir='ltr'><strong>filius</strong></span> <span class='ocrx_word' id='word_1_223' title='bbox 1299 3317 1377 3359; x_wconf 91' lang='lat' dir='ltr'><strong>suus</strong></span> <span class='ocrx_word' id='word_1_224' title='bbox 1392 3303 1426 3359; x_wconf 87' lang='lat' dir='ltr'><strong>ct</strong></span> 
     </span>
     <span class='ocr_line' id='line_1_28' title="bbox 319 3396 1426 3484; baseline 0.002 -23"><span class='ocrx_word' id='word_1_225' title='bbox 319 3404 413 3483; x_wconf 84' lang='lat' dir='ltr'><strong>peter</strong></span> <span class='ocrx_word' id='word_1_226' title='bbox 426 3396 528 3482; x_wconf 85' lang='lat' dir='ltr'><strong>ipsius</strong></span> <span class='ocrx_word' id='word_1_227' title='bbox 542 3396 678 3461; x_wconf 90' lang='lat' dir='ltr'><strong>Henrici</strong></span> <span class='ocrx_word' id='word_1_228' title='bbox 693 3404 727 3461; x_wconf 89' lang='lat' dir='ltr'><strong>et</strong></span> <span class='ocrx_word' id='word_1_229' title='bbox 743 3398 819 3461; x_wconf 82' lang='lat' dir='ltr'><strong>fecit</strong></span> <span class='ocrx_word' id='word_1_230' title='bbox 834 3398 865 3461; x_wconf 92' lang='lat' dir='ltr'><strong>ei</strong></span> <span class='ocrx_word' id='word_1_231' title='bbox 884 3397 960 3462; x_wconf 88' lang='lat' dir='ltr'><strong>inde</strong></span> <span class='ocrx_word' id='word_1_232' title='bbox 980 3398 1169 3483; x_wconf 82' lang='lat' dir='ltr'><strong>homagium</strong></span> <span class='ocrx_word' id='word_1_233' title='bbox 1183 3422 1288 3476; x_wconf 87' lang='lat' dir='ltr'><strong>suum,</strong></span> <span class='ocrx_word' id='word_1_234' title='bbox 1303 3407 1338 3463; x_wconf 91' lang='lat' dir='ltr'><strong>et</strong></span> <span class='ocrx_word' id='word_1_235' title='bbox 1352 3408 1426 3484; x_wconf 88' lang='lat' dir='ltr'><strong>post</strong></span> 
     </span>
     <span class='ocr_line' id='line_1_29' title="bbox 320 3498 1426 3585; baseline 0.002 -22"><span class='ocrx_word' id='word_1_236' title='bbox 320 3521 395 3563; x_wconf 90' lang='lat' dir='ltr'><strong>eum</strong></span> <span class='ocrx_word' id='word_1_237' title='bbox 424 3498 510 3562; x_wconf 89' lang='lat' dir='ltr'><strong>idem</strong></span> <span class='ocrx_word' id='word_1_238' title='bbox 542 3498 702 3562; x_wconf 85' lang='lat' dir='ltr'><strong>Henricus</strong></span> <span class='ocrx_word' id='word_1_239' title='bbox 732 3499 841 3564; x_wconf 87' lang='lat' dir='ltr'><strong>tenuit</strong></span> <span class='ocrx_word' id='word_1_240' title='bbox 869 3500 910 3564; x_wconf 91' lang='lat' dir='ltr'><strong>de</strong></span> <span class='ocrx_word' id='word_1_241' title='bbox 939 3500 1010 3585; x_wconf 88' lang='lat' dir='ltr'><strong>ipso</strong></span> <span class='ocrx_word' id='word_1_242' title='bbox 1040 3501 1204 3565; x_wconf 89' lang='lat' dir='ltr'><strong>Willelmo</strong></span> <span class='ocrx_word' id='word_1_243' title='bbox 1233 3510 1267 3565; x_wconf 91' lang='lat' dir='ltr'><strong>et</strong></span> <span class='ocrx_word' id='word_1_244' title='bbox 1292 3502 1369 3565; x_wconf 88' lang='lat' dir='ltr'><strong>fecit</strong></span> <span class='ocrx_word' id='word_1_245' title='bbox 1395 3501 1426 3565; x_wconf 89' lang='lat' dir='ltr'><strong>ei</strong></span> 
     </span>
     <span class='ocr_line' id='line_1_30' title="bbox 319 3597 1426 3684; baseline 0.002 -22"><span class='ocrx_word' id='word_1_246' title='bbox 319 3597 506 3683; x_wconf 78' lang='lat' dir='ltr'><strong>homagium</strong></span> <span class='ocrx_word' id='word_1_247' title='bbox 528 3620 624 3661; x_wconf 87' lang='lat' dir='ltr'><strong>suum</strong></span> <span class='ocrx_word' id='word_1_248' title='bbox 646 3606 681 3661; x_wconf 92' lang='lat' dir='ltr'><strong>et</strong></span> <span class='ocrx_word' id='word_1_249' title='bbox 703 3606 795 3662; x_wconf 88' lang='lat' dir='ltr'><strong>tenet</strong></span> <span class='ocrx_word' id='word_1_250' title='bbox 814 3598 905 3662; x_wconf 82' lang='lat' dir='ltr'><strong>illum</strong></span> <span class='ocrx_word' id='word_1_251' title='bbox 925 3599 966 3664; x_wconf 91' lang='lat' dir='ltr'><strong>de</strong></span> <span class='ocrx_word' id='word_1_252' title='bbox 987 3621 1025 3663; x_wconf 87' lang='lat' dir='ltr'><strong>eo</strong></span> <span class='ocrx_word' id='word_1_253' title='bbox 1039 3621 1098 3684; x_wconf 87' lang='lat' dir='ltr'><strong>per</strong></span> <span class='ocrx_word' id='word_1_254' title='bbox 1111 3622 1162 3665; x_wconf 83' lang='lat' dir='ltr'><strong>xx.</strong></span> <span class='ocrx_word' id='word_1_255' title='bbox 1178 3601 1232 3665; x_wconf 80' lang='lat' dir='ltr'><strong>soh</strong></span> <span class='ocrx_word' id='word_1_256' title='bbox 1247 3599 1426 3664; x_wconf 88' lang='lat' dir='ltr'><strong>reddendos</strong></span> 
     </span>
     <span class='ocr_line' id='line_1_31' title="bbox 318 3700 1425 3790; baseline 0.004 -25"><span class='ocrx_word' id='word_1_257' title='bbox 318 3722 529 3786; x_wconf 82' lang='lat' dir='ltr'><strong>perannum,</strong></span> <span class='ocrx_word' id='word_1_258' title='bbox 551 3708 585 3763; x_wconf 90' lang='lat' dir='ltr'><strong>et</strong></span> <span class='ocrx_word' id='word_1_259' title='bbox 609 3700 688 3764; x_wconf 92' lang='lat' dir='ltr'><strong>dicit</strong></span> <span class='ocrx_word' id='word_1_260' title='bbox 714 3700 800 3785; x_wconf 92' lang='lat' dir='ltr'><strong>quod</strong></span> <span class='ocrx_word' id='word_1_261' title='bbox 822 3700 939 3765; x_wconf 81' lang='lat' dir='ltr'><strong>habuit</strong></span> <span class='ocrx_word' id='word_1_262' title='bbox 960 3701 1061 3767; x_wconf 82' lang='lat' dir='ltr'><strong>bonas</strong></span> <span class='ocrx_word' id='word_1_263' title='bbox 1082 3710 1187 3768; x_wconf 76' lang='lat' dir='ltr'><strong>cartes</strong></span> <span class='ocrx_word' id='word_1_264' title='bbox 1208 3713 1259 3768; x_wconf 89' lang='lat' dir='ltr'><strong>set</strong></span> <span class='ocrx_word' id='word_1_265' title='bbox 1280 3712 1425 3790; x_wconf 88' lang='lat' dir='ltr'><strong>ternpore</strong></span> 
     </span>
    </p>

    <p class='ocr_par' dir='ltr' id='par_1_8' title="bbox 353 3857 1426 3925">
     <span class='ocr_line' id='line_1_32' title="bbox 353 3857 1426 3925; baseline 0.007 -18"><span class='ocrx_word' id='word_1_266' title='bbox 353 3858 363 3892; x_wconf 86' lang='lat'>¹</span> <span class='ocrx_word' id='word_1_267' title='bbox 379 3857 449 3907; x_wconf 89' lang='lat' dir='ltr'><strong>Both</strong></span> <span class='ocrx_word' id='word_1_268' title='bbox 470 3858 533 3907; x_wconf 80' lang='lat' dir='ltr'><strong>rollo</strong></span> <span class='ocrx_word' id='word_1_269' title='bbox 549 3858 668 3907; x_wconf 82' lang='lat' dir='ltr'><strong>odd-Et</strong></span> <span class='ocrx_word' id='word_1_270' title='bbox 690 3860 752 3921; x_wconf 80' lang='lat' dir='ltr'><strong>quia</strong></span> <span class='ocrx_word' id='word_1_271' title='bbox 774 3860 848 3909; x_wconf 77' lang='lat' dir='ltr'><strong>iusti·</strong></span> <span class='ocrx_word' id='word_1_272' title='bbox 898 3860 1016 3921; x_wconf 81' lang='lat' dir='ltr'><strong>probatio</strong></span> <span class='ocrx_word' id='word_1_273' title='bbox 1026 3875 1071 3923; x_wconf 88' lang='lat' dir='ltr'><strong>per</strong></span> <span class='ocrx_word' id='word_1_274' title='bbox 1081 3860 1195 3923; x_wconf 78' lang='lat' dir='ltr'><strong>petriam</strong></span> <span class='ocrx_word' id='word_1_275' title='bbox 1205 3871 1230 3912; x_wconf 78' lang='lat' dir='ltr'><strong>et</strong></span> <span class='ocrx_word' id='word_1_276' title='bbox 1237 3878 1285 3925; x_wconf 80' lang='lat' dir='ltr'><strong>per</strong></span> <span class='ocrx_word' id='word_1_277' title='bbox 1291 3863 1426 3925; x_wconf 66' lang='lat' dir='ltr'><strong>parentes)</strong></span> 
     </span>
    </p>
   </div>
   <div class='ocr_carea' id='block_1_5' title="bbox 318 3924 1426 4502">
    <p class='ocr_par' dir='ltr' id='par_1_9' title="bbox 321 3924 1351 4039">
     <span class='ocr_line' id='line_1_33' title="bbox 321 3924 1351 4039; baseline 0.004 -66"><span class='ocrx_word' id='word_1_278' title='bbox 321 3926 398 4037; x_wconf 48' lang='lat' dir='ltr'><strong>{imi</strong></span> <span class='ocrx_word' id='word_1_279' title='bbox 414 3932 438 4037; x_wconf 57' lang='lat' dir='ltr'><strong>pp</strong></span> <span class='ocrx_word' id='word_1_280' title='bbox 452 3930 567 3986; x_wconf 79' lang='lat' dir='ltr'><strong>preterca</strong></span> <span class='ocrx_word' id='word_1_281' title='bbox 582 3930 713 4037; x_wconf 53' lang='lat' dir='ltr'><strong>{immizm</strong></span> <span class='ocrx_word' id='word_1_282' title='bbox 730 3925 849 4037; x_wconf 69' lang='lat' dir='ltr'><strong>dpbr&#39;tandt</strong></span> <span class='ocrx_word' id='word_1_283' title='bbox 898 3924 1003 4038; x_wconf 59' lang='lat' dir='ltr'><strong>deAhe</strong></span> <span class='ocrx_word' id='word_1_284' title='bbox 1014 3929 1042 3975; x_wconf 92' lang='lat' dir='ltr'><strong>to</strong></span> <span class='ocrx_word' id='word_1_285' title='bbox 1050 3930 1158 4039; x_wconf 59' lang='lat' dir='ltr'><strong>{rpstltp</strong></span> <span class='ocrx_word' id='word_1_286' title='bbox 1169 3926 1351 4039; x_wconf 61' lang='lat' dir='ltr'><strong>his2memoryt</strong></span> 
     </span>
    </p>

    <p class='ocr_par' dir='ltr' id='par_1_10' title="bbox 373 4003 1239 4052">
     <span class='ocr_line' id='line_1_34' title="bbox 373 4003 1239 4052; baseline 0.005 -15"><span class='ocrx_word' id='word_1_287' title='bbox 373 4004 414 4037; x_wconf 83' lang='lat' dir='ltr'><strong>eo</strong></span> <span class='ocrx_word' id='word_1_288' title='bbox 455 4003 650 4038; x_wconf 73' lang='lat' dir='ltr'><strong>swcornera</strong></span> <span class='ocrx_word' id='word_1_289' title='bbox 679 4004 703 4037; x_wconf 87' lang='lat' dir='ltr'><strong>m</strong></span> <span class='ocrx_word' id='word_1_290' title='bbox 724 4003 748 4037; x_wconf 82' lang='lat' dir='ltr'><strong>es</strong></span> <span class='ocrx_word' id='word_1_291' title='bbox 797 4004 829 4037; x_wconf 81' lang='lat' dir='ltr'><strong>uo</strong></span> <span class='ocrx_word' id='word_1_292' title='bbox 981 4005 1037 4040; x_wconf 91' lang='lat' dir='ltr'><strong>.m.</strong></span> <span class='ocrx_word' id='word_1_293' title='bbox 1099 4010 1107 4052; x_wconf 90' lang='lat'>;</span> <span class='ocrx_word' id='word_1_294' title='bbox 1148 4006 1239 4041; x_wconf 90' lang='lat' dir='ltr'><strong>.m..</strong></span> 
     </span>
    </p>

    <p class='ocr_par' dir='ltr' id='par_1_11' title="bbox 318 4004 1426 4182">
     <span class='ocr_line' id='line_1_35' title="bbox 318 4004 1426 4117; baseline 0.007 -16"><span class='ocrx_word' id='word_1_295' title='bbox 318 4054 406 4116; x_wconf 77' lang='lat' dir='ltr'><strong>probet</strong></span> <span class='ocrx_word' id='word_1_296' title='bbox 426 4058 516 4102; x_wconf 79' lang='lat' dir='ltr'><strong>etatem</strong></span> <span class='ocrx_word' id='word_1_297' title='bbox 536 4068 608 4101; x_wconf 69' lang='lat' dir='ltr'><strong>ntum</strong></span> <span class='ocrx_word' id='word_1_298' title='bbox 626 4068 672 4115; x_wconf 80' lang='lat' dir='ltr'><strong>per</strong></span> <span class='ocrx_word' id='word_1_299' title='bbox 691 4054 737 4114; x_wconf 66' lang='lat' dir='ltr'><strong>cij.</strong></span> <span class='ocrx_word' id='word_1_300' title='bbox 757 4004 848 4114; x_wconf 61' lang='lat' dir='ltr'><strong>legales</strong></span> <span class='ocrx_word' id='word_1_301' title='bbox 930 4053 1426 4117; x_wconf 69' lang='lat' dir='ltr'><strong>²13hosiiij.‚insthisisoorrooteu</strong></span> 
     </span>
     <span class='ocr_line' id='line_1_36' title="bbox 322 4117 1048 4182; baseline 0.001 -15"><span class='ocrx_word' id='word_1_302' title='bbox 322 4119 431 4167; x_wconf 70' lang='lat' dir='ltr'><strong>homines</strong></span> <span class='ocrx_word' id='word_1_303' title='bbox 441 4125 465 4167; x_wconf 80' lang='lat' dir='ltr'><strong>et</strong></span> <span class='ocrx_word' id='word_1_304' title='bbox 476 4120 563 4167; x_wconf 76' lang='lat' dir='ltr'><strong>ueniat</strong></span> <span class='ocrx_word' id='word_1_305' title='bbox 574 4132 629 4167; x_wconf 83' lang='lat' dir='ltr'><strong>cum</strong></span> <span class='ocrx_word' id='word_1_306' title='bbox 640 4118 790 4180; x_wconf 62' lang='lat' dir='ltr'><strong>probatione</strong></span> <span class='ocrx_word' id='word_1_307' title='bbox 800 4134 848 4168; x_wconf 78' lang='lat' dir='ltr'><strong>ruo</strong></span> <span class='ocrx_word' id='word_1_308' title='bbox 897 4117 955 4168; x_wconf 88' lang='lat' dir='ltr'><strong>into</strong></span> <span class='ocrx_word' id='word_1_309' title='bbox 966 4134 1048 4182; x_wconf 80' lang='lat' dir='ltr'><strong>1me.</strong></span> 
     </span>
    </p>

    <p class='ocr_par' dir='ltr' id='par_1_12' title="bbox 320 4182 1426 4439">
     <span class='ocr_line' id='line_1_37' title="bbox 321 4182 1426 4249; baseline 0.005 -18"><span class='ocrx_word' id='word_1_310' title='bbox 321 4186 351 4232; x_wconf 81' lang='lat' dir='ltr'><strong>in</strong></span> <span class='ocrx_word' id='word_1_311' title='bbox 377 4184 514 4231; x_wconf 67' lang='lat' dir='ltr'><strong>martiuum</strong></span> <span class='ocrx_word' id='word_1_312' title='bbox 541 4184 689 4231; x_wconf 71' lang='lat' dir='ltr'><strong>oriturum.</strong></span> <span class='ocrx_word' id='word_1_313' title='bbox 734 4182 847 4232; x_wconf 76' lang='lat' dir='ltr'><strong>Bructon</strong></span> <span class='ocrx_word' id='word_1_314' title='bbox 929 4184 1049 4247; x_wconf 76' lang='lat' dir='ltr'><strong>⁴chry</strong></span> <span class='ocrx_word' id='word_1_315' title='bbox 1065 4183 1090 4234; x_wconf 87' lang='lat' dir='ltr'><strong>is</strong></span> <span class='ocrx_word' id='word_1_316' title='bbox 1107 4185 1152 4235; x_wconf 87' lang='lat' dir='ltr'><strong>the</strong></span> <span class='ocrx_word' id='word_1_317' title='bbox 1170 4200 1248 4235; x_wconf 81' lang='lat' dir='ltr'><strong>nome</strong></span> <span class='ocrx_word' id='word_1_318' title='bbox 1265 4187 1294 4236; x_wconf 82' lang='lat' dir='ltr'><strong>of</strong></span> <span class='ocrx_word' id='word_1_319' title='bbox 1310 4185 1426 4249; x_wconf 78' lang='lat' dir='ltr'><strong>pnintifl</strong></span> 
     </span>
     <span class='ocr_line' id='line_1_38' title="bbox 321 4244 1425 4309; baseline 0.004 -13"><span class='ocrx_word' id='word_1_320' title='bbox 321 4247 385 4296; x_wconf 85' lang='lat' dir='ltr'><strong>cites</strong></span> <span class='ocrx_word' id='word_1_321' title='bbox 402 4244 456 4295; x_wconf 84' lang='lat' dir='ltr'><strong>this</strong></span> <span class='ocrx_word' id='word_1_322' title='bbox 472 4260 531 4295; x_wconf 81' lang='lat' dir='ltr'><strong>csse</strong></span> <span class='ocrx_word' id='word_1_323' title='bbox 547 4247 566 4294; x_wconf 74' lang='lat' dir='ltr'><strong>t.</strong></span> <span class='ocrx_word' id='word_1_324' title='bbox 578 4246 661 4303; x_wconf 78' lang='lat' dir='ltr'><strong>424b;</strong></span> <span class='ocrx_word' id='word_1_325' title='bbox 679 4246 711 4296; x_wconf 83' lang='lat' dir='ltr'><strong>he</strong></span> <span class='ocrx_word' id='word_1_326' title='bbox 723 4246 791 4309; x_wconf 82' lang='lat' dir='ltr'><strong>gives</strong></span> <span class='ocrx_word' id='word_1_327' title='bbox 802 4248 847 4298; x_wconf 84' lang='lat' dir='ltr'><strong>the</strong></span> <span class='ocrx_word' id='word_1_328' title='bbox 897 4248 951 4297; x_wconf 82' lang='lat' dir='ltr'><strong>ond</strong></span> <span class='ocrx_word' id='word_1_329' title='bbox 961 4247 1111 4301; x_wconf 79' lang='lat' dir='ltr'><strong>defendunt.</strong></span> <span class='ocrx_word' id='word_1_330' title='bbox 1142 4250 1197 4300; x_wconf 81' lang='lat' dir='ltr'><strong>The</strong></span> <span class='ocrx_word' id='word_1_331' title='bbox 1206 4252 1301 4301; x_wconf 77' lang='lat' dir='ltr'><strong>former</strong></span> <span class='ocrx_word' id='word_1_332' title='bbox 1311 4252 1335 4301; x_wconf 89' lang='lat' dir='ltr'><strong>is</strong></span> <span class='ocrx_word' id='word_1_333' title='bbox 1345 4252 1425 4302; x_wconf 83' lang='lat' dir='ltr'><strong>below</strong></span> 
     </span>
     <span class='ocr_line' id='line_1_39' title="bbox 321 4310 1425 4378; baseline 0.005 -17"><span class='ocrx_word' id='word_1_334' title='bbox 321 4312 464 4375; x_wconf 75' lang='lat' dir='ltr'><strong>iudgment</strong></span> <span class='ocrx_word' id='word_1_335' title='bbox 475 4310 559 4359; x_wconf 81' lang='lat' dir='ltr'><strong>which</strong></span> <span class='ocrx_word' id='word_1_336' title='bbox 574 4310 597 4359; x_wconf 86' lang='lat' dir='ltr'><strong>is</strong></span> <span class='ocrx_word' id='word_1_337' title='bbox 612 4314 659 4360; x_wconf 90' lang='lat' dir='ltr'><strong>not</strong></span> <span class='ocrx_word' id='word_1_338' title='bbox 674 4310 702 4359; x_wconf 91' lang='lat' dir='ltr'><strong>in</strong></span> <span class='ocrx_word' id='word_1_339' title='bbox 717 4310 762 4360; x_wconf 86' lang='lat' dir='ltr'><strong>tho</strong></span> <span class='ocrx_word' id='word_1_340' title='bbox 773 4316 845 4361; x_wconf 86' lang='lat' dir='ltr'><strong>note-</strong></span> <span class='ocrx_word' id='word_1_341' title='bbox 896 4313 978 4362; x_wconf 74' lang='lat' dir='ltr'><strong>called</strong></span> <span class='ocrx_word' id='word_1_342' title='bbox 1001 4314 1090 4378; x_wconf 79' lang='lat' dir='ltr'><strong>Henry</strong></span> <span class='ocrx_word' id='word_1_343' title='bbox 1113 4315 1205 4365; x_wconf 75' lang='lat' dir='ltr'><strong>Cokin.</strong></span> <span class='ocrx_word' id='word_1_344' title='bbox 1250 4316 1314 4366; x_wconf 75' lang='lat' dir='ltr'><strong>unis</strong></span> <span class='ocrx_word' id='word_1_345' title='bbox 1335 4317 1358 4366; x_wconf 84' lang='lat' dir='ltr'><strong>is</strong></span> <span class='ocrx_word' id='word_1_346' title='bbox 1380 4317 1425 4367; x_wconf 86' lang='lat' dir='ltr'><strong>the</strong></span> 
     </span>
     <span class='ocr_line' id='line_1_40' title="bbox 320 4375 1045 4439; baseline 0.003 -13"><span class='ocrx_word' id='word_1_347' title='bbox 320 4376 387 4426; x_wconf 80' lang='lat' dir='ltr'><strong>book</strong></span> <span class='ocrx_word' id='word_1_348' title='bbox 415 4376 462 4424; x_wconf 87' lang='lat' dir='ltr'><strong>but</strong></span> <span class='ocrx_word' id='word_1_349' title='bbox 489 4380 535 4425; x_wconf 88' lang='lat' dir='ltr'><strong>not</strong></span> <span class='ocrx_word' id='word_1_350' title='bbox 557 4375 628 4437; x_wconf 87' lang='lat' dir='ltr'><strong>quite</strong></span> <span class='ocrx_word' id='word_1_351' title='bbox 649 4378 846 4439; x_wconf 78' lang='lat' dir='ltr'><strong>correctly-‘et</strong></span> <span class='ocrx_word' id='word_1_352' title='bbox 896 4378 1045 4428; x_wconf 79' lang='lat' dir='ltr'><strong>defendant.</strong></span> 
     </span>
    </p>

    <p class='ocr_par' dir='ltr' id='par_1_13' title="bbox 321 4440 845 4502">
     <span class='ocr_line' id='line_1_41' title="bbox 321 4440 845 4502; baseline 0 -11"><span class='ocrx_word' id='word_1_353' title='bbox 321 4442 378 4491; x_wconf 87' lang='lat' dir='ltr'><strong>ideo</strong></span> <span class='ocrx_word' id='word_1_354' title='bbox 400 4440 591 4491; x_wconf 79' lang='lat' dir='ltr'><strong>consideratum</strong></span> <span class='ocrx_word' id='word_1_355' title='bbox 614 4441 664 4490; x_wconf 79' lang='lat' dir='ltr'><strong>fuit</strong></span> <span class='ocrx_word' id='word_1_356' title='bbox 683 4441 752 4502; x_wconf 89' lang='lat' dir='ltr'><strong>quod</strong></span> <span class='ocrx_word' id='word_1_357' title='bbox 772 4442 845 4491; x_wconf 84' lang='lat' dir='ltr'><strong>fieret</strong></span> 
     </span>
    </p>
   </div>
   <div class='ocr_carea' id='block_1_6' title="bbox 0 0 1681 5217">
    <p class='ocr_par' dir='ltr' id='par_1_14' title="bbox 0 0 1681 5217">
     <span class='ocr_line' id='line_1_42' title="bbox 0 0 1681 5217; baseline 0 0"><span class='ocrx_word' id='word_1_358' title='bbox 0 0 1681 5217; x_wconf 95' lang='lat' dir='ltr'><strong> </strong></span> 
     </span>
    </p>
   </div>
  </div>
 </body>
</html>
