3342 5217
448 396 970 485 mensunum‚nn.1224,ua
994 399 1089 467 8-9.
1255 401 1320 469 709

207 582 329 648 debent
363 582 405 651 de
439 584 542 651 libero
569 592 758 651 tenemento
786 606 847 651 suo
875 584 962 672 quod
991 584 1032 653 de
1061 586 1109 652 eis
1139 594 1254 654 tenent
1282 588 1318 657 in

206 688 240 752 N
240 694 414 773 ywentona
426 694 466 753 nt
480 687 515 752 in
529 687 662 753 releuiis
676 695 736 753 eto

269 790 313 855 Et
338 790 497 856 Rieardus
521 798 558 856 et
583 790 770 857 Gilebertus
795 800 843 857 et'
856 792 955 859 Sarra
978 793 1120 859 ueniunt
1145 800 1180 859 et
1202 794 1318 861 dieunt

203 893 289 981 quod
311 894 423 981 Agnes
443 917 511 961 non
534 902 586 961 est
610 916 742 981 presens
765 903 800 960 et
824 895 895 961 sine
919 918 959 962 ea
984 896 1101 961 nolunt
1124 898 1317 984 respondere

201 996 374 1061 nisi'euria
396 996 648 1063 considemnerit
662 1006 723 1064 ete.
770 998 815 1063 Et
833 998 947 1085 Agnes
968 999 1151 1065 attachinte
1171 1000 1237 1065 fuit
1258 1024 1319 1089 per

202 1098 378 1164 Rioardum
392 1098 552 1184 Rnphum
565 1098 606 1165 de
622 1100 830 1185 Nywentona
844 1108 879 1166 et
890 1100 1025 1166 Petrum
1037 1100 1141 1167 filium
1157 1102 1315 1171 Godwini.

201 1201 248 1267 Et
268 1201 343 1267 ideo
364 1209 506 1287 ponatur
524 1223 583 1287 per
601 1204 750 1268 meliores
769 1203 895 1290 plegios
914 1204 1001 1290 quod
1021 1204 1065 1270 sit
1080 1227 1101 1270 a
1114 1205 1169 1271 die
1185 1206 1218 1271 S.
1233 1207 1314 1273 Hill

200 1303 236 1369 in
258 1314 327 1371 tres
349 1307 555 1393 septimanas
599 1306 695 1371 Idem
714 1306 784 1372 dies
803 1305 901 1373 datus
915 1316 966 1373 est
981 1306 1129 1389 Ricardo,
1145 1308 1314 1376 Gileberto

200 1416 235 1474 et
250 1410 345 1476 Serre
359 1411 395 1476 in
409 1412 518 1478 banoo.

265 1514 310 1579 Et
333 1515 473 1581 Thomas
491 1514 595 1581 Julrel
609 1522 646 1579 et
658 1514 777 1579 Emum
791 1536 875 1579 uxor
886 1514 957 1581 eius
972 1516 1163 1582 summoniti
1178 1516 1312 1583 fuerunt

200 1617 242 1682 ad
255 1618 516 1704 respondendum
536 1618 642 1684 eidem
657 1618 803 1683 Walters
822 1626 858 1683 et
877 1618 1028 1684 Johanne
1048 1619 1089 1685 de
1112 1620 1257 1685 seruieiis
1277 1628 1312 1686 et

199 1720 487 1786 consuetudinibus
502 1728 562 1787 ete.
577 1720 618 1785 de
632 1720 733 1786 libem
748 1728 938 1785 tenemento
952 1743 1011 1786 suo
1030 1720 1117 1808 quod
1131 1721 1172 1787 de
1187 1722 1235 1787 eis
1249 1729 1309 1788 ete
1362 1761 1367 1771 ι

199 1830 314 1888 tenent
342 1824 378 1889 in
406 1824 620 1910 Nywentons,
650 1823 738 1890 unde
772 1822 861 1889 idem
889 1824 1056 1890 Walterus
1090 1832 1126 1889 et
1158 1824 1312 1891 Johanna
1353 1806 1357 1817 Ι

197 1925 313 1992 dieunt
334 1927 420 2013 quod
438 1927 502 2013 ipsi
523 1928 664 1993 Thomas
685 1935 721 1992 et
743 1927 861 1992 Emma
883 1935 999 1993 tenent
1019 1935 1139 1993 terram
1161 1950 1254 1993 suum
1274 1928 1310 1995 in

197 2030 308 2095 dotem
337 2038 372 2097 et
400 2030 473 2118 ipsa
500 2030 653 2097 Johanna
676 2038 730 2095 est
753 2030 794 2095 de
818 2029 1038 2116 primogenita
1061 2030 1129 2096 filia
1154 2031 1244 2096 Petri
1268 2031 1310 2099 de

193 2134 382 2220 ‘Nywetona
401 2142 438 2199 et
457 2132 585 2199 racione
603 2133 765 2199 aesneseie
785 2134 908 2201 debent
927 2134 974 2201 eis
994 2135 1099 2201 faeere
1113 2135 1308 2203 fidelitatem

196 2241 238 2307 de
253 2241 329 2307 dote
344 2240 427 2307 sua&

263 2345 308 2410 Et
331 2344 471 2410 Thomas
490 2366 548 2431 pro
567 2366 605 2411 se
618 2351 654 2409 et
668 2366 772 2409 uxore
784 2366 845 2409 sua
858 2343 952 2410 euius
966 2344 1035 2410 loeo
1050 2352 1110 2413 ete.
1127 2344 1309 2431 dicitquod

197 2470 311 2514 reuera
325 2456 418 2513 tenet
432 2448 468 2513 in
482 2448 594 2514 dotem
609 2455 645 2513 et
658 2447 746 2533 quod
759 2448 783 2512 J
784 2446 917 2513 ohanna
928 2447 1022 2515 uenit
1036 2446 1077 2513 de
1092 2447 1310 2535 primogenita

196 2552 265 2618 filia
278 2552 369 2617 Petri
382 2560 435 2619 set
448 2552 530 2617 dicit
544 2551 631 2639 quod
645 2572 758 2616 omnes
777 2550 843 2617 filie
859 2551 950 2617 Petri
964 2560 1042 2619 sunt
1057 2551 1191 2617 heredes
1205 2552 1308 2638 ipsius

197 2656 288 2722 Pet-ri
309 2665 344 2721 et
365 2655 394 2721 si
415 2656 505 2721 ouria
525 2653 777 2720 eonsidernuerit
798 2654 886 2741 quod
907 2654 1027 2720 debeat
1049 2662 1181 2721 tantum
1203 2655 1306 2721 lacere

196 2760 392 2826 fidelitatem
406 2758 624 2846 primogenite
636 2757 777 2822 libenter
790 2757 889 2821 faciet
904 2758 957 2821 uel
972 2758 1126 2823 omnibus
1138 2758 1166 2823 si
1180 2759 1308 2838 debeat,

196 2872 233 2928 et
253 2864 327 2929 ideo
348 2864 488 2929 Thomas
506 2869 676 2927 remaneat
694 2860 765 2925 sine
785 2859 839 2924 die
859 2880 1027 2945 quousque
1047 2860 1206 2945 placitum
1220 2860 1307 2927 inter

196 2966 371 3053 participes
385 2966 587 3031 terminetur.

261 3068 439 3135 'Henriens
454 3067 495 3132 de
519 3067 700 3132 Karletona
722 3066 810 3153 petit
834 3088 948 3133 nemus
973 3067 1155 3135 Henrieum
1176 3067 1217 3135 de
1239 3068 1307 3134 Ver
1384 3088 1399 3118 ¹¹

195 3173 283 3259 quod
301 3172 417 3238 reddat
436 3172 468 3237 ei
486 3172 573 3257 xviij.
589 3193 713 3237 mareas
732 3193 813 3257 quas
832 3171 865 3236 ei
879 3171 978 3237 debet
993 3179 1027 3237 et
1041 3171 1163 3239 iniuste
1178 3172 1306 3239 detinet

195 3284 235 3341 ut
249 3276 330 3343 dicit
349 3284 412 3343 etc.
427 3275 514 3342 uude
534 3276 695 3342 Henrieus
713 3278 836 3363 profert
858 3282 980 3342 sartam
1002 3274 1148 3341 eiusdem
1170 3275 1306 3341 Henriei

195 3380 236 3446 de
259 3382 326 3447 Ver
350 3403 414 3467 que
437 3388 579 3446 testatur
603 3381 690 3467 quod
710 3381 799 3447 idem
820 3380 983 3447 Heurieus
1005 3378 1120 3444 debuit
1142 3379 1174 3445 ei
1195 3380 1304 3466 xxviij.

194 3506 317 3550 mareas
331 3492 366 3549 et
379 3483 457 3550 inde
470 3483 613 3549 reddidit
626 3483 658 3549 ei
677 3508 707 3549 x.
721 3506 846 3549 mareas
865 3492 900 3549 et
919 3482 1026 3549 adhue
1046 3489 1153 3547 aretro
1176 3490 1254 3549 sunt
1274 3482 1306 3547 ei

157 3649 160 3653 Δ
194 3587 282 3674 xviij.
303 3610 418 3665 marce,
444 3595 479 3653 et
500 3586 576 3653 inde
602 3586 752 3672 producit
776 3594 907 3651 sestam.
952 3584 997 3649 Et
1022 3583 1190 3649 sciendum
1218 3583 1306 3670 quod

195 3691 358 3756 Henrieus
370 3690 412 3757 de
426 3691 495 3755 Ver
513 3689 592 3755 lecit
610 3690 722 3775 plures
738 3687 878 3754 defaltas
900 3694 935 3753 et
957 3686 1032 3751 ideo
1053 3694 1104 3752 est
1126 3686 1162 3751 in
1181 3686 1305 3752 miseri·

194 3795 303 3861 cordia
315 3818 374 3881 pro
387 3801 579 3880 contemptu
593 3793 681 3859 curie
686 3790 705 3858 ⁸.

260 3898 305 3962 Et
319 3896 481 3962 Henrieus
495 3894 537 3961 de
552 3895 620 3961 Ver
636 3896 728 3962 uenit
742 3904 778 3962 et
791 3896 879 3982 petit
893 3894 1005 3961 uidere
1020 3902 1143 3961 cartam
1158 3914 1250 3959 suam
1270 3900 1306 3959 et

195 4023 268 4067 eam
287 4000 374 4067 uidit
394 4009 430 4066 et
452 3999 557 4067 erinit
577 3999 666 4085 loqui
684 4022 761 4065 eum
774 3998 907 4064 oonsilio
922 4020 980 4064 suo
995 4004 1030 4063 et
1044 3996 1141 4063 rediit
1157 4005 1191 4062 et
1206 3996 1306 4083 peciit

194 4113 379 4192 respectum
401 4112 442 4171 nt
463 4104 554 4191 loqui
577 4111 687 4190 posset
707 4126 783 4170 eum
806 4101 1027 4169 seruientibus
1047 4100 1114 4167 suis
1137 4108 1172 4165 et
1193 4100 1304 4167 audire

228 4244 238 4277 ¹
254 4244 351 4297 Emma
360 4245 385 4295 is
394 4244 535 4305 donorum
552 4244 629 4303 loen,
640 4243 724 4295 Saruh
774 4242 834 4293 that
845 4242 941 4291 Emma
951 4238 1045 4291 should
1056 4252 1136 4289 tuear
1146 4236 1235 4303 lealty.

195 4308 248 4360 and
255 4310 546 4374 Agnsserepnrneners3
557 4310 625 4360 Josn
633 4309 725 4359 elaims
807 4307 819 4339 ²
834 4308 866 4357 Δ.
879 4322 915 4357 m.
927 4308 972 4367 273
990 4305 1021 4355 B.
1033 4319 1069 4356 m.
1083 4305 1123 4355 1⁸.

195 4374 374 4426 thatbsonm
382 4374 580 4439 shereprssentn
588 4374 634 4425 the
644 4375 726 4425 oldest
810 4372 950 4437 'Batops

196 4439 726 4507 brunohitistolrer,an‹lberlruobandt
851 4472 855 4481 -
