3342 5217
513 327 653 387 urrisu,
677 326 740 375 so.
766 311 858 387 1230,
881 325 945 376 ss
971 315 1019 377 14.
1251 317 1315 379 319

188 497 245 567 'ut
267 502 320 567 ius
339 501 441 588 ipsius
462 499 603 567 Odierne
625 506 660 564 et
682 499 717 564 in
739 522 819 586 quos
841 521 906 564 non
928 499 1029 566 habet
1050 501 1317 590 ingressumnisi

205 625 266 691 per
293 603 472 669 Rodulfum
509 611 635 689 putrem
665 626 761 668 suum
794 604 847 668 cui
876 604 1037 669 Rodulfus
1065 606 1096 670 le
1127 607 1319 671 Parmenter

205 709 371 796 quondam
385 709 438 773 uir
451 708 553 794 ipsius
568 709 710 774 Odierne
725 731 779 773 eus
793 709 927 787 dimisit,
942 709 995 774 cui
1010 709 1083 796 ipsu
1098 711 1316 776 contradicere

205 835 272 879 non
288 814 396 900 potuit
412 821 472 878 etc'.

272 916 316 980 Et
331 915 514 981 Willelmus
534 939 592 1002 per
611 925 813 982 attornatum
833 939 931 982 suum
953 917 1046 982 uenit
1068 925 1103 982 et
1125 916 1205 982 dicit
1229 919 1317 1005 quod

205 1019 277 1104 ipse
291 1039 356 1082 non
371 1025 463 1083 tenet
482 1017 647 1084 redditum
667 1019 761 1086 illurn
780 1019 881 1084 immo
901 1027 1008 1084 meter
1027 1042 1088 1084 sue
1108 1019 1201 1085 illurn
1224 1028 1317 1085 tenet

204 1129 242 1193 in
264 1127 384 1194 dotem.
428 1127 472 1191 Et
495 1125 659 1191 Galfn'dus
680 1133 715 1190 et
738 1125 883 1191 Odiems
904 1126 1018 1191 dicunt
1040 1126 1128 1213 quod
1150 1125 1318 1212 predictus

204 1232 392 1298 Willelmus
420 1240 513 1297 tenet
542 1231 706 1297 redditum
735 1231 839 1308 illum,
865 1239 899 1296 et
928 1231 1110 1296 concedunt
1139 1231 1224 1317 quod
1254 1232 1318 1296 nisi

204 1334 357 1400 teneant¹
379 1335 466 1421 quod
487 1335 729 1423 ipsi'amittnnt
751 1335 905 1400 olamium
926 1357 1029 1400 suum.
1076 1336 1119 1399 Et
1134 1335 1318 1401 Wsslelmue

204 1461 265 1525 per
293 1447 496 1504 attometum
526 1462 621 1504 suum
652 1437 799 1504 coneedit
821 1438 909 1524 quod
930 1437 994 1503 nisi
1015 1446 1122 1503 mater
1142 1461 1201 1503 sue
1223 1439 1317 1503 illurn

205 1551 320 1608 teneat
350 1542 436 1630 quod
466 1543 535 1629 ipse
559 1543 674 1608 reddet
696 1543 743 1608 eis
764 1541 937 1607 redditum
981 1543 1099 1607 Postea
1119 1543 1231 1629 Agnes
1253 1565 1317 1628 que

205 1657 300 1714 tenet
316 1649 522 1736 mesuagium
539 1649 627 1714 unde
647 1648 795 1713 redditus
814 1647 870 1712 ille
889 1646 1050 1733 prouenit,
1065 1647 1158 1712 uenit
1181 1655 1215 1712 et
1236 1647 1317 1713 dicit

204 1750 294 1837 quod
322 1751 431 1834 reddit
460 1751 625 1817 redditum
655 1751 748 1816 illum
772 1751 924 1837 “predicto
953 1750 1124 1816 Willelmo.
1171 1751 1214 1816 Et
1243 1750 1317 1817 ideo

204 1852 446 1918 consideratum
466 1861 516 1918 est
537 1852 622 1940 quod
645 1853 810 1919 Galfn'dus
831 1861 866 1918 et
886 1853 1029 1918 Odierna
1042 1863 1317 1940 recuperauerunt

204 1955 359 2022 seisinam
374 1981 467 2023 suam
482 1966 517 2022 et
531 1957 716 2023 Willelmus
731 1957 766 2022 in
780 1956 1006 2022 misericordis

145 2115 154 2130 .
273 2057 449 2128 'Golfridus
460 2062 501 2127 de
512 2062 745 2128 Dunstunuillo
755 2061 972 2128 summonitus
987 2062 1051 2128 fuit
1065 2061 1107 2127 ed
1121 2062 1317 2149 responden·
1391 2139 1404 2168 ¹

204 2163 287 2229 dum
302 2165 465 2231 Willelmo
480 2167 520 2232 de
542 2167 780 2256 Engleffeuldie
798 2190 899 2253 quare
918 2189 984 2232 non
1005 2167 1154 2253 oquietat
1176 2190 1252 2233 eum
1274 2168 1316 2233 de

205 2267 344 2333 seruicio
369 2269 456 2355 quod
481 2269 647 2335 Johennee
672 2269 714 2335 de
739 2270 864 2334 Breuss
887 2270 990 2356 exigit
1015 2270 1057 2334 eb
1086 2291 1125 2334 eo
1147 2270 1189 2334 de
1214 2271 1316 2335 libero

208 2378 398 2437 tenemento
424 2395 482 2437 suo
512 2373 598 2459 quod
628 2373 668 2438 de
695 2395 733 2437 eo
759 2381 852 2436 tenet
881 2371 917 2436 in
940 2371 1082 2436 Athcete
1111 2372 1198 2437 unde
1228 2372 1315 2438 idern

207 2475 397 2540 Gaulfridus
412 2475 470 2562 qui
484 2476 611 2542 medius
626 2484 677 2540 est
692 2477 780 2540 inter
798 2497 853 2540 eos
873 2497 950 2539 eum
970 2475 1137 2561 aquieture
1157 2475 1255 2542 debet
1276 2485 1316 2542 ut

206 2580 290 2646 dicit
319 2590 379 2648 etc.
402 2591 436 2646 et
460 2582 547 2646 unde
578 2581 726 2667 queritur
747 2579 833 2666 quod
857 2603 923 2666 per
942 2580 1106 2645 defectum
1128 2580 1230 2666 ipsius
1251 2581 1317 2647 dis-

206 2686 366 2774 tringitur
394 2695 454 2751 etc.
478 2695 512 2750 et
541 2685 628 2750 unde
658 2685 806 2770 queritur
827 2685 915 2770 quod
943 2687 1110 2751 Johannes
1131 2685 1172 2751 de
1194 2686 1318 2753 Breusa

205 2788 375 2856 distrinxit
397 2813 473 2855 eum
495 2812 553 2877 pro
575 2789 721 2876 scutagio
742 2789 783 2853 de
805 2789 911 2876 Kory⁸
930 2812 989 2877 per
1002 2790 1089 2876 quod
1103 2789 1317 2857 deterioratos

206 2901 260 2958 est
274 2893 317 2958 ud
332 2893 513 2958 uulencisrn
529 2915 602 2956 xxx.
617 2915 713 2956 marc.

273 2993 319 3058 Et
345 2993 510 3059 Gelfridus
532 2991 626 3058 uenit
652 3001 687 3056 et
711 2993 796 3078 petit
819 2993 977 3058 iudicium
1000 2995 1028 3058 si
1051 2993 1169 3059 debeat
1192 2994 1233 3059 od
1256 2994 1316 3060 hoc

206 3098 309 3163 breue
337 3097 529 3184 respondere
559 3097 685 3162 desicut
715 3096 801 3161 idem
834 3097 1018 3163 Willelmus
1051 3121 1117 3163 non
1153 3099 1317 3185 specificat

206 3201 429 3288 quantitatem
458 3201 605 3289 scutagii,
629 3224 689 3266 neo
713 3223 771 3287 pro
797 3210 878 3288 quot
903 3201 1004 3267 feodis
1027 3203 1171 3268 militum
1193 3224 1253 3267 nec
1274 3201 1315 3268 de

206 3306 328 3392 quibus
342 3305 443 3372 feodis
456 3306 640 3394 scutagium
654 3306 738 3371 illud
752 3306 919 3373 debeatur.
955 3306 1033 3372 Post
1047 3307 1141 3372 uenit
1151 3307 1316 3374 Galfridue

206 3419 244 3476 et
264 3411 416 3499 cognouit
436 3411 530 3498 quod'
542 3419 635 3476 tenet
654 3411 839 3498 predictum
859 3420 1084 3478 tenementum
1099 3412 1140 3476 de
1154 3412 1316 3478 Atheoote

205 3537 267 3602 per
291 3513 465 3579 seruieium
488 3513 586 3580 unius
609 3515 696 3602 peris
720 3514 892 3581 calcarium
920 3516 1145 3581 deauratorum
1171 3525 1206 3581 et
1230 3517 1316 3603 quod

206 3617 308 3683 debet
337 3618 503 3706 equieture
533 3618 673 3683 eundem
695 3619 899 3685 Willelmum
928 3642 1041 3684 uersus
1069 3620 1252 3685 Johannem
1274 3621 1316 3686 de

206 3719 333 3786 Breuse
352 3721 394 3785 de
414 3721 564 3786 omnibus
587 3721 733 3786 seruiciis
756 3745 815 3808 per
838 3721 1021 3808 predictum
1045 3721 1227 3789 seruicium.
1272 3724 1316 3787 Et

205 3822 392 3888 Willelmus
407 3823 487 3889 dicit
502 3824 588 3910 quod
603 3847 661 3910 pro
675 3825 807 3890 defectu
828 3824 931 3912 ipsius
952 3824 1090 3889 Gslfn'di
1110 3824 1317 3914 distringitur

205 3935 243 3990 et
266 3925 481 3992 deterioratus
510 3935 561 3992 est
591 3936 751 4015 utsupra
780 3938 814 3993 et
835 3928 912 3993 inde
935 3927 1085 4015 producit
1106 3937 1230 3994 sectam
1250 3931 1316 3994 suf·

205 4028 372 4094 finientem
387 4039 449 4096 ete.

274 4131 319 4196 Et
334 4131 496 4199 Galffidus
511 4135 657 4201 defendit
671 4136 850 4222 dampnum
862 4145 896 4201 et
909 4135 1192 4201 deterioracionem
1205 4144 1317 4202 eontra

240 4277 341 4328 ι(ἑστι.
354 4287 446 4338 meat.
461 4282 490 4332 A.
823 4283 1167 4346 ’Scutegetortbewelsh
1178 4284 1316 4348 mmpeign

242 4343 352 4416 sum.
367 4347 405 4394 14.
791 4349 903 4398 orrens.
