3342 5217
338 345 381 406 34
522 356 650 407 nassae
673 356 745 403 ann
767 356 916 418 rnrmrr,
939 356 1004 406 nn.
1029 344 1122 418 1219,
1144 358 1206 406 aa
1231 345 1259 408 3.

337 528 539 615 presentauit
561 528 712 593 ultimam
735 549 904 613 personam
924 548 987 612 que
1008 536 1136 593 mortua
1155 534 1205 593 est
1222 529 1265 593 ad
1278 528 1447 593 ecclesiam

337 630 379 695 de
402 630 592 716 Kyneburle
614 652 678 716 que
700 637 796 694 uacat
818 629 911 694 cuius
933 629 1179 696 aduocacionem
1202 632 1380 697 Nicholaus
1404 630 1446 694 de

338 734 517 801 Stnteuilla
536 757 594 820 per
613 740 815 799 attornatum
835 755 931 798 sunm
951 733 1074 798 scilicet
1092 734 1275 800 Johannem
1290 736 1331 799 de
1345 735 1445 799 Wan-

338 846 416 903 tona
444 840 563 905 clamat
589 860 701 903 uersus
726 836 892 902 Abbstem
918 837 959 902 de
986 838 1183 904 Walemund
1207 840 1265 926 qui
1289 840 1383 904 uenit
1411 847 1446 902 et
1566 854 1571 863 '

338 938 418 1004 dicit
440 938 526 1025 qnod
549 938 649 1003 assisa
670 959 735 1002 non
757 937 856 1003 debet
877 938 954 1003 inde
976 939 1056 1017 fieri,
1077 941 1154 1026 qnia
1176 941 1228 1006 ius
1249 940 1335 1027 qnod
1358 940 1445 1004 idem

339 1040 517 1105 Nicholaus
531 1039 650 1104 habere
666 1039 799 1104 deberet
813 1039 849 1103 in
863 1038 1076 1105 aduocacione
1094 1043 1182 1107 illius
1201 1043 1333 1108 ecclesie
1347 1041 1446 1106 debet

337 1144 408 1230 ipse
438 1138 557 1209 habere
587 1166 626 1209 ex
656 1144 741 1209 dono
770 1144 923 1209 Nicholai
951 1145 993 1210 de
1023 1146 1191 1211 Stitenilla
1218 1146 1319 1232 patris
1344 1145 1446 1231 ipsius

340 1248 491 1313 Nicholai
506 1256 540 1313 et
555 1246 659 1312 Eidm’
675 1247 783 1311 uxoris
798 1246 869 1311 eins
882 1269 941 1332 per
954 1256 1076 1312 cartam
1091 1271 1183 1313 suam
1198 1272 1296 1334 quam
1316 1250 1446 1334 profert,

338 1360 373 1415 et
388 1373 451 1437 que
466 1359 607 1416 testatur
621 1351 707 1437 quod
722 1351 784 1436 ipsi
798 1350 959 1416 dederunt
973 1352 1008 1416 in
1026 1361 1217 1437 perpetuam
1237 1352 1444 1417 elemosinam

338 1452 399 1517 deo
421 1461 456 1518 et
477 1452 622 1517 Abbacie
646 1452 677 1517 S.
700 1452 802 1517 Maria
822 1452 864 1517 de
885 1452 1083 1519 Oualemnnt
1097 1454 1264 1518 ecclesiam
1278 1453 1319 1518 de
1334 1454 1444 1539 Kyne-

338 1556 430 1620 burle
445 1578 520 1620 cnm
534 1555 685 1619 omnibns
704 1555 913 1641 pertinenciis
931 1556 1005 1621 suis
1051 1556 1177 1620 Profert
1198 1556 1301 1621 eciam
1322 1564 1444 1621 cartam

338 1657 362 1722 J
362 1657 497 1722 ohannis
512 1656 727 1721 Norwicensis
742 1645 893 1742 Episcopi
908 1680 971 1743 qne
986 1658 1155 1723 confirmat
1170 1658 1216 1723 eis
1235 1659 1444 1723 donacionem

338 1783 436 1846 quam
452 1761 629 1826 Nicholaus
643 1761 684 1825 de
700 1761 869 1826 Stiteuilla
882 1770 917 1825 et
932 1760 1002 1825 Eid'
1019 1784 1100 1825 uxor
1120 1762 1190 1826 eius
1209 1760 1370 1827 dederunt
1384 1762 1444 1827 deo

338 1874 372 1929 et
395 1865 526 1930 ecclesie
549 1865 590 1930 de
613 1866 813 1931 Gualemunt
835 1875 870 1930 et
892 1865 1057 1930 monachis
1076 1875 1136 1931 etc
1154 1889 1252 1953 snper
1270 1875 1444 1952 patronatu

337 1970 469 2035 ecclesie
489 1970 530 2035 de
549 1970 738 2055 Kyneburle
756 1970 841 2033 sicut
861 1979 950 2034 carta
971 1991 1082 2034 eornm
1105 1992 1202 2055 quam
1225 1970 1347 2035 habent
1368 1969 1444 2035 inde

337 2074 575 2140 racionabiliter
597 2081 738 2139 testatur
759 2082 793 2139 et
815 2074 888 2138 ideo
911 2074 1042 2138 uidetur
1063 2074 1094 2138 ei
1116 2074 1203 2159 quod
1224 2074 1323 2139 assisa
1348 2096 1445 2159 super

337 2177 396 2242 hoc
410 2200 475 2242 non
490 2176 588 2242 debet
603 2176 781 2262 procedere.

403 2282 447 2346 Et
468 2281 646 2346 Nicholaus
666 2281 759 2345 uenit
779 2288 813 2345 et
830 2280 911 2345 dicit
926 2280 1012 2367 quod
1026 2290 1114 2345 carte
1129 2281 1184 2367 ille
1198 2304 1262 2346 non
1277 2280 1398 2347 debent
1413 2282 1444 2346 ei

337 2404 450 2447 nocere
473 2382 552 2469 quin
574 2382 674 2447 assisa
695 2382 856 2467 procedat,
871 2383 949 2468 qnia
967 2383 995 2447 si
1015 2391 1103 2447 carte
1118 2383 1173 2448 ille
1188 2406 1344 2469 nmquam
1359 2386 1443 2449 facte

337 2487 478 2564 fuerunt,
493 2494 605 2573 postea
624 2486 826 2572 presentauit
846 2486 997 2551 dominns
1016 2486 1182 2551 «lohannes
1201 2486 1272 2551 Rex
1292 2487 1443 2551 clericum

336 2590 378 2655 ad
393 2589 559 2654 ecclesiam
574 2588 664 2653 illam
679 2588 805 2653 racione
821 2596 906 2652 terre
921 2588 1023 2673 ipsius
1038 2588 1189 2653 Nicholai
1209 2611 1272 2674 que
1287 2598 1365 2653 tunc
1380 2590 1444 2653 fuit

335 2694 372 2758 in
387 2692 534 2757 custodia
547 2714 607 2757 sua
621 2702 655 2757 et
670 2692 746 2757 inde
761 2693 883 2777 profert
897 2701 1019 2757 cartam
1034 2692 1157 2757 domini
1171 2693 1271 2779 Regis
1286 2694 1308 2758 J
1309 2693 1444 2758 ohannis

337 2817 401 2880 qne
416 2803 559 2859 testatur
573 2794 658 2880 qnod
673 2794 742 2879 ipse
757 2816 814 2879 pro
829 2794 890 2858 deo
910 2794 1002 2860 dedit
1017 2795 1180 2859 Willelmo
1199 2796 1240 2861 de
1256 2796 1444 2881 Kyneburle

337 2898 489 2963 vicariam
519 2899 650 2963 ecclesie
680 2897 720 2963 de
751 2898 931 2963 Kineburle
958 2920 1021 2984 que
1047 2908 1098 2964 est
1122 2899 1163 2964 de
1186 2900 1361 2967 donacione
1385 2924 1445 2967 sua

337 3001 463 3066 racione
492 3000 637 3065 custodie
668 3009 764 3091 terre¹
780 3001 931 3065 Nicholai
957 3001 998 3065 de
1023 3002 1217 3067 Stnrtenilla
1242 3024 1305 3088 que
1330 3012 1381 3068 est
1409 3004 1444 3067 in

338 3128 437 3171 manu
459 3129 526 3185 sua,
548 3129 586 3171 eo
612 3106 697 3192 quod
724 3106 793 3191 ipse
818 3113 868 3169 est
891 3113 1004 3169 contra
1026 3104 1194 3169 dominum
1220 3106 1344 3191 Regem
1369 3129 1444 3171 cum

336 3210 476 3274 inimicis
490 3210 562 3274 suis
608 3209 733 3273 Profert
752 3206 853 3272 eciam
875 3215 998 3272 cartam
1019 3208 1048 3272 J.
1066 3207 1280 3273 Norwicensis
1293 3209 1445 3295 Episcopi

337 3334 400 3397 qne
416 3319 557 3376 testatur
570 3310 656 3395 quod
671 3332 746 3374 cum
761 3318 848 3374 terra
862 3308 1013 3374 Nicholai
1028 3308 1165 3395 predicti
1184 3317 1269 3374 esset
1288 3310 1325 3375 in
1343 3333 1443 3375 manu

336 3415 461 3480 domini
489 3415 648 3480 Johannis
677 3414 777 3499 Regis
806 3436 846 3478 eo
874 3413 960 3499 quod
996 3414 1065 3499 ipse
1095 3413 1273 3478 Nicholaus
1308 3414 1372 3479 fuit
1408 3415 1443 3479 in

337 3517 537 3582 Normannia
551 3540 625 3581 cum
640 3516 731 3602 Rege
753 3516 896 3592 Francia,
910 3516 979 3601 ipse
999 3516 1041 3581 ad
1061 3518 1336 3602 presentacionem
1358 3518 1441 3582 eins-

337 3620 411 3684 dem
432 3620 532 3706 Regis
551 3619 707 3684 concessit
726 3628 761 3683 et
782 3618 875 3683 dedit
896 3618 1040 3684 Johanni
1061 3618 1294 3684 Archidiacono
1316 3620 1442 3706 Wigor-

337 3723 441 3789 niensi
456 3722 622 3788 ecclesiam
637 3721 678 3786 de
695 3721 884 3806 Kyneburle
898 3743 973 3785 cum
991 3720 1207 3806 pertinenciis,
1222 3730 1257 3785 et
1279 3721 1386 3807 ipsum
1408 3722 1443 3787 in

337 3849 376 3891 ea
394 3825 545 3891 canonice
564 3846 732 3910 personam
752 3823 908 3899 institnit,
927 3822 1019 3887 salua
1039 3832 1199 3908 perpetua
1219 3823 1341 3889 uicaria
1362 3824 1443 3889 Wil-

337 3925 426 3990 lelmi
447 3923 488 3989 de
512 3923 699 4011 Kyneburle
721 3922 828 3987 clerici
850 3931 909 3986 etc
955 3922 1081 3985 Profert
1101 3922 1203 3985 eciam
1222 3931 1344 3987 cartam
1358 3924 1442 3987 eius·
1496 3968 1500 3973 ι

336 4027 411 4093 dem
426 4027 568 4114 episcopi
582 4026 826 4092 confirmantem
842 4024 948 4089 eidem
963 4024 1013 4089 W.
1028 4024 1143 4089 clerico
1157 4024 1312 4089 niceriam
1326 4034 1385 4097 etc
1401 4026 1443 4090 ad

335 4132 610 4219 presentacionem
637 4129 759 4195 domini
786 4129 886 4215 Regis
912 4138 970 4193 etc.
998 4128 1083 4193 sicut
1111 4128 1295 4213 predictum
1324 4138 1383 4207 est,
1409 4140 1443 4194 et

334 4234 461 4300 desicut
489 4233 640 4298 dominus
665 4232 736 4297 Rex
762 4230 929 4296 Johannes
954 4230 1071 4295 ultimo
1093 4230 1295 4316 presentauit
1316 4232 1442 4297 racione

334 4338 435 4425 ipsius
445 4336 603 4415 Nicholai,
614 4336 697 4422 petit
708 4334 859 4399 saisinam
869 4335 957 4398 illam
968 4334 1224 4420 quemdominus
1235 4336 1305 4400 Rex
1318 4336 1441 4401 habuit.
