3342 5217
385 414 619 479 ieronimum,
641 415 705 466 nn.
730 402 824 477 1231,
846 415 909 465 aa
934 403 1071 467 15-16.
1218 402 1283 469 4⁷5

176 588 238 655 nisi
253 588 387 655 terciam
408 596 542 675 partem.
586 590 631 655 Et
651 588 724 655 ideo
746 589 854 655 Alioia
875 589 995 655 habeat
1016 589 1168 655 saisinam
1190 611 1284 656 suam

176 694 216 760 de
231 692 384 779 predictis
398 693 507 759 tereiis
521 694 669 780 partibus
683 702 718 760 et
733 694 789 759 alii
804 702 882 760 eant
896 694 1002 780 quieti
1017 694 1059 759 de
1073 693 1204 761 residuo
1212 692 1231 760 ¹.

176 996 237 1061 DE
262 997 471 1064 TERMINO
494 997 526 1063 S.
550 974 802 1063 MIOHAELIS
824 996 957 1062 ANNO
981 996 1127 1062 REGNI
1149 996 1285 1063 REGIS

349 1099 463 1166 XV¹⁰.
487 1100 756 1167 INCIPIENTE
779 1101 1112 1167 SEXTODEOIMO.

77 1364 95 1382 .
120 1372 126 1384 .
241 1316 434 1384 Godefridus
448 1319 489 1385 de
508 1318 763 1387 Crauwecumba
782 1343 841 1407 per
859 1328 1061 1385 ettomatum
1080 1343 1177 1386 suum
1197 1318 1285 1405 petit

177 1439 288 1485 uersus
304 1421 505 1487 Randulsum
525 1422 566 1487 de
581 1422 749 1488 Albemarl
763 1423 850 1509 quod
865 1423 964 1489 faciat
983 1423 1015 1488 ei
1034 1423 1284 1489 eonsuetudines

175 1532 210 1589 et
231 1534 321 1593 recta
342 1528 478 1594 seruicia
499 1552 562 1615 que
585 1530 616 1595 ei
639 1530 743 1596 facere
768 1531 868 1596 debet
894 1531 935 1596 de
965 1531 1066 1596 libero
1095 1539 1284 1596 tenemento

175 1652 234 1695 suo
254 1632 341 1717 quod
364 1634 404 1698 de
427 1656 465 1699 eo
488 1642 580 1699 tenet
602 1634 637 1700 in
667 1635 983 1701 Bruuewardestuna
1011 1635 1099 1699 unde
1127 1635 1213 1721 petit
1241 1635 1284 1699 ab

175 1756 214 1799 eo
237 1736 323 1821 quod
346 1736 443 1803 saciat
465 1738 497 1803 ei
518 1738 692 1804 seruieium
719 1738 794 1805 dim.
817 1739 933 1805 militis
957 1747 993 1804 et
1021 1747 1170 1825 preterea
1197 1738 1285 1825 quod

175 1837 291 1903 reddat
310 1839 342 1904 ei
361 1838 498 1927 singulis
518 1840 612 1907 annis
631 1840 667 1905 in
686 1841 783 1907 inicio
798 1841 1053 1929 Quedmgesime
1075 1864 1174 1907 unam
1196 1864 1284 1907 sum·

174 1962 263 2005 mem
277 1944 511 2029 congruorum¹
532 1952 567 2009 et
587 1944 674 2009 unde
694 1946 781 2031 petit
798 1947 961 2033 arremgia
980 1969 1002 2011 a
1022 1955 1169 2033 tempore
1183 1947 1285 2034 Regis

173 2045 334 2111 Johannis
363 2047 404 2113 de
434 2048 579 2135 predicto
609 2049 739 2115 redditu
766 2059 800 2115 et
821 2048 863 2115 de
886 2050 1023 2115 seruicio
1044 2059 1160 2136 quarte
1181 2050 1284 2136 partis

174 2150 260 2237 leodi
275 2150 300 2236 j.
315 2152 430 2217 militis
451 2160 485 2217 et
504 2152 592 2218 unde
612 2152 692 2218 dicit
707 2153 794 2239 quod
808 2176 874 2217 non
889 2153 966 2218 fecit
981 2153 1012 2219 ei
1026 2153 1089 2218 nisi
1109 2153 1284 2219 seruicium

174 2262 289 2341 quarte
304 2256 407 2342 partis
421 2265 482 2323 eto.

240 2359 284 2424 Et
313 2360 496 2425 Rendulfus
525 2360 618 2427 uenit
647 2368 682 2427 et
712 2360 859 2425 defendit
887 2360 958 2426 uim
994 2369 1030 2425 et
1061 2358 1214 2423 iniuriam
1250 2366 1285 2423 et

174 2462 364 2550 dicitquod
386 2466 468 2529 emit
491 2472 716 2530 tenementum
739 2464 821 2529 illud
844 2464 885 2529 de
902 2464 1043 2550 quodam
1057 2463 1222 2528 Willelmo
1243 2461 1286 2528 de

173 2566 277 2632 Vinaz
306 2568 363 2654 qui
388 2568 497 2633 tenuit
522 2576 751 2633 tenementum
773 2567 857 2633 illud
877 2567 919 2632 de
941 2567 1087 2652 predicto
1110 2565 1285 2631 Godehido

173 2670 352 2735 tenendum
375 2670 480 2735 eidem
502 2670 665 2737 Rendulso
686 2680 722 2737 et
744 2670 917 2737 heredibus
941 2670 1010 2735 suis
1033 2670 1075 2735 de
1103 2668 1248 2755 predicto
1272 2671 1277 2754 Ι

173 2773 339 2838 Willelmo
353 2783 389 2838 et
403 2773 576 2840 heredibus
595 2775 663 2840 suis
677 2798 736 2861 per
755 2774 929 2839 seruicium
945 2781 1060 2860 quarte
1080 2774 1184 2859 partis
1197 2773 1285 2839 feodi

92 2894 126 2963 p
169 2878 193 2962 j.
218 2878 332 2943 militis
360 2899 419 2964 pro
444 2878 533 2943 omni
562 2878 706 2956 seruieio,
736 2886 771 2943 et
800 2878 877 2943 inde
906 2884 1004 2943 uocat
1031 2876 1076 2942 ad
1104 2885 1284 2943 warantum

175 2980 351 3045 Ricardum
376 2980 417 3045 de
439 2980 543 3045 Vinaz
572 2981 677 3045 filium
707 2990 742 3045 et
772 2980 924 3045 heredem
955 2978 1094 3065 predicti
1115 2978 1283 3055 willelmi,

174 3093 210 3151 et
234 3085 316 3150 bene
339 3083 420 3151 dicit
441 3086 528 3171 quod
549 3085 578 3151 ai
600 3086 675 3171 plus
700 3085 874 3152 seruicium
903 3083 979 3149 inde
1009 3083 1168 3149 debeatur
1196 3082 1283 3169 quod

174 3188 262 3255 idem
277 3189 435 3255 Rioardus
450 3189 549 3255 debet
566 3212 642 3255 eum
661 3190 837 3276 aquietare.
882 3190 1015 3254 Habeat
1035 3210 1111 3253 eum
1133 3195 1193 3253 ete
1238 3187 1283 3252 Et

174 3294 253 3380 quia
267 3294 424 3360 Rioardus
443 3317 508 3359 non
528 3295 629 3360 hebet
649 3302 768 3361 temam
789 3294 824 3358 in
846 3317 924 3359 eom.
941 3293 1090 3358 Deuonie
1110 3313 1282 3378 perquam

174 3395 326 3483 distringi
341 3397 441 3482 possit
455 3396 669 3483 distringatur
683 3396 719 3460 in
733 3418 811 3460 com.
829 3395 1036 3461 Sumersetia

94 3519 118 3580 ᾗ
240 3498 405 3563 Walterus
430 3500 581 3563 Deoanus
605 3498 646 3563 de
668 3496 804 3563 Undel’⁸
825 3497 1042 3562 summonitus
1067 3496 1132 3561 fuit
1161 3494 1203 3560 sd
1231 3518 1282 3561 re-

174 3600 398 3687 spondendum
414 3602 556 3667 Henrico
571 3602 611 3668 de
626 3602 797 3667 Drautona
810 3624 910 3688 quare
930 3624 994 3665 non
1014 3599 1185 3686 permittat
1204 3622 1283 3667 eum

174 3714 361 3793 presentare
390 3706 540 3772 idoneam
569 3729 738 3793 personam
768 3706 810 3773 ud
840 3707 997 3793 capellam
1028 3706 1060 3771 S.
1086 3705 1210 3771 Thome
1239 3705 1281 3771 de

174 3810 283 3894 Islepe
306 3831 370 3894 que
392 3817 496 3886 uacet,
518 3809 610 3874 cuius
636 3808 885 3874 aduoceoionem
908 3808 995 3873 idem
1018 3806 1180 3873 Hemicus
1202 3806 1282 3872 dicit

172 3914 216 3981 ad
231 3936 266 3978 se
280 3913 451 3998 pertinere,
466 3921 501 3979 et
516 3914 602 3979 unde
617 3914 766 4000 queritur
781 3922 850 3991 ete,
867 3921 902 3978 et
915 3911 1003 3978 unde
1017 3911 1197 3997 dicitquod
1210 3910 1281 3997 ipse

205 4044 299 4095 ¹'l'htr
321 4060 405 4095 seems
427 4044 472 4097 the
493 4062 551 4098 ease
573 4048 641 4099 eited
667 4050 702 4113 by
751 4051 870 4111 tunptmr
885 4049 962 4112 feodo
982 4049 1101 4098 militari.
1141 4047 1282 4097 §waltham

171 4110 326 4169 Brauton,f.
339 4114 379 4173 93,
391 4112 458 4161 from
469 4112 563 4163 Easter
574 4114 605 4163 Δ.
615 4114 647 4163 R.
661 4116 700 4165 14.
751 4114 867 4164 Bulbeek
882 4112 1007 4174 belonged
1024 4112 1113 4162 tutha
1129 4112 1233 4162 honour
1254 4113 1284 4162 ol

171 4178 471 4238 Henamesnonames,
485 4176 589 4227 bulthe
604 4182 702 4242 oounty
751 4178 898 4228 Riohmond
915 4176 1115 4239 andBritauny.
1148 4177 1282 4228 Thisease

171 4242 196 4291 is
208 4240 369 4303 Cambridge
400 4242 701 4307 Insooageandburgaga
751 4244 1046 4305 trireme-ipsun,
1059 4244 1100 4293 57.

171 4306 250 4356 landa
267 4305 351 4356 dower
372 4307 434 4357 oie
455 4306 552 4371 moiety
567 4324 651 4359 seems
673 4314 702 4359 to
784 4308 863 4358 ’sia
897 4308 997 4369 (longer
1007 4307 1067 4357 eelz.

171 4370 455 4422 havebeenoommon.
490 4372 537 4424 See
548 4374 627 4423 (lenes
643 4376 700 4431 577,
783 4370 1206 4435 lOundla,llorthomptonshire.

171 4438 231 4495 589,
257 4436 312 4488 622.
349 4436 402 4487 But
421 4436 482 4487 here
504 4440 634 4501 notorium
656 4441 700 4489 ad·
