3342 5217
403 415 468 479 692
632 426 866 492 nrcnsnrnss,
887 426 953 479 sn.
978 414 1071 490 1224,
1093 429 1157 481 sn
1180 416 1275 481 8-9.

402 608 503 669 suum
512 601 751 669 defendendum
773 600 815 667 ed
835 610 966 667 costum
988 624 1083 666 suurn
1107 602 1282 688 proprium,
1304 610 1339 667 et
1360 603 1507 669 similiter

402 706 482 773 elibi
502 706 532 771 si
552 728 611 793 per
630 712 821 792 preceptum
843 704 938 770 Dom.
961 706 1061 793 Regis
1083 706 1201 772 debeat
1222 706 1310 772 idem
1325 707 1508 773 willelmus

403 810 450 875 ire
469 832 527 896 pro
545 808 688 895 negociis
707 808 801 874 Dom.
822 807 924 893 Regis
946 815 981 873 et
1001 808 1050 875 ito
1068 808 1155 895 quod
1175 810 1203 874 si
1223 809 1311 875 idem
1326 810 1508 875 Willelmus

403 914 487 979 uelit
506 913 673 979 remittere
694 933 771 978 eum
793 911 834 977 de
856 910 913 976 illo
934 910 1052 976 itinere
1074 911 1221 998 predicte
1249 920 1336 979 terre
1362 913 1510 979 inueniet

403 1015 510 1082 eidem
538 1015 703 1082 Willelmo
731 1022 863 1080 costum
891 1036 988 1080 snum
1018 1014 1197 1080 secundnm
1234 1016 1320 1102 quod
1355 1015 1398 1081 nd
1433 1038 1509 1081 eum

403 1118 589 1205 pertinebit,
603 1118 691 1185 unde
704 1118 793 1183 idem
806 1118 992 1185 Willelmns
1006 1116 1087 1183 dicit
1107 1117 1195 1204 quod
1215 1117 1256 1185 de
1277 1118 1427 1185 omnibus
1445 1118 1511 1183 illis

403 1223 691 1289 consuetudinibus
705 1232 741 1289 et
754 1222 900 1288 semiciis
914 1222 978 1287 fuit
992 1222 1062 1308 ipse
1076 1222 1261 1289 Willelmus
1275 1224 1405 1289 seisitus
1419 1231 1459 1287 ut
1469 1221 1510 1288 de

404 1326 475 1393 inre
489 1335 635 1412 tempore
648 1326 742 1391 Dom
758 1324 860 1411 Regis
874 1324 932 1411 qui
946 1347 1034 1390 nunc
1048 1332 1099 1391 est
1113 1333 1148 1391 et
1162 1325 1224 1391 hoc
1245 1326 1340 1391 offert
1360 1325 1509 1391 dismcio

404 1452 482 1496 nere
503 1452 696 1518 percorpus
717 1430 887 1495 cuiusdam
908 1427 1003 1495 liberi
1024 1428 1164 1495 hominis
1185 1429 1238 1494 sui
1258 1429 1429 1495 Eustachii
1452 1428 1512 1494 filii

405 1534 581 1613 Eustachii,
595 1535 653 1621 qui
667 1535 728 1600 hoc
742 1534 837 1598 offert
856 1532 1070 1599 dismcionere
1090 1554 1285 1619 percorpus
1306 1555 1402 1599 snum
1427 1534 1513 1598 sicut

405 1638 461 1705 ille
475 1639 533 1725 qni
546 1638 697 1704 interfirit
710 1638 768 1703 ubi
782 1636 871 1703 idem
884 1635 993 1702 Adsm
1008 1644 1043 1702 et
1061 1636 1209 1702 homines
1230 1637 1281 1701 sni
1302 1636 1343 1702 de
1365 1637 1514 1724 predicte

405 1748 493 1807 terre
506 1742 651 1807 fecerunt
665 1762 776 1806 omnes
789 1739 864 1804 illes
877 1737 1136 1805 consuetudines
1182 1738 1226 1803 Et
1245 1738 1326 1804 dicit
1347 1739 1434 1825 qnod
1455 1761 1513 1825 per

405 1843 466 1909 hoc
486 1843 573 1930 quod
593 1842 801 1909 deforcintei
822 1842 895 1907 illos
912 1840 1162 1907 consuetudines
1176 1839 1390 1907 deterioratos
1404 1850 1457 1907 est
1471 1840 1510 1907 ed

265 1989 269 1996 -
404 1945 582 2031 dompnum
594 1969 648 2013 nx.
662 1966 850 2010 mammem.

414 2085 418 2097 ι
469 2052 513 2117 Et
527 2050 635 2117 Adam
649 2049 742 2116 uenit
756 2055 791 2115 et
808 2046 955 2115 defendit
974 2047 1045 2113 uim
1064 2054 1100 2112 et
1119 2046 1272 2112 inimiem
1294 2055 1329 2113 et
1348 2045 1513 2133 cognoscit

404 2152 492 2239 quod
512 2159 605 2219 tenet
626 2153 698 2219 illes
719 2151 794 2237 xvij.
817 2151 926 2217 bouet
949 2157 1035 2215 terre
1057 2148 1099 2214 de
1120 2170 1159 2214 eo
1180 2171 1238 2235 pro
1262 2149 1287 2235 j.
1316 2172 1426 2215 marce
1455 2172 1513 2237 per

403 2278 526 2323 ennom
540 2277 598 2342 pro
612 2255 700 2321 omni
714 2254 850 2320 seruicio
865 2260 900 2318 et
914 2251 1081 2318 residuum
1104 2251 1208 2317 tocius
1224 2252 1353 2319 seruicii
1372 2252 1512 2339 predicti

404 2358 550 2428 defendit
563 2360 632 2447 ipse
646 2380 834 2446 percorpus
848 2356 1018 2423 cuiusdam
1032 2356 1128 2421 liberi
1138 2356 1279 2425 hominis
1289 2358 1342 2423 sui
1351 2358 1375 2423 J
1375 2357 1513 2423 ohannis

403 2462 570 2529 Anrifebri
595 2463 654 2550 qui
677 2462 739 2528 hoc
764 2462 860 2529 offert
884 2460 1058 2527 defendere
1083 2482 1141 2547 per
1165 2483 1281 2547 corpus
1305 2484 1400 2527 suum
1427 2461 1513 2527 sicut

403 2566 494 2633 curie
506 2565 757 2631 considerenerit
771 2574 831 2633 ete.
848 2574 882 2631 et
897 2565 926 2631 si
944 2565 986 2630 de
1007 2587 1046 2629 eo
1067 2565 1153 2631 mele
1172 2565 1347 2653 contigerit
1368 2573 1429 2631 etc
1455 2586 1513 2652 per

403 2670 505 2737 elium
519 2678 579 2737 etc

468 2774 513 2840 Et
534 2773 718 2841 Willelmus
737 2773 819 2839 dicit
839 2772 932 2859 quod
946 2794 1011 2838 non
1037 2772 1171 2839 uidetur
1196 2773 1228 2839 ei
1251 2772 1339 2861 quod
1360 2780 1431 2839 tem
1456 2771 1511 2839 de¹

403 2877 527 2943 recenti
540 2878 661 2945 seieine
673 2877 792 2944 debeat
806 2876 858 2943 ins
873 2900 969 2943 suum
989 2876 1162 2943 defendere
1182 2878 1261 2963 quis
1279 2877 1424 2944 nondum
1446 2886 1512 2942 tres

403 2981 482 3048 anni
496 2981 598 3067 elepsi
611 2989 689 3047 sunt
703 2990 876 3068 postquem
891 2981 970 3046 fecit
984 3003 1096 3046 omnes
1109 2980 1183 3047 illes
1202 2980 1463 3059 consuetudines,
1478 2990 1512 3047 et

404 3082 498 3149 offert
521 3084 614 3149 Dom
638 3084 724 3171 Regi
746 3108 774 3150 n
798 3106 923 3149 merces
945 3106 1004 3169 pro
1023 3083 1174 3149 habende
1194 3083 1270 3150 inde
1290 3082 1511 3170 inquisicione.

405 3185 449 3252 Et
477 3186 557 3252 dicit
585 3186 673 3273 quod
700 3196 793 3253 tenet
821 3188 863 3255 de
892 3188 985 3254 Dom
1016 3188 1108 3275 Rege
1137 3196 1241 3253 totam
1271 3196 1392 3255 terrem
1420 3188 1510 3255 illem

404 3290 567 3359 reddendo
585 3293 626 3357 xl
647 3293 703 3358 sol
724 3301 759 3357 et
777 3314 844 3357 non
862 3300 972 3379 potest
993 3291 1167 3361 semicium
1187 3314 1283 3357 suum
1298 3292 1407 3358 fecere
1416 3292 1518 3359 Dom'

405 3396 490 3484 Regi
510 3397 575 3461 nisi
596 3397 682 3462 idem
704 3397 812 3462 Adem
835 3397 868 3462 ei
891 3384 989 3463 faciet
1008 3396 1183 3463 seruicium
1203 3418 1308 3463 suum.
1353 3396 1398 3461 Et
1417 3397 1512 3462 offert

405 3509 519 3587 postea
529 3500 584 3585 xij.
595 3523 718 3567 memes
728 3524 786 3588 pro
797 3500 947 3569 habende
960 3500 1037 3567 inde
1051 3501 1165 3565 iuretn
1203 3498 1294 3565 Dicit
1308 3499 1409 3565 eciem
1426 3500 1511 3587 quod

406 3612 623 3670 antecessores
646 3605 792 3673 eiusdem
814 3604 887 3670 Ade
911 3626 1040 3691 semper
1062 3603 1222 3669 dederunt
1244 3603 1450 3669 merchetum
1472 3604 1511 3669 de

407 3708 535 3774 filiabus
548 3709 624 3788 suis,
638 3719 689 3775 set
703 3710 790 3775 idem
805 3709 913 3775 Adam
928 3708 1035 3775 adhuc
1049 3710 1173 3775 nollem
1188 3708 1289 3775 filiom
1299 3710 1425 3776 hebuit.

472 3812 517 3878 Et
530 3813 608 3899 quin
621 3812 805 3880 willelmus
818 3822 912 3880 tenet
927 3814 968 3879 de
983 3817 1076 3881 Dom.
1091 3814 1183 3901 Rege
1198 3814 1234 3879 in
1248 3814 1355 3901 cepite
1370 3824 1406 3880 et
1415 3815 1509 3881 Dom.

406 3917 480 3982 Rex
506 3916 613 3982 edhuc
641 3916 762 4003 poterit
789 3917 826 3983 in
855 3916 1040 3993 dominico²‚
1069 3916 1306 3982 consideratum
1341 3926 1392 3983 est
1425 3916 1511 4004 quod

406 4021 515 4087 inmte
532 4020 608 4086 inde
627 4020 741 4092 ueniat
761 4029 830 4085 tem
854 4042 913 4107 per
934 4020 1057 4086 milites
1080 4043 1179 4108 quem
1202 4043 1260 4107 per
1282 4021 1362 4087 elios
1385 4029 1446 4089 etc.
1469 4020 1510 4089 sd

407 4123 697 4211 recognoscendum
711 4124 740 4188 si
753 4122 841 4188 idem
856 4123 964 4189 Adam
978 4122 1098 4189 debeat
1111 4122 1183 4188 illes
1202 4124 1453 4191 consuetudines
1470 4126 1509 4191 de

408 4226 477 4293 iure
500 4227 554 4302 uel
576 4236 649 4305 non,
672 4235 708 4291 et
730 4226 759 4291 si
781 4225 869 4292 idem
894 4225 1076 4291 Willelmus
1099 4225 1162 4311 fuit
1185 4224 1220 4291 in
1243 4226 1361 4292 seisine
1382 4229 1424 4293 de
1448 4228 1510 4293 illis

440 4378 774 4475 :conserams'
861 4451 867 4461 ¹
985 4383 1015 4445 Α,
1040 4382 1071 4433 Β.
1105 4382 1176 4435 'l'risl
1195 4383 1506 4461 byjnryisstillsomc·

467 4446 549 4495 edm
561 4448 651 4496 tatere
657 4450 754 4509 potent
764 4464 793 4498 m
801 4450 933 4505 domenico,
986 4448 1056 4523 what
1066 4448 1095 4500 of
1104 4464 1121 4499 e
1131 4448 1202 4513 roysl
1213 4450 1341 4514 pumero.
