3342 5217
351 414 415 482 670
560 421 794 485 momulus,
815 410 1000 486 nrt-1232,
1022 422 1086 473 nn
1111 408 1248 477 16-17.

411 600 458 664 Et
482 598 646 663 Robertue
668 596 762 661 uenit
784 602 820 661 et
843 595 925 661 dicit
950 596 1036 682 quod
1065 596 1137 683 ipse
1165 620 1231 663 non
1255 596 1355 663 debet
1379 596 1458 662 inde

346 704 457 768 dotem
478 704 606 781 habere,
630 702 707 789 quia
728 702 800 788 ipen
820 702 902 766 aliae
922 700 1131 787 inplacitauit
1155 702 1262 788 ipsum
1285 702 1320 767 in
1342 701 1458 768 eadem

347 807 436 872 curia
454 828 513 892 per
531 806 632 872 breue
652 804 745 883 dotis,
765 805 814 870 ita
835 804 922 891 quod
943 805 1013 890 ipse
1035 806 1168 870 recessit
1190 805 1321 892 quietus
1342 828 1458 871 uersus

346 930 418 975 eam
433 931 491 995 per
504 908 796 974 consideracionem
810 907 907 984 curie,
917 915 952 971 et
966 906 1042 971 inde
1056 907 1151 992 ponit
1165 930 1200 972 se
1215 931 1311 995 mper
1325 909 1457 973 rotulos„

347 1012 391 1077 Et
400 1012 540 1077 Isnbella
549 1034 614 1077 non
625 1012 749 1098 potest¹
763 1011 920 1077 dedicere.
957 1011 1037 1076 Ideo
1052 1011 1288 1077 consideratum
1304 1012 1459 1100 estquod

346 1115 510 1182 Robertus
523 1115 600 1180 inde
615 1115 685 1180 sine
695 1115 758 1192 die,
768 1122 802 1179 et
812 1114 953 1179 Isebelle
966 1113 1003 1179 in
1017 1114 1243 1182 misericordie.
1258 1124 1457 1202 pauperent

410 1218 589 1307 'Magister
610 1219 775 1286 Walterus
797 1218 923 1283 Deuon'
946 1240 1004 1304 pro
1026 1219 1117 1306 Rege
1143 1220 1229 1306 petit
1250 1243 1364 1285 uersus
1389 1221 1456 1285 Bo-

266 1336 301 1367 ⁰¹²
345 1320 476 1387 bertum
491 1321 532 1387 do
543 1321 735 1388 Skeledune
748 1343 812 1407 quo
823 1328 967 1385 warento
982 1328 1075 1386 tenet
1089 1322 1166 1387 dim.
1182 1322 1355 1410 ferlingum
1371 1330 1458 1389 terre

346 1448 421 1491 cum
435 1432 516 1513 pert
532 1425 568 1490 in
583 1425 772 1503 Skileduna,
786 1424 844 1511 qui
860 1424 924 1489 fuit
943 1424 1100 1491 seriancia
1115 1425 1210 1491 Dom.
1225 1425 1334 1513 Regis,
1349 1433 1384 1491 et
1398 1427 1456 1512 qui

346 1537 397 1595 est
411 1537 540 1595 escaete
553 1529 645 1594 Dom
662 1528 762 1615 Regis
776 1550 836 1614 per
852 1528 1004 1593 seloniam
1020 1547 1118 1614 quem
1133 1529 1281 1616 Rogerus
1295 1528 1458 1594 Aurebel⁸

346 1632 424 1697 fecit
447 1640 481 1697 et
504 1631 562 1718 qui
585 1639 705 1697 terrem
729 1630 820 1695 illam
846 1630 956 1695 tenuit
982 1652 1041 1717 per
1069 1631 1259 1697 seriencinm
1288 1631 1329 1697 de
1359 1632 1456 1697 Dom.

345 1736 437 1823 Rege
451 1744 512 1803 etc.

410 1839 456 1903 Et
477 1838 639 1903 Robertus
661 1837 756 1902 uenit
777 1845 813 1902 et
837 1835 917 1903 dicit
944 1835 1031 1923 quod
1054 1844 1141 1902 terra
1165 1836 1223 1903 illa
1247 1859 1312 1902 non
1337 1844 1388 1902 est
1413 1837 1456 1903 de

345 1938 501 2004 nerinncie
529 1939 594 2017 illa,
624 1946 659 2003 et
687 1938 769 2004 dicit
798 1936 885 2023 quod
914 1938 1080 2024 predictus
1111 1938 1258 2025 Rogerus
1287 1960 1456 2024 nunquam

346 2041 456 2108 tenuit
476 2050 596 2108 terrem
618 2041 708 2105 illam
730 2047 781 2105 set
802 2047 897 2127 peter
916 2061 995 2105 suus
1014 2041 1078 2106 scil.
1095 2040 1206 2106 Dauid
1223 2041 1264 2106 de
1279 2040 1457 2107 Sciledunn

346 2153 491 2231 tempore
506 2167 570 2231 quo
585 2144 673 2209 idem
687 2143 834 2233 Rogeme
845 2142 924 2207 fecit
938 2142 1090 2207 feloniem
1104 2143 1195 2209 illam
1210 2143 1319 2209 tenuit
1334 2151 1456 2209 terram

345 2248 436 2314 illam
450 2248 486 2313 in
500 2246 661 2314 dominico
675 2268 734 2313 suo
748 2254 784 2311 et
798 2246 901 2312 eciam
918 2254 993 2332 post
1012 2256 1143 2333 tempus
1162 2246 1245 2312 illud
1264 2268 1322 2333 per
1339 2246 1454 2312 decem

345 2373 454 2429 annos,
469 2351 535 2417 scil.
549 2358 722 2438 postquam
736 2350 824 2416 idem
840 2350 987 2436 Rogems
1002 2349 1079 2414 fecit
1098 2349 1278 2435 predictam
1293 2350 1456 2428 feloninm,

346 2464 381 2520 et
401 2464 496 2541 pater
516 2477 595 2519 suus
617 2455 700 2520 obiit
722 2454 798 2519 inde
818 2454 949 2519 seisitus
969 2463 1009 2520 ut
1028 2452 1177 2519 defeodo
1192 2462 1226 2519 et
1241 2454 1320 2533 iure,
1335 2455 1454 2541 etipse

345 2558 498 2623 succeseit
519 2557 606 2644 patri
627 2580 686 2623 suo
707 2566 747 2623 ut
768 2558 856 2623 filius
878 2565 913 2624 et
934 2559 1036 2634 heren,
1055 2565 1090 2622 et
1111 2580 1198 2623 nunc
1222 2564 1341 2623 terrem
1363 2558 1454 2623 illam

346 2669 438 2727 tenet
458 2662 543 2727 sicut
562 2662 653 2727 illam
668 2683 732 2749 que
746 2662 778 2727 ei
793 2661 962 2728 descendit
976 2660 1017 2727 do
1031 2668 1124 2747 petre
1139 2682 1206 2739 suo,
1221 2668 1256 2726 et
1270 2660 1345 2727 inde
1361 2660 1455 2747 ponit

345 2786 381 2829 ee
395 2786 493 2850 super
506 2763 655 2850 patriam

412 2868 456 2933 Et
480 2868 639 2955 Magister
659 2867 825 2932 Wolterus
850 2866 931 2933 dicit
955 2867 1041 2953 quod
1064 2874 1152 2932 terre
1173 2866 1230 2932 illo
1248 2864 1392 2953 pertinet
1411 2864 1455 2931 ad

346 2969 536 3037 serienciem
550 2969 650 3048 illem,
662 2976 697 3034 et
711 2977 762 3034 est
776 2969 817 3034 de
832 2968 989 3034 semuncia
1003 2968 1067 3047 ille,
1078 2975 1113 3033 et
1127 2968 1292 3054 predictus
1307 2967 1456 3053 Rogems

345 3071 422 3138 inde
442 3072 507 3138 fuit
526 3072 657 3137 seisitus
677 3080 728 3137 set
741 3070 936 3157 postquem⁴
949 3070 1100 3136 feloniem
1115 3070 1205 3136 illem
1221 3071 1307 3149 fecit,
1321 3079 1356 3136 et
1370 3070 1455 3135 bene

292 3169 296 3179 ’
345 3175 494 3243 defendit
522 3176 610 3263 quod
638 3175 804 3262 predictus
832 3174 942 3241 Dauid
971 3182 1066 3262 pater
1094 3174 1195 3261 ipsius
1224 3174 1360 3240 Roberti
1387 3196 1455 3239 non

346 3279 456 3343 tenuit
471 3278 696 3343 terramillam
710 3300 855 3363 unquam
870 3285 1042 3363 postquam
1060 3274 1147 3341 idem
1162 3277 1309 3363 Rogerus
1322 3286 1458 3363 propter

271 3392 274 3395 ’
346 3381 498 3447 feloniam
513 3382 604 3448 illem
617 3382 837 3468 interrogatus
852 3381 916 3446 fuit
930 3380 972 3445 ad
987 3380 1209 3466 utlagnndum.
1425 3464 1427 3467 Ι

410 3483 590 3549 'Henricus
612 3485 643 3549 le
666 3484 809 3549 Gredere
831 3484 932 3549 esson'
955 3482 1110 3549 Isebelle⁸
1131 3481 1249 3547 Pucele
1273 3482 1394 3569 optulit
1418 3506 1455 3549 se

345 3690 386 3756 de
400 3692 522 3778 placito
531 3692 555 3777 j.
567 3691 673 3756 croffti
687 3714 761 3756 cum
776 3699 857 3778 pert
867 3691 902 3756 in
913 3691 1046 3770 Diuieie,
1054 3690 1141 3777 quod
1152 3688 1215 3776 ipsi
1228 3690 1455 3755 clameuerunt

345 3818 460 3862 uersus
474 3794 610 3860 eandem
625 3795 799 3861 Isebellem
812 3804 853 3860 ut
867 3795 919 3860 ius
937 3794 1040 3883 ipsius
1057 3795 1197 3861 Juliune.
1242 3793 1286 3859 Et
1300 3794 1458 3861 Werinue

345 3898 439 3965 uenit
458 3907 519 3964 etc.
534 3906 569 3963 et
588 3897 723 3963 Juliane
743 3921 808 3963 non
829 3898 931 3977 uenit,
947 3907 998 3964 oet
1019 3898 1107 3965 idem
1124 3897 1278 3964 Werinus
1298 3898 1453 3985 produxit

345 4004 413 4068 loco
426 4000 530 4088 ipsius
543 4001 567 4067 J
567 4000 675 4065 uliene
690 4002 854 4087 quendem
869 4022 932 4087 que
947 4023 1013 4066 non
1030 4001 1094 4066 fuit
1113 4022 1194 4066 uxor
1208 3990 1274 4065 ene
1320 3999 1364 4065 Et
1378 3998 1454 4065 ideo

345 4102 582 4169 consideratum
604 4110 655 4167 est
676 4101 763 4189 quod
785 4094 963 4168 eesonietor
983 4102 1060 4168 inde
1082 4103 1151 4169 sine
1171 4101 1234 4182 die,
1249 4110 1285 4167 et
1298 4101 1458 4167 Wurinun

378 4240 388 4273 ¹
405 4238 505 4302 Supply
515 4240 568 4301 hoc,
581 4239 611 4290 B.
955 4240 966 4272 ⁸
982 4240 1013 4289 B.
1024 4253 1060 4292 m.
1074 4240 1097 4293 5.

377 4303 605 4428 :diri‘rid'atet
616 4369 648 4419 n.
922 4305 1055 4427 titii?
1074 4306 1213 4356 aarum
1228 4306 1352 4365 1Μὲ
1373 4308 1453 4359 ‘⁸⁸⁰⁸'

377 4433 389 4466 ⁴
405 4435 446 4482 die
458 4448 507 4495 quo
518 4438 565 4483 not
575 4443 612 4483 eet
619 4443 759 4497 postquem,
772 4436 802 4487 Β.
