3342 5217
455 394 690 459 manimius,
710 393 776 450 nn,
801 380 894 457 1224,
916 394 979 446 aa
1002 380 1096 445 8—9.
1264 376 1326 447 711

214 566 287 654 ipsa
300 589 366 633 non
380 567 477 633 uenit
489 574 550 633 etc.
565 574 601 631 et
620 564 695 631 ideo
717 573 805 631 terra
823 564 973 652 capiatur
994 564 1031 631 in
1050 584 1184 631 manum
1203 562 1327 630 domini

214 671 316 759 Regis
329 680 365 736 et
377 670 450 757 ipsa
461 676 709 735 summoneatur
718 667 806 754 qnod
815 667 861 733 sit
871 667 931 734 tali
942 666 995 733 die
1006 666 1160 733 auditura
1168 666 1326 733 iudicium

213 795 311 839 suum
325 780 387 839 etc.

155 928 166 947 .
278 875 407 942 ¹Assisa
425 875 522 941 uenit
542 874 749 964 recognitum
772 874 846 961 quis
870 872 1050 940 aduncatus
1071 881 1217 961 tempore
1238 866 1326 961 pacis
1379 914 1383 921 -
1437 898 1443 913 ·

213 980 418 1066 presentauit
439 980 593 1047 nltimam
611 1002 784 1067 pernoram
802 1002 867 1067 que
887 987 1018 1045 mortua
1035 986 1087 1045 est
1101 978 1144 1043 sd
1157 978 1325 1044 ecclesiam

213 1082 255 1149 de
285 1082 490 1149 Ohelewrthe
519 1104 584 1168 que
612 1090 711 1148 uacat
738 1091 779 1148 ut
807 1082 929 1147 dicitur
956 1081 1049 1147 cuins
1077 1081 1325 1147 aduocaoionem

213 1187 379 1254 Walterus
392 1187 434 1254 de
448 1186 622 1253 Utewrthe
635 1188 756 1252 clamat
770 1210 884 1253 uersus
898 1186 1042 1251 Priorem
1056 1183 1097 1252 de
1110 1186 1143 1251 N
1145 1208 1207 1251 ouo
1217 1184 1325 1257 Looo'.

213 1290 281 1370 Qui
309 1289 403 1355 uenit
431 1311 490 1375 per
513 1297 716 1355 attornatum
741 1310 839 1356 suum
863 1296 898 1354 et
920 1288 1001 1355 dicit
1026 1287 1113 1375 quod
1137 1288 1238 1353 mica
1259 1310 1324 1352 non

213 1394 313 1459 debet
326 1394 402 1460 inde
415 1394 487 1459 fieri
501 1393 581 1481 quia
593 1393 730 1461 ecclesia
743 1394 802 1459 illa
814 1415 881 1459 nou
895 1399 992 1459 uacat
1011 1392 1112 1457 immo
1131 1391 1219 1457 idem
1234 1390 1326 1456 Prior

213 1505 265 1564 est
287 1498 363 1564 inde
386 1522 525 1585 persona
546 1508 582 1563 et
601 1498 667 1563 fuit
685 1522 737 1564 xx.
753 1498 848 1563 annis
868 1496 1049 1574 transactis,
1063 1504 1098 1561 et
1112 1494 1188 1561 inde
1202 1495 1325 1581 profert

213 1611 337 1667 cartam
351 1604 460 1690 Helye
473 1604 516 1669 de
530 1603 703 1670 Utewrthe
717 1603 821 1690 patris
833 1602 937 1689 ipsius
951 1600 1091 1667 Walteri
1104 1623 1168 1689 que
1183 1608 1327 1665 testatur

213 1703 301 1790 quod
321 1704 408 1772 idem
430 1705 555 1792 Helyas
576 1704 717 1791 prodeo
737 1704 895 1771 concessit
917 1702 1024 1769 dedit'
1045 1703 1106 1769 deo
1131 1710 1166 1767 et
1192 1702 1324 1768 ecclesie

213 1808 250 1873 B.
266 1808 390 1875 'l'home
410 1808 556 1875 Martiris
575 1809 616 1876 de
635 1808 817 1896 Aldebyria
839 1816 874 1875 et
898 1807 1059 1874 canonicis
1082 1815 1141 1875 etc
1157 1806 1324 1873 ecclesiam

214 1912 247 1979 E
262 1910 409 1978 Marthe‘
422 1913 459 1977 in
473 1921 666 2001 perpetuam
677 1920 712 1979 et
722 1912 858 1978 liberum
869 1911 1078 1978 elemosinam
1089 1933 1164 1977 cum
1175 1910 1325 1977 omnibus

213 2016 429 2103 pertinenciis
474 2017 602 2084 Profert
613 2016 719 2083 eciam
733 2026 857 2083 cartam
872 2016 1040 2083 Godefridi
1054 2015 1217 2103 quondam
1231 2014 1324 2081 Win-

212 2119 369 2186 toniensis
391 2120 559 2206 Episcopi‘
580 2142 645 2207 qne
665 2128 810 2187 testatur
830 2119 918 2208 quod
941 2119 984 2185 ad
1004 2117 1201 2205 peticionem
1224 2124 1259 2183 et
1281 2106 1324 2183 ad

212 2224 490 2311 prssentacionem
504 2225 586 2310 Elye
599 2225 642 2291 de
662 2225 834 2291 Utewrthe
855 2222 1012 2291 concessit
1032 2231 1069 2288 et
1082 2221 1174 2288 dedit
1188 2230 1248 2288 etc
1263 2220 1325 2287 deo

213 2337 248 2394 et
262 2328 395 2394 ecclesie
415 2328 447 2394 S.
463 2329 587 2394 Thome
607 2327 753 2393 Martiris
771 2326 813 2393 de
832 2326 1003 2394 Aldebiria
1025 2333 1060 2391 et
1083 2324 1244 2391 canonicis
1263 2330 1324 2395 etc.

214 2432 380 2498 ecclesiam
404 2433 446 2504 de
471 2434 504 2500 S.
532 2434 665 2499 Martha
687 2454 766 2499 cum
790 2432 943 2497 omnibus
967 2438 1049 2518 pert.
1073 2430 1109 2496 in
1134 2429 1269 2495 liberam
1291 2436 1326 2493 et

215 2544 409 2623 perpetuam
438 2537 650 2605 elemosinam
682 2535 911 2623 possidendam
947 2542 982 2601 et
1011 2535 1045 2601 in
1076 2556 1153 2601 usus
1181 2531 1326 2619 proprios

215 2639 467 2705 conuertendam
502 2647 564 2706 eto.
607 2640 706 2705 Unde
741 2638 830 2704 idem
866 2638 957 2703 Prior
985 2637 1067 2705 dicit
1096 2636 1183 2724 quod
1212 2657 1327 2701 reuera

214 2740 312 2829 Elyas
332 2742 536 2829 presentauit
558 2741 722 2828 quendam
744 2740 926 2806 Gerardum
948 2739 1102 2805 clericum
1128 2738 1187 2825 qui
1208 2737 1326 2802 ultimo

214 2847 296 2913 obiit
310 2846 451 2912 nicatius
464 2846 500 2911 in
514 2846 629 2911 eadem
644 2844 786 2921 ecclesia,
793 2851 848 2909 set
858 2850 933 2931 post
943 2842 1034 2907 illam
1048 2840 1325 2927 presentacionem

214 2950 306 3017 dedit
326 2950 415 3017 idem
437 2951 535 3037 Elyas
557 2950 694 3016 eandem
716 2948 885 3016 ecclesiam
911 2946 1017 3011 eidem
1043 2944 1146 3009 Priori
1170 2966 1230 3031 per
1253 2964 1324 3030 pre·

214 3054 336 3120 dictam
355 3063 479 3120 cartam
498 3055 549 3121 ita
565 3054 653 3142 quod
671 3053 760 3121 idem
784 3050 947 3118 Gerardus
967 3048 1071 3115 redd’⁶
1084 3049 1116 3115 ei
1130 3070 1324 3137 perannum

215 3158 347 3223 nomine
368 3157 533 3244 pensionis
548 3158 574 3244 j.
596 3180 749 3236 marcam,
772 3164 808 3222 et
828 3156 903 3221 ideo
923 3177 990 3221 non
1011 3154 1112 3220 debet
1131 3153 1232 3220 assisa
1252 3174 1323 3239 pro·

214 3261 335 3329 cedere.

277 3367 325 3433 Et
346 3366 512 3433 Walterus
537 3366 684 3432 defendit
706 3373 831 3432 cartam
854 3364 957 3451 patris
982 3362 1035 3428 sui
1060 3370 1095 3427 ct
1120 3361 1208 3449 quod
1236 3359 1324 3426 idem

213 3470 305 3537 Prior
337 3470 461 3535 nullam
495 3470 648 3536 seisinam
681 3492 741 3557 per
773 3480 897 3535 cartam
931 3468 1022 3533 illam
1051 3465 1168 3533 habuit
1196 3464 1238 3531 de
1252 3464 1326 3535 illa

213 3574 356 3652 eeclesia,
364 3582 415 3639 set
426 3574 525 3661 Elyas
534 3582 630 3660 pater
639 3596 718 3639 suus
731 3570 936 3660 presentauit
949 3568 1131 3657 predictum
1143 3569 1323 3635 Gerardum

214 3686 249 3744 at
261 3678 304 3745 de
317 3678 389 3744 eius
402 3686 507 3744 morte
519 3679 606 3765 petit
620 3677 761 3744 masam.
805 3676 858 3741 De
872 3683 962 3741 carta
976 3672 1128 3760 Episcopi
1141 3671 1222 3738 dicit
1237 3672 1323 3759 quod

213 3805 279 3848 non
293 3782 392 3848 debet
406 3782 438 3847 ei
451 3804 566 3849 nocere
580 3781 659 3869 quia
672 3782 851 3868 Episcopus
865 3779 975 3867 potuit
989 3779 1092 3844 facere
1107 3776 1194 3863 quod
1207 3776 1320 3843 uoluit

214 3887 260 3953 Et
273 3909 371 3973 super
385 3887 445 3952 hoc
459 3887 554 3953 uenit
568 3885 662 3953 Dom
677 3884 914 3951 wintoniensis
934 3882 1113 3969 Episcopus
1132 3887 1167 3946 et
1181 3888 1323 3947 testatus

214 3990 377 4078 estquod
401 3991 537 4057 ecclesia
560 3990 619 4057 illa
646 4012 712 4057 non
740 3996 838 4056 uacat
867 3995 902 4054 et
930 3986 1018 4073 quod
1047 3983 1210 4052 Gerardus
1239 3984 1322 4052 obiit

777 4135 1321 4223 'uunuspannorssnrsnstose

794 4226 840 4277 tha
851 4225 901 4277 site
912 4225 941 4275 of
953 4222 1061 4274 Newark
1071 4221 1169 4285 Priory.
1206 4220 1319 4274 uonna.

393 4243 422 4278 m
511 4244 538 4293 y.

247 4293 566 4410 :ffimtneni'd‘i‘i'oii
592 4358 743 4411 amman.
794 4290 1057 4419 ⁷⁰i'dol'rrii3iusy,
1070 4350 1239 4405 uss-moa

216 4424 273 4475 The
288 4423 404 4488 Aldbary
419 4423 481 4475 hers
496 4424 645 4476 mentioned
661 4436 744 4475 seems
827 4422 838 4456 ⁸
854 4422 946 4481 reddit,
957 4418 987 4470 A.
