3342 5217
365 461 427 526 196
666 456 803 518 rnsrns,
825 454 890 503 an.
914 435 1007 510 1227,
1029 447 1093 496 aa
1117 433 1167 493 11.

366 644 491 712 essonia
507 635 684 706 secundum
705 623 973 694 consuetudinem
993 627 1028 683 et
1049 617 1155 702 legem
1175 622 1262 677 terre
1282 612 1370 675 facta
1389 609 1477 672 sicut

366 748 494 838 plenius
504 742 690 810 continetur
700 736 735 799 in
746 729 876 798 recordo
886 725 980 792 uenit
994 721 1180 786 Willelmus
1190 717 1279 781 filius
1293 712 1428 779 Ricardi
1442 721 1478 777 et

367 853 465 942 petiit
479 869 592 914 uersus
607 839 789 930 predictum
805 832 986 898 Robertum
1000 827 1041 891 la
1057 845 1147 889 acras
1166 830 1253 885 terre
1275 841 1351 883 cum
1373 816 1478 903 perti-

368 953 491 1021 nenciis
505 951 539 1015 in
555 944 738 1032 Wymbisse
753 946 792 1003 nt
806 937 858 1001 ins
873 942 932 998 etc.
947 931 988 996 de
1004 928 1123 1015 quibus
1144 924 1309 988 Robertm
1330 942 1479 985 auuncu-

369 1060 421 1123 lus
435 1077 513 1122 suus
527 1051 591 1117 fuit
606 1045 736 1113 saisitus
751 1042 786 1105 in
801 1033 962 1103 dominico
982 1039 1040 1095 etc
1064 1037 1211 1112 tempore
1233 1025 1275 1088 Η.
1298 1021 1401 1108 Regis
1422 1018 1481 1084 aui

369 1155 493 1224 domini
508 1151 609 1238 Regis
623 1146 753 1233 capiens
767 1140 844 1205 inde
859 1144 919 1201 etc
940 1142 979 1198 ut
999 1132 1036 1195 in
1054 1128 1160 1194 bladis
1182 1135 1218 1190 et
1239 1125 1313 1189 aliis
1334 1121 1480 1187 exitibus

369 1262 412 1328 ad
433 1255 613 1324 nalenciam
635 1275 664 1314 a
688 1247 741 1312 sol.
766 1252 801 1308 et
826 1237 966 1325 amplius
991 1243 1138 1317 tempore
1166 1228 1256 1315 pacis
1285 1236 1321 1290 et
1349 1225 1392 1289 de
1422 1224 1481 1289 illo

370 1365 513 1432 Roberto
533 1355 648 1424 debuit
670 1353 722 1416 ius
742 1345 825 1413 illud
844 1340 1038 1408 descendere
1060 1334 1199 1400 Ricardo
1219 1333 1305 1397 sicut
1327 1328 1423 1394 fratri
1444 1337 1482 1392 et

371 1467 485 1536 heredi
507 1461 661 1551 proximo,
684 1455 760 1543 quia
781 1450 822 1515 de
844 1449 915 1533 ipso
936 1444 1065 1509 nullum
1078 1439 1196 1505 habuit
1211 1436 1374 1510 heredem,
1388 1443 1424 1499 et
1438 1433 1482 1497 de

372 1572 485 1637 eodem
495 1562 633 1632 Ricardo
644 1556 760 1625 debuit
769 1553 821 1618 ius
833 1549 915 1616 illud
933 1547 938 1634 Ι
957 1543 1151 1611 descendere
1159 1539 1305 1627 predicto
1314 1538 1483 1602 Willelmo

374 1686 542 1760 tamquam
557 1669 625 1733 filio
640 1673 674 1729 et
688 1659 834 1748 proximo
849 1652 961 1719 heredi
976 1649 1122 1715 eiusdem
1141 1645 1283 1722 Ricardi,
1303 1653 1339 1708 et
1358 1642 1401 1707 ad
1420 1642 1487 1706 hoc

372 1775 523 1867 producit
537 1778 659 1837 sectam
675 1762 898 1830 sufficientem
942 1755 987 1819 Et
1002 1752 1164 1817 Robertus
1179 1749 1272 1814 uenit
1287 1755 1322 1812 et
1333 1745 1485 1810 defendit
1561 1753 1568 1770 ·

372 1883 426 1948 ius
448 1877 550 1966 ipsius
571 1866 743 1937 Willelmi¹
765 1873 800 1929 et
822 1860 903 1926 dicit
925 1857 1011 1945 quod
1032 1877 1098 1919 non
1119 1853 1219 1917 debet
1241 1851 1272 1915 ei
1287 1849 1484 1936 respondere

373 1984 451 2073 quia
479 1980 579 2045 habet
608 1976 741 2038 fratrem
771 1961 1025 2052 primogenitum
1060 1956 1184 2022 scilicet
1213 1953 1417 2017 Willelmum
1452 1952 1485 2016 le

373 2087 487 2156 Neuu¹
502 2084 559 2172 qui
574 2080 679 2146 maius
693 2077 744 2140 ius
759 2070 858 2136 debet
872 2067 991 2132 habere
1005 2063 1040 2126 in
1059 2066 1246 2126 tenemento
1269 2056 1334 2132 illo,
1352 2056 1381 2120 si
1400 2055 1487 2119 alter

374 2213 484 2258 eorum
522 2181 646 2271 aliquid
682 2176 762 2243 iuris
794 2172 929 2237 haberet
958 2167 993 2230 in
1022 2162 1167 2250 predicto
1196 2168 1393 2224 tenemento.
1439 2157 1486 2220 Et

374 2295 558 2363 Willetmus
572 2287 652 2354 dicit
667 2280 753 2370 quod
767 2275 932 2364 predictus
946 2269 1130 2334 willelmus
1145 2285 1242 2350 quem
1257 2262 1339 2326 dicit
1349 2262 1486 2326 fratrem

376 2398 488 2467 suum'
503 2418 568 2461 non
583 2391 646 2457 fuit
660 2394 758 2452 natus
772 2383 813 2446 de
829 2378 976 2465 legitimo
990 2369 1196 2438 matrimonio
1211 2377 1263 2432 set
1282 2367 1324 2432 de
1344 2366 1487 2453 quadam

377 2496 604 2573 fornicatoria⁴,
620 2491 706 2558 unde
726 2484 856 2574 publice
871 2478 1039 2546 conuictus
1060 2474 1125 2539 fuit
1146 2479 1219 2557 post
1241 2469 1488 2534 matrimonium

377 2613 577 2674 contractum
611 2599 698 2664 inter
733 2593 841 2678 ipsum
878 2582 1056 2650 Ricardum
1093 2587 1127 2643 et
1164 2585 1304 2640 matrem
1341 2573 1489 2638 eiusdem

377 2707 535 2778 Willelmi
552 2704 613 2770 filii
636 2696 775 2772 Ricardi,
795 2701 830 2758 et
850 2690 891 2754 de
911 2688 972 2752 hoc
993 2682 1086 2770 ponit
1106 2704 1141 2746 se
1160 2702 1259 2765 super
1281 2678 1430 2765 patriam,
1452 2685 1489 2741 et

378 2815 465 2904 quod
479 2812 566 2877 idem
582 2803 765 2871 Willelmus
779 2799 830 2863 ius
851 2794 971 2859 haheat
990 2790 1026 2854 in
1046 2786 1194 2874 predicta
1212 2794 1300 2849 terra
1319 2791 1489 2868 tamquam

379 2919 466 2985 filius
490 2923 524 2980 et
548 2913 641 2977 heres
665 2904 831 2994 proximus
854 2903 999 2983 apparet,
1023 2890 1101 2978 quia
1123 2888 1255 2954 saisitus
1278 2895 1329 2951 est
1352 2885 1393 2950 de
1417 2893 1492 2949 tota

381 3033 468 3089 terra
490 3019 531 3084 de
554 3039 620 3104 qua
643 3009 800 3077 Ricardus
823 3013 918 3091 pater
940 3021 1018 3064 suus
1042 2995 1124 3060 obiit
1149 2991 1289 3066 saisitus,
1312 2988 1361 3053 ita
1385 2989 1491 3054 eciam

382 3125 467 3215 quod
497 3121 577 3188 tulit
602 3115 764 3205 quandam
794 3108 926 3174 assisam
956 3103 996 3167 de
1026 3107 1130 3164 morte
1153 3093 1362 3161 antecessoris
1384 3115 1494 3158 coram

382 3226 567 3296 iusticiariis
581 3217 810 3288 itinerantibus
825 3210 947 3277 scilicet
962 3204 1107 3272 Galfrido
1121 3202 1162 3267 de
1177 3198 1340 3264 Boclondo
1352 3205 1386 3262 et
1397 3196 1496 3262 sociis

383 3334 450 3400 suis
475 3331 511 3396 in
536 3326 694 3394 comitatu
721 3317 862 3393 Essexie,
889 3331 1071 3400 perquam
1097 3302 1302 3390 recuperauit
1328 3300 1497 3387 quandam

384 3447 503 3503 terram
518 3452 631 3497 uersus
645 3421 807 3513 quendam
823 3415 1000 3482 Ricardum
1014 3411 1055 3476 de
1076 3408 1202 3493 Codray
1217 3413 1386 3490 tamquam
1403 3403 1499 3470 filius

385 3549 420 3606 et
434 3531 644 3626 propinquior
658 3529 751 3592 heres
765 3519 905 3610 predicti
919 3513 1050 3583 Ricardi
1064 3511 1167 3598 patris
1181 3507 1240 3584 sui,
1255 3507 1314 3572 ubi
1328 3505 1500 3591 predictus

385 3644 548 3710 Robertus
563 3636 593 3702 ei
609 3631 727 3698 obiecit
742 3625 828 3714 quod
844 3645 908 3688 non
922 3616 1037 3684 debuit
1049 3615 1080 3680 ei
1090 3609 1277 3698 responderi
1288 3607 1366 3694 quia
1376 3606 1502 3674 habuit

386 3749 518 3814 fratrem
533 3734 795 3828 primogenitum,
808 3726 890 3793 ⁶scil.
906 3721 1109 3788 Willelmum
1124 3719 1155 3782 le
1174 3717 1209 3781 N
1210 3739 1274 3781 ouu
1280 3715 1300 3791 ⁶,
1315 3721 1349 3778 et
1368 3712 1503 3778 Willel-

386 3873 459 3916 mus
487 3847 574 3911 filius
599 3836 729 3906 Ricardi
758 3843 837 3898 tunc
866 3826 975 3915 posuit
1004 3847 1038 3888 se
1067 3823 1100 3887 in
1131 3820 1273 3884 iuratam
1301 3816 1391 3880 illam
1421 3816 1505 3901 quis
1641 3834 1642 3843 κ

385 3949 594 4042 propinquior
608 3946 700 4010 heres
714 3939 778 4005 fuit
792 3932 924 4001 Ricardi
937 3928 1040 4017 patris
1054 3926 1113 4005 sui,
1125 3933 1160 3989 et
1171 3924 1328 3988 iuratores
1339 3919 1504 3986 dixenmt

387 4056 473 4145 quod
488 4055 518 4119 le
534 4048 648 4116 Neuu⁰
662 4044 794 4133 genitus
809 4047 879 4105 erat
893 4037 930 4101 in
944 4029 1150 4107 fornicator'²,
1166 4037 1200 4093 et
1212 4026 1298 4114 quod
1309 4024 1508 4092 Willelmus

386 4160 474 4226 filius
488 4152 619 4222 Ricardi
632 4143 843 4237 propinquior
856 4141 950 4205 heres
964 4136 1029 4201 fuit
1042 4133 1146 4221 patris
1160 4131 1212 4196 sui
1223 4129 1315 4195 etsie
1327 4149 1508 4213 recupera-

421 4305 430 4337 ¹
448 4303 559 4364 defendit
570 4301 611 4347 tus
621 4309 700 4354 mum,
713 4291 750 4340 Bt
998 4281 1037 4314 Η
1054 4279 1112 4329 Om.
1124 4277 1156 4326 B.

420 4365 633 4422 ²0m.teNeuu‚
647 4361 678 4409 Β.
1000 4342 1195 4400 Meuanas
1230 4339 1249 4403 ).
1345 4355 1353 4368 ·

422 4433 507 4482 ¹0m.
520 4445 591 4494 quem
601 4429 665 4476 dicit
672 4425 781 4486 fratrem
795 4432 874 4475 mum,
885 4415 916 4464 Β.
1000 4411 1011 4444 ⁷
1023 4411 1204 4473 fornicatione,
1240 4441 1247 4452 .

422 4501 433 4534 ⁴
448 4505 485 4548 ret
497 4500 525 4546 tn
537 4491 709 4552 minante-92¹0,
721 4488 743 4536 Β
756 4485 795 4551 (t).
