3342 5217
468 310 606 372 mma,
628 308 692 359 no.
718 261 811 370 12'31,
833 310 896 359 nn.
921 299 968 358 15.
1209 301 1284 361 435-

234 490 279 555 Et
292 490 315 555 J
316 489 460 555 ohannes
474 466 567 553 uenit
582 495 616 551 et
630 485 793 573 cognoscit
808 494 931 549 cartam
946 490 1104 549 ettotam
1123 494 1173 549 set
1193 486 1273 550 dicit

170 593 255 679 quod
281 592 380 658 nichil
407 591 508 657 habet
536 590 623 655 unde
653 588 755 675 possit
780 587 989 652 warantizars
1018 588 1071 652 uel
1102 587 1273 653 defendere

169 716 180 756 1
219 715 285 757 um.

182 715 219 779 ps
234 690 352 861 Posiea
366 794 459 859 uenit
473 794 496 859 J
497 792 639 857 ohannes
654 798 690 856 et
704 789 882 877 wayuiauit
896 788 1029 855 feodum
1042 808 1139 854 suum
1149 789 1166 853 ¹.
1294 738 1298 782 Ι

234 897 315 963 Dies
330 897 426 962 datus
446 905 496 961 est
516 896 562 961 eis
584 895 655 960 sine
677 894 801 959 essonio
822 894 873 959 ita
892 893 979 979 quod
1000 893 1088 959 idem
1108 894 1275 959 Johannes

170 1002 384 1067 sufficientem
406 1010 486 1066 ωηο
508 999 656 1065 inueniat
677 998 888 1063 securitatem
909 997 951 1063 de
974 997 1170 1083 aquietando
1195 1019 1275 1061 eun·

170 1105 245 1168 dem
271 1103 473 1169 Wiileimum
503 1116 616 1169 u'ersus
642 1101 796 1187 capitales
825 1102 972 1167 dominos
997 1111 1033 1167 at
1060 1102 1101 1167 de
1131 1103 1276 1168 faciendo

171 1208 276 1274 eidem
292 1209 476 1273 Willelmo'
490 1208 531 1273 da
551 1208 610 1272 hoc
631 1206 718 1293 quod
739 1206 850 1271 amisit
872 1228 930 1293 per
950 1206 1105 1271 defaltum
1126 1230 1228 1283 suam,
1242 1215 1278 1271 et
1306 1294 1310 1303 .

171 1313 199 1377 si
221 1320 301 1377 tunc
322 1336 389 1377 ηοη
410 1313 511 1398 possit
533 1313 565 1377 ai
586 1312 662 1377 inde
684 1313 869 1377 satisfacere
891 1320 971 1376 tunc
985 1312 1126 1398 wayuiet
1146 1313 1276 1377 feodum

171 1416 254 1482 illud
269 1427 303 1481 et
318 1416 502 1481 Willeimus
518 1424 652 1479 extunc
672 1414 706 1479 iu
726 1422 804 1479 anre
825 1414 871 1479 sit
890 1414 1063 1479 intendens
1085 1415 1278 1501 capitalibus

172 1518 338 1585 dominis³.

1329 800 1394 852 [itu]

1334 866 1395 905 Nota

113 1676 120 1688 .
238 1625 432 1709 Preceptum
460 1623 525 1689 fuit
553 1622 737 1689 uicccomiti
767 1623 854 1709 quod
882 1623 994 1688 uenire
1024 1624 1143 1690 faceret
1172 1646 1278 1690 coram
1356 1646 1371 1674 ¹²

172 1728 360 1793 iusticiamis
388 1728 553 1815 Rogemm
583 1728 688 1793 filium
719 1728 851 1793 Osberti
881 1728 1059 1794 Radulfum
1087 1728 1129 1793 de
1159 1730 1295 1813 Muncy.

172 1831 353 1899 Robertum
369 1830 409 1895 de
426 1831 586 1896 Coleuilla
602 1840 637 1896 et
657 1830 851 1895 Michaelem
873 1830 914 1895 de
937 1831 1067 1895 Baucnt
1088 1831 1281 1896 iusticiarios

172 1933 368 1999 constitutos
393 1933 435 1997 ad
459 1933 591 1997 assisam
614 1934 727 1998 mortis
748 1934 959 1999 antecessoris
983 1933 1174 2019 capiendam
1194 1934 1282 2000 inter

173 2038 344 2105 Oliuerum
368 2036 409 2102 de
431 2036 589 2102 Gladefen
611 2045 779 2123 petentem
801 2045 837 2101 ot
851 2038 1053 2103 Willelmum
1075 2038 1218 2103 Priorem
1239 2039 1280 2104 de

173 2142 308 2229 Legha⁴
323 2150 492 2207 tenentem
508 2143 548 2209 de
563 2142 639 2207 dim.
655 2165 756 2207 caruc
773 2152 859 2207 terre
879 2166 953 2208 cum
967 2152 1048 2229 pert.
1064 2142 1100 2208 in
1115 2143 1283 2230 Capetona

174 2256 209 2313 et
224 2246 267 2311 de
280 2246 324 2313 xl.
337 2247 392 2311 sol.
408 2246 556 2311 redditus
571 2268 645 2310 cum
659 2256 740 2331 pert.
756 2246 791 2311 in
814 2247 984 2333 Capetona
1005 2257 1040 2312 et
1062 2248 1220 2313 Beletona
1239 2250 1284 2314 ad

173 2352 358 2418 faciendum
372 2350 539 2417 recordum
555 2351 644 2416 illius
657 2353 754 2417 assisa
770 2352 855 2417 sicut
869 2376 977 2417 coram
991 2353 1039 2417 eis
1053 2362 1150 2440 capta
1164 2354 1237 2431 fuit,
1248 2362 1282 2418 et

173 2455 263 2520 unde
284 2454 371 2519 idam
393 2453 484 2518 Prior
505 2454 653 2539 queritur
674 2454 760 2540 quod
782 2456 882 2519 assisa
902 2456 960 2520 illa
979 2456 1100 2521 iniuste
1121 2465 1157 2521 et
1171 2466 1283 2522 contra

174 2558 443 2625 consuetudinem
464 2558 556 2644 regni
579 2558 699 2643 Anglia
719 2567 816 2645 capta
835 2559 899 2623 fuir
913 2569 984 2637 etc,
997 2568 1032 2624 et
1046 2560 1133 2646 quod
1147 2560 1283 2627 haberet

173 2662 358 2750 pradictum
373 2662 543 2727 Oliuerum
558 2662 600 2726 ad
614 2662 814 2727 audiendum
828 2662 995 2727 recordum
1009 2663 1093 2729 illud
1103 2673 1138 2729 et
1151 2686 1285 2751 corpora

174 2767 415 2853 recognitorum
431 2766 577 2831 eiusdem
592 2766 691 2831 assise
706 2767 748 2831 ad
762 2766 1005 2831 certificandum
1020 2778 1078 2833 etc

241 2872 287 2935 Et
307 2870 452 2957 Rogerus
473 2878 507 2934 et
528 2892 639 2934 omnes
658 2862 715 2934 alii
729 2869 899 2934 iusticiarii
913 2870 1052 2935 ueniunt
1067 2877 1101 2935 et
1115 2871 1282 2936 recordan-

175 2986 232 3041 tur
254 2974 340 3061 quod
361 2974 461 3039 assisa
482 2973 595 3038 mortis
617 2972 826 3037 antecessoris
846 2972 939 3037 uenit
957 2996 1063 3037 coram
1078 2974 1125 3037 eia
1139 2976 1281 3062 recogni-

175 3088 253 3143 tura
274 3078 302 3143 si
324 3078 471 3163 Rogerus
494 3077 628 3141 Gernun
650 3076 751 3139 frater
770 3074 896 3139 Oliuari
909 3074 973 3139 fuit
988 3076 1117 3141 saisitus
1131 3078 1167 3142 in
1181 3077 1284 3142 domi-

175 3182 251 3245 nico
265 3202 324 3245 suo
338 3188 377 3244 ut
388 3180 428 3245 de
440 3179 534 3244 feodo
543 3180 583 3244 dc
595 3178 670 3243 dim.
680 3200 782 3242 caruc.
796 3186 880 3242 terre
891 3200 966 3242 cum
975 3177 1103 3263 pertin
1116 3180 1284 3265 Capetona

175 3292 214 3349 et
227 3283 269 3348 de
283 3282 325 3347 xl.
341 3282 396 3347 soi
411 3282 558 3347 redditus
573 3304 648 3347 cum
666 3288 747 3366 pert.
769 3280 803 3344 in
825 3280 993 3366 Capetona
1013 3289 1049 3346 et
1070 3282 1105 3346 in
1127 3282 1286 3348 Beletona

176 3386 231 3450 die
246 3394 316 3463 etc,
330 3394 366 3451 et
380 3385 408 3450 si
423 3393 495 3463 etc„
509 3408 607 3471 quam
629 3394 750 3450 terram
770 3393 805 3449 ot
825 3407 924 3471 quem
944 3385 1109 3452 redditum
1131 3388 1222 3452 Prior
1242 3389 1285 3452 de

178 3490 292 3577 Iogha
321 3489 448 3566 tenuit„
464 3497 498 3553 et
525 3490 582 3575 qui
604 3490 696 3554 uenit
718 3499 754 3553 et
779 3488 912 3553 uocauit
935 3487 1012 3554 inde
1037 3492 1079 3555 ad
1105 3500 1284 3556 warantum

177 3592 358 3662 Raduifum
388 3592 522 3658 Gemun
552 3594 684 3658 fratrem
710 3593 927 3679 predictorum
954 3595 1074 3680 Rogeri
1099 3604 1135 3660 et
1160 3595 1285 3661 Oiiuari

177 3694 492 3783 primogenitump'et
506 3694 603 3761 datus
618 3695 728 3760 fuitei
742 3696 812 3760 dios
830 3695 872 3759 de
890 3696 1040 3761 habendo
1054 3709 1197 3763 warranto
1217 3720 1286 3773 suo,

178 3796 273 3861 etad
287 3796 374 3861 diem
389 3796 420 3861 ei
435 3796 549 3861 datum
565 3820 629 3861 non
644 3797 760 3862 habuit
775 3796 864 3861 idem
884 3798 975 3863 Prior
987 3810 1167 3865 warantum
1189 3822 1284 3865 suum

178 3910 215 3965 et
240 3900 305 3986 ipsi
326 3921 385 3985 per
407 3899 562 3964 desaltam
589 3904 745 3985 ceperunt
770 3900 917 3965 assisam
929 3901 1019 3966 illam
1028 3904 1047 3980 ³,
1070 3912 1106 3967 et
1129 3904 1287 3969 iuratores

213 4025 223 4057 ¹
241 4024 307 4075 This
320 4024 406 4074 clausa
419 4024 504 4074 would
519 4026 552 4075 ba
567 4025 709 4088 postacript
758 4025 835 4075 lords.

180 4106 216 4142 on
228 4090 274 4141 tha
283 4089 332 4139 roll
343 4089 396 4139 and
404 4089 498 4140 should
507 4105 579 4141 come
586 4092 654 4141 aster
663 4092 708 4140 the
790 4092 802 4123 ⁴
817 4092 890 4153 Loes,
904 4093 998 4142 Austin
1009 4093 1100 4157 Priory
1110 4095 1140 4143 in
1155 4096 1246 4155 Esses.
1258 4097 1287 4147 oi

181 4160 244 4205 nexi
255 4155 349 4205 clausa.
758 4155 843 4206 which
855 4157 909 4206 this
916 4157 1001 4221 Ralph
1011 4160 1117 4209 Gomon
1126 4162 1150 4208 ia
1157 4162 1285 4211 reckoned

214 4222 225 4253 ²
241 4222 264 4269 Α
275 4218 346 4269 word
356 4219 490 4283 maphora
499 4220 530 4271 ba
541 4220 659 4283 missing.
759 4222 803 4270 the
814 4222 931 4273 founder.

214 4286 225 4318 ⁸
253 4284 309 4333 The
330 4299 419 4334 masne
445 4284 561 4349 lordship
587 4284 709 4335 vaniehas
791 4286 913 4335 “unes
931 4288 1077 4352 paragraph
1094 4288 1122 4339 in
1143 4290 1213 4348 MS.;
1238 4293 1285 4343 but
1406 4262 1409 4270 .

180 4350 236 4401 and
244 4349 360 4399 William
369 4350 421 4399 will
429 4350 491 4399 hold
500 4350 528 4400 oi
538 4350 582 4400 the
594 4352 709 4415 superior
759 4350 803 4401 the
814 4352 902 4423 record
914 4354 943 4401 oi
952 4354 996 4403 tha
1007 4352 1113 4415 justices
1123 4358 1269 4407 continues.

1094 4460 1199 4522 rit-2
