3342 5217
391 420 453 485 262
686 433 826 494 mmm,
850 433 914 482 11).
939 421 1033 496 1229,
1055 435 1120 484 111
1145 422 1195 484 13.

455 601 499 666 Et
535 601 737 668 Thurstonus
772 603 867 667 uenit
903 611 938 668 et
970 602 1051 668 dicit
1079 602 1166 689 quod
1194 602 1281 668 idem
1311 601 1496 667 willelmus

389 725 556 790 nunquam
577 704 654 769 inde
676 705 827 771 seisinam
850 706 975 783 habuit,
998 713 1049 770 set
1078 728 1192 771 reuera
1220 705 1352 791 quidum
1381 705 1496 770 Simon

389 807 476 872 filius
490 807 625 872 Robcrti
640 809 681 874 de
697 809 856 895 Olestorp'
871 810 928 896 qui
945 809 1074 875 dicebat
1093 833 1128 875 se
1148 810 1267 875 habere
1284 810 1335 874 ius
1355 809 1392 874 in
1409 818 1497 874 terre

388 912 453 988 illa,
468 912 559 977 dedit
576 911 628 978 ius
649 935 744 977 suum
765 913 872 979 eidem
887 914 1051 979 Willelmo
1071 922 1105 979 et
1122 936 1181 1000 per
1202 923 1324 979 curtam
1345 936 1439 978 suam
1460 921 1497 977 et

388 1023 501 1101 postea
514 1017 643 1103 quondo
658 1017 843 1082 Willelmus
857 1017 944 1083 filius
958 1018 1097 1083 Walteri
1111 1019 1260 1103 quietum
1275 1017 1430 1082 clamauit
1444 1017 1496 1081 ius

388 1142 483 1184 suum
495 1120 660 1186 Willelmo
675 1120 716 1186 de
727 1121 816 1186 Diuo
826 1121 969 1187 reddidit
980 1129 1103 1187 cartam
1113 1121 1204 1187 illem
1215 1121 1321 1186 eidem
1330 1120 1496 1185 Willelmo

388 1225 430 1290 de
445 1224 534 1289 Diuo
548 1233 582 1288 et
596 1225 718 1311 profert
733 1225 869 1290 eandem
884 1234 1014 1291 cartam.

455 1329 499 1394 Et
520 1327 703 1394 Willelmus
725 1326 811 1392 filius
829 1328 967 1394 Wolteri
984 1329 1069 1393 bene
1090 1328 1253 1415 cognoscit
1272 1328 1359 1414 quod
1381 1329 1496 1394 Simon

389 1432 475 1497 filius
490 1432 625 1497 Roberti
639 1431 731 1498 dedit
746 1433 777 1497 ei
796 1441 917 1498 tenum
937 1433 1027 1498 illum
1047 1441 1082 1496 et
1099 1432 1280 1518 dicitquod
1299 1454 1358 1518 per
1374 1432 1496 1496 donum

388 1534 470 1600 illud
496 1535 559 1599 fuit
580 1536 649 1622 ipse
671 1536 706 1600 in
729 1535 847 1600 soisina
871 1536 938 1600 fere
960 1558 1020 1622 per
1044 1558 1148 1600 unum
1171 1557 1302 1611 annum,
1325 1542 1360 1599 et
1383 1545 1498 1621 postes

389 1634 524 1699 tradidit
539 1633 675 1700 eandem
695 1643 815 1700 terrem
833 1635 875 1700 ad
895 1635 1022 1700 firmem
1042 1635 1187 1720 predicto
1207 1634 1332 1700 Simoni
1352 1634 1393 1699 de
1408 1634 1498 1699 Dius

388 1736 566 1804 secundum
595 1737 681 1823 quod
716 1736 899 1824 predictum
936 1747 995 1817 est,
1024 1747 1059 1803 et
1092 1739 1214 1825 profert
1242 1747 1365 1804 curtam
1393 1738 1497 1824 ipsius

389 1841 530 1908 Simonis
554 1841 597 1906 de
618 1841 703 1906 dono
724 1843 785 1907 sub
807 1842 922 1908 eadem
943 1844 1046 1907 forma
1066 1843 1102 1908 in
1123 1843 1263 1908 testibus
1284 1850 1320 1908 et
1339 1841 1413 1909 aliis
1433 1843 1497 1907 sub

389 1965 454 2031 que
468 1952 557 2010 certo
571 1943 673 2030 ipsius
688 1944 864 2012 Thurstani
878 1947 1048 2032 profertur.

454 2049 573 2115 Postea
593 2049 756 2135 cognoscit
778 2049 963 2115 Willelmus
985 2051 1071 2137 quod
1093 2050 1243 2116 uendidit
1263 2059 1384 2115 termm
1404 2051 1499 2115 illem

390 2149 515 2216 Simoni
538 2150 579 2215 de
602 2150 699 2228 Diua,
721 2159 772 2216 set
798 2151 912 2218 Simon
933 2175 999 2219 non
1021 2153 1163 2218 reddidit
1188 2153 1221 2218 ei
1244 2152 1391 2218 deneiios
1416 2174 1501 2240 quos

391 2253 424 2318 ei
437 2252 551 2318 debuit
565 2252 691 2318 dedisse
711 2275 769 2339 pro
787 2262 882 2321 terro.
926 2255 971 2319 Et
990 2255 1063 2325 ideo
1084 2255 1321 2322 consideratum
1344 2254 1502 2341 estquod

388 2357 591 2422 Thurstunus
612 2357 687 2423 inde
708 2358 839 2445 quietus
860 2367 896 2425 et
910 2359 1095 2426 Willelmus
1115 2361 1151 2426 in
1172 2361 1396 2426 misericoidis
1412 2383 1499 2447 peu·

388 2481 446 2546 per
460 2468 517 2524 est.

329 2629 336 2642 ,
454 2562 658 2629 lWillelmus
679 2565 766 2632 filius
788 2567 948 2632 Gileberti
957 2567 977 2646 ¹,
992 2569 1155 2634 Hemicus
1169 2568 1269 2634 fmter
1290 2567 1436 2633 eiusdem
1456 2577 1500 2632 et

389 2667 554 2733 «lohannes
580 2667 621 2732 de
647 2669 774 2734 Lodues
803 2670 975 2736 attechiati
1003 2671 1136 2738 flierunt
1165 2672 1207 2737 ad
1235 2669 1501 2758 respondendum

390 2793 489 2856 quare
503 2781 659 2857 ceperunt
676 2773 856 2842 Robertum
875 2775 880 2862 Ι
900 2775 941 2842 de
963 2776 1063 2840 Lonn’
1086 2785 1121 2841 et
1142 2775 1317 2841 Ricardum
1337 2775 1379 2840 de
1392 2774 1503 2841 Aule-

389 2875 469 2940 uilla
505 2875 652 2942 homines
680 2877 816 2944 Hemici
845 2879 887 2944 de
917 2880 1040 2946 Coham
1070 2881 1151 2946 ciuis
1179 2880 1344 2946 Londonie
1377 2888 1413 2944 et
1441 2902 1504 2946 eos

388 2978 671 3065 inprisonuuerunt
694 2990 806 3047 contra
827 3005 940 3069 paoem
962 2984 1057 3050 Dom.
1079 2985 1187 3071 Regis,
1209 2993 1244 3049 et
1265 2991 1376 3049 contro
1396 2982 1501 3048 liber-

389 3091 475 3148 tates
497 3084 642 3150 ciuitatis
664 3086 828 3152 Londonie
852 3088 939 3154 unde
960 3089 1047 3156 idom
1070 3091 1231 3156 Henricus
1260 3087 1385 3176 querit⁸
1406 3089 1503 3175 quod

388 3207 446 3271 per
471 3187 653 3273 captionem
682 3189 773 3254 illam
803 3199 838 3255 et
867 3191 1179 3277 inpiisonsmentum
1205 3191 1287 3257 illud
1315 3191 1504 3257 cmisemnt

389 3288 535 3356 homiues
557 3290 671 3356 suido
693 3293 817 3360 catallis
844 3295 911 3360 suis
936 3318 995 3382 per
1023 3298 1109 3383 quod
1138 3297 1351 3363 deterioratos
1378 3303 1430 3360 est
1460 3307 1505 3363 et

388 3391 566 3482 dompnum
580 3393 680 3460 habet
695 3396 736 3461 od
751 3397 931 3465 ualencium
946 3401 990 3466 xl
1004 3423 1191 3468 morcarum.

454 3496 498 3561 Et
518 3496 701 3564 Willelmus
723 3500 890 3567 Johsnnes
912 3504 1074 3569 Hemicus
1094 3513 1266 3570 uenerunt.
1310 3504 1354 3568 Et
1374 3506 1505 3588 super¹

388 3598 490 3677 uenit,
508 3600 630 3666 scilicet
650 3603 829 3669 Nicholaus
846 3605 888 3671 de
908 3606 1074 3673 Marcha'm
1088 3609 1230 3674 bellinus
1244 3607 1286 3672 de
1309 3608 1480 3672 Gemesm’
1491 3611 1508 3644 ⁸

388 3711 423 3766 et
442 3703 529 3790 petit
548 3705 670 3771 curiam
690 3707 768 3778 uille
788 3709 830 3774 de
856 3709 1030 3787 Gemesm’,
1044 3722 1080 3775 et
1097 3711 1178 3777 dicit-
1201 3710 1288 3797 quod
1308 3709 1509 3779 Willelmus

388 3815 423 3872 et
444 3809 502 3874 alii
523 3832 588 3874 non
608 3811 730 3876 debent
752 3835 811 3878 nec
830 3823 967 3900 possunt
988 3816 1041 3881 hic
1061 3815 1224 3903 placituro,
1245 3815 1323 3903 quie
1343 3812 1520 3884 dominus

388 3909 458 3974 Rex
488 3911 519 3980 J.
549 3914 705 3980 concessit
734 3917 780 3981 eis
809 3940 868 4004 per
896 3921 1038 3984 camam⁶
1067 3920 1153 4006 quod
1181 3920 1291 3984 nullus
1326 3918 1421 3983 homo
1453 3921 1510 3988 de
1633 3918 1635 3927 '

388 4011 551 4080 Gemesm'
567 4016 702 4101 placitet
720 4027 812 4084 extro
829 4020 970 4108 burgum
986 4021 1028 4087 de
1044 4024 1208 4089 Gemesm'
1223 4022 1264 4086 do
1285 4022 1352 4086 ullo
1370 4021 1512 4107 placito

386 4126 495 4202 preter
509 4120 665 4206 placitum
680 4121 721 4187 de
736 4123 861 4190 tonniis
876 4125 1096 4194 exterioiibus

517 4322 525 4355 ¹
543 4323 573 4372 A.
585 4339 620 4376 m.
634 4327 659 4376 6.
1060 4327 1073 4358 ⁴
1088 4327 1187 4391 Supply
1198 4329 1251 4376 toc.

516 4387 527 4419 ²
545 4391 679 4450 Gereterti,
691 4391 721 4440 A.
1061 4394 1072 4425 ³
1087 4392 1240 4443 Ysrmouth.

516 4454 527 4486 ³
544 4455 614 4504 Corr.
627 4459 749 4520 queritur,
761 4459 792 4508 Δ.
928 4455 931 4460 ’
1063 4457 1074 4490 ⁸
1088 4459 1149 4508 Rot.
1161 4459 1232 4508 Cart.
1245 4457 1328 4508 1751.
