3342 5217
563 7 798 70 messanum,
820 6 884 57 so.
997 45 1003 69 ,
1050 46 1056 57 .

188 188 339 283 ffitfflg·
352 188 387 245 et
402 180 506 245 mouit
521 179 553 243 ei
567 178 770 264 questionem
786 188 822 245 et
837 180 1087 246 controuersiam
1100 190 1135 246 et
1145 180 1348 267 presentauit
1360 204 1465 268 quen-

186 282 333 368 ffiflfiflffl
351 284 426 350 dam
442 283 644 349 Willelmum
658 282 700 349 de
717 283 1024 371 Oauelingewurthe
1044 292 1079 351 et
1099 286 1133 350 in
1154 294 1285 351 tantum
1305 286 1464 372 processit

186 375 330 469 fflffl
350 388 438 453 inter
452 410 507 453 cos
523 388 610 473 quod
624 387 791 474 predictus
804 389 932 453 Alanus
946 389 1104 455 concessit
1118 389 1225 456 eidem
1245 390 1410 455 Willelmo
1432 389 1465 476 ij

187 468 331 554 &affirm
349 492 404 557 sol.
420 499 471 557 set
485 491 635 557 nesciunt
650 500 761 556 utrum
776 492 907 557 nomine
922 492 1087 578 pensionis
1104 494 1158 559 uel
1180 516 1239 580 pro
1259 495 1342 560 bono
1365 495 1465 580 pacis,

187 560 322 693 {EQ
349 603 401 659 set
415 595 530 661 dicunt
544 596 631 682 quod
646 596 812 682 predictus
826 597 952 661 Alanus
973 597 1082 662 tenuit
1100 599 1259 685 capellam
1279 598 1369 663 illam
1392 607 1466 663 tota

187 664 331 795 affige-3·
350 699 422 765 uia
444 722 504 765 sua
528 700 627 765 snus
652 699 758 765 eidem
786 700 951 765 willelmo
980 701 1045 765 rus
1074 700 1201 767 duobus
1229 702 1293 781 ⁸01„
1323 710 1358 767 et
1387 710 1464 788 post

185 804 487 895 fflffipmortem
510 804 599 869 illius
621 803 721 869 Alani
744 804 838 869 uenit
861 803 948 869 idem
974 805 1158 871 Willelmus
1181 815 1216 872 ot
1240 806 1347 893 posuit
1371 829 1405 871 se
1426 808 1462 872 in

184 897 337 984 ‘ittam
349 908 506 994 capellam
532 908 623 972 illam
648 905 776 972 racione
801 907 1021 994 predictorum
1047 907 1185 973 duorum
1211 910 1276 985 soi,
1306 918 1341 974 et
1370 910 1461 975 illam

185 982 337 1068 “chiffl
349 1013 459 1078 tenuit
474 1020 546 1077 tota
565 1012 637 1077 uita
657 1034 718 1076 sua
740 1011 800 1076 tali
823 1011 928 1090 modo,
948 1011 1043 1077 etde
1063 1035 1219 1078 consensu
1243 1012 1463 1099 predictorum

184 1075 331 1208 {ffiffi
350 1116 482 1181 Radulfi
497 1123 532 1180 et
547 1115 692 1193 Roberti,
706 1116 776 1180 sine
791 1115 852 1180 hoe
867 1115 954 1201 quod
969 1124 1175 1201 presentatus
1190 1126 1275 1181 esset
1294 1117 1337 1182 ab
1350 1117 1462 1204 aliquo

185 1215 326 1349 ἓξὲξ
348 1221 567 1307 predictomm
590 1220 647 1305 qui
668 1242 704 1284 se
725 1219 884 1305 gerebant
905 1228 1065 1305 patronos
1110 1220 1155 1284 Et
1177 1220 1386 1286 conuiuatum
1409 1231 1462 1287 est

185 1319 222 1347 sus
282 1312 292 1347 t

185 1355 280 1413 apocopa
349 1324 435 1410 quod
458 1324 623 1412 predictus
647 1323 808 1388 Radulfus
830 1323 1034 1409 presentauit
1057 1324 1241 1410 predictum
1260 1325 1404 1390 Alauum
1425 1336 1462 1390 et

184 1402 336 1488 affluit&
349 1430 433 1515 quod
449 1428 492 1493 ad
505 1425 782 1514 presentationem
796 1450 889 1492 suam
905 1427 969 1491 fuit
983 1427 1150 1505 admissus,
1160 1437 1195 1493 et
1206 1428 1283 1514 quia
1294 1429 1462 1515 predictus

184 1496 335 1628 &iffi
349 1532 533 1598 Willelmus
570 1554 738 1618 nunquam
777 1538 984 1617 presentatus
1023 1530 1095 1609 fuit,
1132 1554 1192 1597 nec
1227 1532 1387 1598 admissus
1416 1534 1460 1600 ab

184 1600 336 1722 Ξοξὲωῇᾭξξ
350 1638 508 1724 Episcopo
531 1637 594 1702 nisi
617 1637 653 1701 in
677 1637 738 1701 hoc
760 1644 892 1701 tautum
917 1634 1003 1722 quod
1027 1658 1062 1700 se
1086 1635 1195 1700 tenuit
1215 1636 1250 1700 in
1264 1637 1389 1722 capella
1403 1638 1461 1702 illa

185 1729 292 1777 ΜΨ·
348 1750 423 1828 post
437 1749 576 1805 mortem
591 1739 690 1805 Alani
704 1739 832 1804 racione
852 1738 1007 1825 prodicta,
1031 1738 1279 1824 consideratum
1301 1746 1352 1803 est
1371 1740 1461 1825 quod

349 1845 474 1911 Alanus
488 1844 694 1931 recuperauit
707 1843 860 1909 saisinam
875 1865 976 1921 suam,
992 1850 1026 1907 et
1042 1842 1164 1927 Symon
1179 1843 1214 1909 in
1233 1843 1461 1922 misericordia,

349 1958 383 2014 et
398 1950 524 2015 Alanus
539 1949 658 2015 habeat
672 1949 772 2014 breue
786 1948 829 2013 ad
844 1946 1040 2033 Episcopum
1052 1946 1315 2033 Wygomensem.

291 2119 298 2132 ,
413 2052 565 2118 ¹Matillis
580 2076 644 2140 que
659 2053 723 2118 fuit
738 2073 820 2117 uxor
834 2051 986 2139 Hugonis
1001 2050 1153 2117 Ohauuin
1174 2073 1233 2137 per
1253 2060 1458 2117 attomatum

275 2181 291 2209 α
348 2180 447 2221 suum
473 2157 560 2243 petit
588 2180 702 2222 uersus
730 2158 906 2243 Hugonem
936 2156 977 2221 de
1006 2156 1140 2242 Moruyo
1169 2155 1303 2221 terciam
1330 2166 1457 2242 partem

348 2262 487 2327 duarum
502 2262 583 2349 uirg.
600 2270 685 2327 terre
700 2270 736 2326 et
745 2261 771 2347 j.
786 2262 863 2325 mes'
879 2282 954 2325 oum
969 2267 1049 2346 pert
1065 2259 1100 2325 in
1121 2259 1270 2325 Morewio
1285 2268 1324 2325 ut
1346 2260 1458 2326 dotem

347 2389 440 2432 suam
455 2375 515 2432 eto

413 2471 473 2535 ⁸Et
489 2469 625 2535 Matillis
639 2492 698 2555 per
710 2476 912 2534 attornatum
928 2490 1024 2533 suum
1040 2467 1121 2533 dicit
1136 2468 1245 2555 quod³.

414 2576 459 2639 Et
475 2576 574 2662 Hugo
589 2574 681 2639 uenit
697 2581 732 2638 et
746 2572 924 2659 dicitquod
934 2595 998 2637 non
1009 2570 1108 2637 debet
1119 2572 1195 2639 inde
1206 2573 1316 2639 dotem
1328 2575 1459 2655 habero,

348 2680 426 2765 quia
454 2678 619 2765 predictus
648 2678 748 2765 Hugo
778 2677 942 2763 Ohauuyn
972 2699 1036 2741 non
1066 2676 1176 2741 tenuit
1210 2686 1329 2743 temam
1366 2680 1457 2745 illam

347 2784 401 2850 die
416 2807 480 2870 qno
494 2784 584 2849 illam
599 2782 818 2869 desponsauit,
834 2804 895 2847 nec
910 2804 1054 2868 uuquam
1069 2791 1184 2868 postea
1205 2782 1315 2848 tenuit
1334 2792 1457 2849 terram

347 2888 447 2966 illam,
457 2888 536 2975 quia
549 2886 590 2952 xi
606 2886 700 2952 annis
713 2894 891 2973 antequam
906 2886 1100 2972 desponsata
1114 2894 1199 2953 esset
1214 2895 1249 2952 et
1264 2910 1302 2952 eo
1315 2888 1459 2975 amplius

346 3016 411 3057 non
431 2992 540 3058 tenuit
559 2991 615 3056 ille
637 3000 757 3056 terram
780 2991 880 3068 illam,
904 2990 983 3077 quia
1005 2990 1137 3077 quidam
1163 2991 1350 3057 Lodowicus
1373 3016 1459 3059 auus

346 3119 424 3163 suus
446 3097 536 3161 illam
558 3096 668 3161 tenuit
689 3104 725 3160 et
742 3095 937 3173 herasmus,
953 3103 987 3160 et
1002 3094 1047 3160 sio
1062 3096 1103 3160 de
1119 3096 1237 3161 herede
1253 3096 1288 3161 in
1302 3096 1456 3164 heredem

185 3254 243 3295 No„
264 3256 306 3296 uod
346 3224 448 3289 usque
463 3201 505 3266 ad
519 3200 621 3265 istum
636 3201 820 3287 Hugonem.

185 3306 316 3397 ffi‘ff
412 3306 457 3371 Et
481 3305 618 3370 Matillis
643 3326 700 3390 per
725 3311 928 3369 attornatum
955 3326 1050 3369 suum
1077 3303 1171 3368 uenit
1197 3312 1232 3369 et
1257 3304 1338 3370 dicit
1367 3306 1457 3391 quod

182 3396 324 3531 mit*
346 3411 479 3497 quidam
495 3408 681 3475 Lodowicus
699 3409 740 3473 de
760 3408 936 3474 Pikewella
958 3407 1067 3473 tenuit
1087 3415 1206 3472 terram
1227 3408 1324 3473 istam
1345 3418 1385 3473 ut
1404 3410 1458 3476 ius

182 3489 324 3575 tistitus
346 3538 440 3581 suum
471 3524 507 3581 et
535 3515 625 3579 illam
654 3512 805 3578 uendidit
834 3512 964 3577 cuidam
993 3512 1136 3577 Roberto
1174 3511 1335 3597 Chauuyn
1368 3516 1458 3599 patri

183 3586 334 3677 mrim
346 3620 498 3708 Hugonis
511 3618 676 3705 quondam
693 3616 779 3682 uiro⁵
801 3616 904 3703 ipsius
927 3616 1107 3695 Matillidis,
1127 3624 1162 3681 et
1182 3616 1269 3682 idem
1292 3617 1459 3684 Robertus

182 3676 322 3717 annuum

181 3722 327 3818 fflffl}
345 3724 420 3791 inde
436 3724 518 3790 obiit
532 3722 670 3800 saisitus,
686 3730 720 3786 et
735 3729 809 3808 post
823 3722 931 3807 ipsum
943 3721 1123 3786 Robertum
1136 3721 1245 3786 tenuit
1255 3711 1342 3787 idem
1355 3722 1460 3811 Hngo

182 3815 238 3854 nuit
245 3820 301 3864 post·

181 3872 246 3910 quarn
253 3862 288 3903 do-

181 3912 322 4043 mo

181 4048 272 4088 mant
387 4054 403 4062 ·
484 4042 490 4053 ’
