<?xml version="1.0" encoding="UTF-8"?>
<!DOCTYPE html PUBLIC "-//W3C//DTD XHTML 1.0 Transitional//EN"
    "http://www.w3.org/TR/xhtml1/DTD/xhtml1-transitional.dtd">
<html xmlns="http://www.w3.org/1999/xhtml" xml:lang="en" lang="en">
 <head>
  <title>
</title>
<meta http-equiv="Content-Type" content="text/html;charset=utf-8" />
  <meta name='ocr-system' content='tesseract 3.04.00' />
  <meta name='ocr-capabilities' content='ocr_page ocr_carea ocr_par ocr_line ocrx_word'/>
</head>
<body>
  <div class='ocr_page' id='page_1' title='image "bractonsnoteboo01maitgoog_0414.png"; bbox 0 0 3342 5217; ppageno 0'>
   <div class='ocr_carea' id='block_1_1' title="bbox 389 335 1197 412">
    <p class='ocr_par' dir='ltr' id='par_1_1' title="bbox 389 335 1197 412">
     <span class='ocr_line' id='line_1_1' title="bbox 389 335 1197 412; baseline -0.002 -11"><span class='ocrx_word' id='word_1_1' title='bbox 389 337 453 402; x_wconf 79' lang='grc'>108</span> <span class='ocrx_word' id='word_1_2' title='bbox 693 351 830 412; x_wconf 74' lang='lat' dir='ltr'>unsrun,</span> <span class='ocrx_word' id='word_1_3' title='bbox 852 350 918 398; x_wconf 78' lang='lat' dir='ltr'>an.</span> <span class='ocrx_word' id='word_1_4' title='bbox 941 335 1122 410; x_wconf 68' lang='grc'><strong>1211111</strong></span> <span class='ocrx_word' id='word_1_5' title='bbox 1147 339 1197 399; x_wconf 83' lang='lat'>15.</span> 
     </span>
    </p>
   </div>
   <div class='ocr_carea' id='block_1_2' title="bbox 227 523 1498 1050">
    <p class='ocr_par' dir='ltr' id='par_1_2' title="bbox 227 523 1498 1050">
     <span class='ocr_line' id='line_1_2' title="bbox 387 523 1495 612; baseline -0.003 -20"><span class='ocrx_word' id='word_1_6' title='bbox 387 525 590 592; x_wconf 84' lang='lat' dir='ltr'>athachiaret</span> <span class='ocrx_word' id='word_1_7' title='bbox 615 525 745 612; x_wconf 87' lang='lat' dir='ltr'>etipse</span> <span class='ocrx_word' id='word_1_8' title='bbox 770 524 872 590; x_wconf 84' lang='lat' dir='ltr'>nichil</span> <span class='ocrx_word' id='word_1_9' title='bbox 896 523 973 589; x_wconf 92' lang='lat' dir='ltr'>inde</span> <span class='ocrx_word' id='word_1_10' title='bbox 1002 525 1089 590; x_wconf 76' lang='lat' dir='ltr'>fecit</span> <span class='ocrx_word' id='word_1_11' title='bbox 1133 525 1178 590; x_wconf 89' lang='lat' dir='ltr'>Et</span> <span class='ocrx_word' id='word_1_12' title='bbox 1205 524 1280 590; x_wconf 88' lang='lat' dir='ltr'>ideo</span> <span class='ocrx_word' id='word_1_13' title='bbox 1304 531 1495 610; x_wconf 87' lang='lat' dir='ltr'>preceptum</span> 
     </span>
     <span class='ocr_line' id='line_1_3' title="bbox 389 627 1495 715; baseline -0.001 -20"><span class='ocrx_word' id='word_1_14' title='bbox 389 639 440 696; x_wconf 81' lang='lat' dir='ltr'>est</span> <span class='ocrx_word' id='word_1_15' title='bbox 470 627 652 695; x_wconf 86' lang='lat' dir='ltr'>uicecomiti</span> <span class='ocrx_word' id='word_1_16' title='bbox 680 628 769 714; x_wconf 90' lang='lat' dir='ltr'>quod</span> <span class='ocrx_word' id='word_1_17' title='bbox 797 650 864 692; x_wconf 91' lang='lat' dir='ltr'>non</span> <span class='ocrx_word' id='word_1_18' title='bbox 888 627 1022 692; x_wconf 81' lang='lat' dir='ltr'>omittat</span> <span class='ocrx_word' id='word_1_19' title='bbox 1045 635 1179 713; x_wconf 84' lang='lat' dir='ltr'>propter</span> <span class='ocrx_word' id='word_1_20' title='bbox 1202 627 1386 693; x_wconf 82' lang='lat' dir='ltr'>libertatem</span> <span class='ocrx_word' id='word_1_21' title='bbox 1412 628 1495 715; x_wconf 92' lang='lat' dir='ltr'>quin</span> 
     </span>
     <span class='ocr_line' id='line_1_4' title="bbox 389 729 1269 819; baseline -0.003 -19"><span class='ocrx_word' id='word_1_22' title='bbox 389 732 557 800; x_wconf 87' lang='lat' dir='ltr'>athachiet</span> <span class='ocrx_word' id='word_1_23' title='bbox 570 755 646 798; x_wconf 88' lang='lat' dir='ltr'>eum</span> <span class='ocrx_word' id='word_1_24' title='bbox 662 731 749 819; x_wconf 90' lang='lat' dir='ltr'>quod</span> <span class='ocrx_word' id='word_1_25' title='bbox 762 729 807 796; x_wconf 90' lang='lat' dir='ltr'>sit</span> <span class='ocrx_word' id='word_1_26' title='bbox 821 740 883 796; x_wconf 79' lang='lat' dir='ltr'>etc</span> <span class='ocrx_word' id='word_1_27' title='bbox 897 731 977 818; x_wconf 90' lang='lat' dir='ltr'>quia</span> <span class='ocrx_word' id='word_1_28' title='bbox 989 731 1091 796; x_wconf 83' lang='lat' dir='ltr'>alium</span> <span class='ocrx_word' id='word_1_29' title='bbox 1105 731 1193 796; x_wconf 87' lang='lat' dir='ltr'>diem</span> <span class='ocrx_word' id='word_1_30' title='bbox 1207 741 1269 797; x_wconf 78' lang='lat' dir='ltr'>eta</span> 
     </span>
     <span class='ocr_line' id='line_1_5' title="bbox 268 834 1495 922; baseline -0.005 -16"><span class='ocrx_word' id='word_1_31' title='bbox 268 843 340 906; x_wconf 74' lang='lat'>521.</span> <span class='ocrx_word' id='word_1_32' title='bbox 455 837 618 902; x_wconf 84' lang='lat' dir='ltr'>Rcbertus</span> <span class='ocrx_word' id='word_1_33' title='bbox 639 835 745 900; x_wconf 88' lang='lat' dir='ltr'>Foliot</span> <span class='ocrx_word' id='word_1_34' title='bbox 767 844 802 900; x_wconf 92' lang='lat' dir='ltr'>et</span> <span class='ocrx_word' id='word_1_35' title='bbox 823 834 982 900; x_wconf 84' lang='lat' dir='ltr'>Ricardus</span> <span class='ocrx_word' id='word_1_36' title='bbox 1001 835 1043 900; x_wconf 90' lang='lat' dir='ltr'>de</span> <span class='ocrx_word' id='word_1_37' title='bbox 1062 834 1200 902; x_wconf 86' lang='lat' dir='ltr'>Hiduna</span> <span class='ocrx_word' id='word_1_38' title='bbox 1217 859 1277 922; x_wconf 90' lang='lat' dir='ltr'>per</span> <span class='ocrx_word' id='word_1_39' title='bbox 1291 844 1495 901; x_wconf 78' lang='lat' dir='ltr'>attornatum</span> 
     </span>
     <span class='ocr_line' id='line_1_6' title="bbox 227 938 1498 1050; baseline 0 -46"><span class='ocrx_word' id='word_1_40' title='bbox 227 939 348 1050; x_wconf 56' lang='lat' dir='ltr'>Nom</span> <span class='ocrx_word' id='word_1_41' title='bbox 391 961 488 1004; x_wconf 90' lang='lat' dir='ltr'>suum</span> <span class='ocrx_word' id='word_1_42' title='bbox 507 939 697 1026; x_wconf 80' lang='lat' dir='ltr'><strong>optulerunt</strong></span> <span class='ocrx_word' id='word_1_43' title='bbox 718 961 752 1003; x_wconf 87' lang='lat' dir='ltr'>se</span> <span class='ocrx_word' id='word_1_44' title='bbox 772 938 846 1024; x_wconf 79' lang='lat' dir='ltr'>iiij¹⁰</span> <span class='ocrx_word' id='word_1_45' title='bbox 859 938 913 1003; x_wconf 86' lang='lat' dir='ltr'>die</span> <span class='ocrx_word' id='word_1_46' title='bbox 932 960 1047 1004; x_wconf 79' lang='lat' dir='ltr'>uersus</span> <span class='ocrx_word' id='word_1_47' title='bbox 1065 938 1216 1004; x_wconf 83' lang='lat' dir='ltr'>Johelem</span> <span class='ocrx_word' id='word_1_48' title='bbox 1230 939 1272 1004; x_wconf 93' lang='lat' dir='ltr'>de</span> <span class='ocrx_word' id='word_1_49' title='bbox 1286 940 1380 1004; x_wconf 87' lang='lat' dir='ltr'>Valle</span> <span class='ocrx_word' id='word_1_50' title='bbox 1394 940 1498 1004; x_wconf 75' lang='lat' dir='ltr'>Torta</span> 
     </span>
    </p>
   </div>
   <div class='ocr_carea' id='block_1_3' title="bbox 227 1041 1498 1130">
    <p class='ocr_par' dir='ltr' id='par_1_3' title="bbox 227 1041 1498 1130">
     <span class='ocr_line' id='line_1_7' title="bbox 227 1041 1498 1130; baseline 0 -23"><span class='ocrx_word' id='word_1_51' title='bbox 227 1041 937 1130; x_wconf 44' lang='grc' dir='ltr'>οΙΙΙΜΙ11161(1611111661(16Β6111113161111</span> <span class='ocrx_word' id='word_1_52' title='bbox 960 1042 1002 1108; x_wconf 94' lang='lat' dir='ltr'>de</span> <span class='ocrx_word' id='word_1_53' title='bbox 1028 1043 1148 1129; x_wconf 84' lang='lat' dir='ltr'>placito</span> <span class='ocrx_word' id='word_1_54' title='bbox 1171 1043 1260 1130; x_wconf 90' lang='lat' dir='ltr'>quod</span> <span class='ocrx_word' id='word_1_55' title='bbox 1283 1051 1498 1130; x_wconf 79' lang='lat' dir='ltr'>sequerentur</span> 
     </span>
    </p>
   </div>
   <div class='ocr_carea' id='block_1_4' title="bbox 227 1095 416 1182">
    <p class='ocr_par' dir='ltr' id='par_1_4' title="bbox 227 1095 416 1182">
     <span class='ocr_line' id='line_1_8' title="bbox 227 1095 416 1182; baseline 0.011 -2"><span class='ocrx_word' id='word_1_56' title='bbox 227 1095 378 1182; x_wconf 58' lang='lat' dir='ltr'>mlh</span> <span class='ocrx_word' id='word_1_57' title='bbox 408 1148 416 1162; x_wconf 93' lang='lat'><strong>·</strong></span> 
     </span>
    </p>
   </div>
   <div class='ocr_carea' id='block_1_5' title="bbox 226 1147 1496 2477">
    <p class='ocr_par' dir='ltr' id='par_1_5' title="bbox 226 1147 1498 1546">
     <span class='ocr_line' id='line_1_9' title="bbox 226 1147 1093 1277; baseline 0 41"><span class='ocrx_word' id='word_1_58' title='bbox 226 1189 358 1277; x_wconf 64' lang='lat' dir='ltr'>us</span> <span class='ocrx_word' id='word_1_59' title='bbox 390 1147 1093 1214; x_wconf 52' lang='lat' dir='ltr'>Em</span> 
     </span>
     <span class='ocr_line' id='line_1_10' title="bbox 389 1355 1496 1443; baseline 0 -22"><span class='ocrx_word' id='word_1_60' title='bbox 389 1355 506 1421; x_wconf 90' lang='lat' dir='ltr'>moniti</span> <span class='ocrx_word' id='word_1_61' title='bbox 527 1357 670 1422; x_wconf 83' lang='lat' dir='ltr'>fuerunt.</span> <span class='ocrx_word' id='word_1_62' title='bbox 716 1357 760 1421; x_wconf 85' lang='lat' dir='ltr'>Et</span> <span class='ocrx_word' id='word_1_63' title='bbox 785 1356 859 1421; x_wconf 89' lang='lat' dir='ltr'>ideo</span> <span class='ocrx_word' id='word_1_64' title='bbox 883 1356 1048 1422; x_wconf 84' lang='lat' dir='ltr'>Rcbertus</span> <span class='ocrx_word' id='word_1_65' title='bbox 1072 1363 1108 1420; x_wconf 86' lang='lat' dir='ltr'>et</span> <span class='ocrx_word' id='word_1_66' title='bbox 1132 1357 1293 1422; x_wconf 88' lang='lat' dir='ltr'>Ricardus</span> <span class='ocrx_word' id='word_1_67' title='bbox 1315 1365 1496 1443; x_wconf 88' lang='lat' dir='ltr'>sequantur</span> 
     </span>
     <span class='ocr_line' id='line_1_11' title="bbox 389 1445 1496 1546; baseline 0.002 -22"><span class='ocrx_word' id='word_1_68' title='bbox 389 1481 502 1524; x_wconf 88' lang='lat' dir='ltr'>uersus</span> <span class='ocrx_word' id='word_1_69' title='bbox 516 1459 698 1546; x_wconf 85' lang='lat' dir='ltr'>predictum</span> <span class='ocrx_word' id='word_1_70' title='bbox 714 1445 945 1524; x_wconf 78' lang='lat' dir='ltr'>Eadmhndum</span> <span class='ocrx_word' id='word_1_71' title='bbox 960 1459 1001 1524; x_wconf 87' lang='lat' dir='ltr'>de</span> <span class='ocrx_word' id='word_1_72' title='bbox 1016 1467 1108 1544; x_wconf 82' lang='lat' dir='ltr'>parte</span> <span class='ocrx_word' id='word_1_73' title='bbox 1122 1480 1183 1524; x_wconf 87' lang='lat' dir='ltr'>sua</span> <span class='ocrx_word' id='word_1_74' title='bbox 1201 1481 1267 1524; x_wconf 92' lang='lat' dir='ltr'>non</span> <span class='ocrx_word' id='word_1_75' title='bbox 1285 1460 1435 1525; x_wconf 85' lang='lat' dir='ltr'>obstante</span> <span class='ocrx_word' id='word_1_76' title='bbox 1455 1483 1496 1526; x_wconf 88' lang='grc' dir='ltr'>6ο</span> 
     </span>
    </p>

    <p class='ocr_par' dir='ltr' id='par_1_6' title="bbox 260 1562 1496 2477">
     <span class='ocr_line' id='line_1_12' title="bbox 267 1562 840 1655; baseline 0.003 -28"><span class='ocrx_word' id='word_1_77' title='bbox 267 1604 334 1655; x_wconf 66' lang='lat' dir='ltr'>[ml</span> <span class='ocrx_word' id='word_1_78' title='bbox 389 1562 475 1649; x_wconf 88' lang='lat' dir='ltr'>quod</span> <span class='ocrx_word' id='word_1_79' title='bbox 490 1563 553 1650; x_wconf 88' lang='lat' dir='ltr'>ipsi</span> <span class='ocrx_word' id='word_1_80' title='bbox 568 1585 633 1628; x_wconf 89' lang='lat' dir='ltr'>non</span> <span class='ocrx_word' id='word_1_81' title='bbox 646 1562 816 1629; x_wconf 85' lang='lat' dir='ltr'>secuntur¹</span> <span class='ocrx_word' id='word_1_82' title='bbox 833 1563 840 1650; x_wconf 83' lang='grc' dir='ltr'>Ι</span> 
     </span>
     <span class='ocr_line' id='line_1_13' title="bbox 265 1665 1496 1755; baseline -0.003 -19"><span class='ocrx_word' id='word_1_83' title='bbox 265 1674 336 1736; x_wconf 80' lang='lat'>522.</span> <span class='ocrx_word' id='word_1_84' title='bbox 454 1665 591 1732; x_wconf 84' lang='lat' dir='ltr'>Matillis</span> <span class='ocrx_word' id='word_1_85' title='bbox 612 1666 681 1730; x_wconf 84' lang='lat' dir='ltr'>lilia</span> <span class='ocrx_word' id='word_1_86' title='bbox 701 1665 791 1731; x_wconf 88' lang='lat' dir='ltr'>Petri</span> <span class='ocrx_word' id='word_1_87' title='bbox 813 1665 900 1752; x_wconf 90' lang='lat' dir='ltr'>petit</span> <span class='ocrx_word' id='word_1_88' title='bbox 921 1688 1035 1731; x_wconf 88' lang='lat' dir='ltr'>uersus</span> <span class='ocrx_word' id='word_1_89' title='bbox 1055 1667 1232 1733; x_wconf 82' lang='lat' dir='ltr'>Jowettam</span> <span class='ocrx_word' id='word_1_90' title='bbox 1253 1667 1354 1732; x_wconf 87' lang='lat' dir='ltr'>filiam</span> <span class='ocrx_word' id='word_1_91' title='bbox 1373 1667 1496 1755; x_wconf 81' lang='lat' dir='ltr'>Rogeri</span> 
     </span>
     <span class='ocr_line' id='line_1_14' title="bbox 260 1768 1496 1855; baseline 0.003 -22"><span class='ocrx_word' id='word_1_92' title='bbox 260 1775 344 1823; x_wconf 55' lang='grc' dir='ltr'>ΝΟΜ</span> <span class='ocrx_word' id='word_1_93' title='bbox 389 1769 489 1855; x_wconf 80' lang='lat' dir='ltr'>xxiiij.</span> <span class='ocrx_word' id='word_1_94' title='bbox 516 1791 577 1834; x_wconf 91' lang='lat' dir='ltr'>acr.</span> <span class='ocrx_word' id='word_1_95' title='bbox 604 1777 689 1834; x_wconf 85' lang='lat' dir='ltr'>terre</span> <span class='ocrx_word' id='word_1_96' title='bbox 715 1791 790 1833; x_wconf 91' lang='lat' dir='ltr'>cum</span> <span class='ocrx_word' id='word_1_97' title='bbox 819 1777 900 1854; x_wconf 84' lang='lat' dir='ltr'>pert</span> <span class='ocrx_word' id='word_1_98' title='bbox 928 1768 964 1833; x_wconf 91' lang='lat' dir='ltr'>in</span> <span class='ocrx_word' id='word_1_99' title='bbox 993 1768 1168 1834; x_wconf 86' lang='lat' dir='ltr'>Cneshale⁸</span> <span class='ocrx_word' id='word_1_100' title='bbox 1196 1779 1236 1834; x_wconf 91' lang='lat' dir='ltr'>ut</span> <span class='ocrx_word' id='word_1_101' title='bbox 1260 1769 1313 1835; x_wconf 89' lang='lat' dir='ltr'>ius</span> <span class='ocrx_word' id='word_1_102' title='bbox 1335 1793 1433 1836; x_wconf 87' lang='lat' dir='ltr'>suum</span> <span class='ocrx_word' id='word_1_103' title='bbox 1459 1781 1496 1837; x_wconf 88' lang='lat' dir='ltr'>et</span> 
     </span>
     <span class='ocr_line' id='line_1_15' title="bbox 388 1872 1494 1960; baseline 0.001 -21"><span class='ocrx_word' id='word_1_104' title='bbox 388 1873 515 1939; x_wconf 84' lang='lat' dir='ltr'>Joweta</span> <span class='ocrx_word' id='word_1_105' title='bbox 538 1873 615 1938; x_wconf 85' lang='lat' dir='ltr'>fecit</span> <span class='ocrx_word' id='word_1_106' title='bbox 638 1873 793 1938; x_wconf 82' lang='lat' dir='ltr'>defaltam</span> <span class='ocrx_word' id='word_1_107' title='bbox 818 1881 991 1960; x_wconf 79' lang='lat' dir='ltr'>postquam</span> <span class='ocrx_word' id='word_1_108' title='bbox 1015 1872 1133 1938; x_wconf 89' lang='lat' dir='ltr'>habuit</span> <span class='ocrx_word' id='word_1_109' title='bbox 1157 1872 1245 1938; x_wconf 88' lang='lat' dir='ltr'>diem</span> <span class='ocrx_word' id='word_1_110' title='bbox 1269 1874 1305 1938; x_wconf 91' lang='lat' dir='ltr'>in</span> <span class='ocrx_word' id='word_1_111' title='bbox 1328 1873 1432 1940; x_wconf 74' lang='lat' dir='ltr'>llancc</span> <span class='ocrx_word' id='word_1_112' title='bbox 1457 1885 1494 1940; x_wconf 88' lang='lat' dir='ltr'>et</span> 
     </span>
     <span class='ocr_line' id='line_1_16' title="bbox 388 1975 1494 2063; baseline 0.001 -22"><span class='ocrx_word' id='word_1_113' title='bbox 388 1984 559 2062; x_wconf 82' lang='lat' dir='ltr'>postquam</span> <span class='ocrx_word' id='word_1_114' title='bbox 593 1977 704 2062; x_wconf 90' lang='lat' dir='ltr'>posuit</span> <span class='ocrx_word' id='word_1_115' title='bbox 736 1999 770 2041; x_wconf 87' lang='lat' dir='ltr'>se</span> <span class='ocrx_word' id='word_1_116' title='bbox 800 1975 835 2041; x_wconf 94' lang='lat' dir='ltr'>in</span> <span class='ocrx_word' id='word_1_117' title='bbox 865 1976 1028 2063; x_wconf 87' lang='lat' dir='ltr'>quandam</span> <span class='ocrx_word' id='word_1_118' title='bbox 1057 1976 1311 2062; x_wconf 74' lang='lat' dir='ltr'>inquisicionem,</span> <span class='ocrx_word' id='word_1_119' title='bbox 1340 1986 1376 2042; x_wconf 90' lang='lat' dir='ltr'>et</span> <span class='ocrx_word' id='word_1_120' title='bbox 1404 1977 1494 2042; x_wconf 89' lang='lat' dir='ltr'>unde</span> 
     </span>
     <span class='ocr_line' id='line_1_17' title="bbox 388 2079 1494 2166; baseline 0.001 -21"><span class='ocrx_word' id='word_1_121' title='bbox 388 2081 626 2146; x_wconf 87' lang='lat' dir='ltr'>consideratum</span> <span class='ocrx_word' id='word_1_122' title='bbox 649 2081 714 2146; x_wconf 80' lang='lat' dir='ltr'>luit</span> <span class='ocrx_word' id='word_1_123' title='bbox 738 2081 781 2146; x_wconf 88' lang='lat' dir='ltr'>ad</span> <span class='ocrx_word' id='word_1_124' title='bbox 804 2079 905 2145; x_wconf 86' lang='lat' dir='ltr'>alium</span> <span class='ocrx_word' id='word_1_125' title='bbox 928 2079 1016 2144; x_wconf 88' lang='lat' dir='ltr'>diem</span> <span class='ocrx_word' id='word_1_126' title='bbox 1041 2079 1128 2165; x_wconf 90' lang='lat' dir='ltr'>quod</span> <span class='ocrx_word' id='word_1_127' title='bbox 1153 2087 1241 2144; x_wconf 81' lang='lat' dir='ltr'>terra</span> <span class='ocrx_word' id='word_1_128' title='bbox 1264 2090 1435 2166; x_wconf 87' lang='lat' dir='ltr'>caperetur</span> <span class='ocrx_word' id='word_1_129' title='bbox 1458 2083 1494 2146; x_wconf 93' lang='lat' dir='ltr'>in</span> 
     </span>
     <span class='ocr_line' id='line_1_18' title="bbox 388 2183 1495 2272; baseline 0.002 -22"><span class='ocrx_word' id='word_1_130' title='bbox 388 2207 521 2250; x_wconf 86' lang='lat' dir='ltr'>manum</span> <span class='ocrx_word' id='word_1_131' title='bbox 541 2185 635 2252; x_wconf 77' lang='lat' dir='ltr'>Dona</span> <span class='ocrx_word' id='word_1_132' title='bbox 650 2183 750 2272; x_wconf 82' lang='lat' dir='ltr'>Regis</span> <span class='ocrx_word' id='word_1_133' title='bbox 770 2206 828 2271; x_wconf 90' lang='lat' dir='ltr'>pro</span> <span class='ocrx_word' id='word_1_134' title='bbox 850 2184 972 2249; x_wconf 81' lang='lat' dir='ltr'>defalta</span> <span class='ocrx_word' id='word_1_135' title='bbox 990 2207 1051 2251; x_wconf 82' lang='lat' dir='ltr'>sua</span> <span class='ocrx_word' id='word_1_136' title='bbox 1069 2192 1105 2249; x_wconf 89' lang='grc'>61</span> <span class='ocrx_word' id='word_1_137' title='bbox 1123 2184 1210 2270; x_wconf 88' lang='lat' dir='ltr'>quod</span> <span class='ocrx_word' id='word_1_138' title='bbox 1232 2195 1495 2252; x_wconf 88' lang='lat' dir='ltr'>summoneretur</span> 
     </span>
     <span class='ocr_line' id='line_1_19' title="bbox 388 2285 1493 2372; baseline 0.004 -22"><span class='ocrx_word' id='word_1_139' title='bbox 388 2285 475 2372; x_wconf 91' lang='lat' dir='ltr'>quod</span> <span class='ocrx_word' id='word_1_140' title='bbox 509 2296 594 2352; x_wconf 88' lang='lat' dir='ltr'>esset</span> <span class='ocrx_word' id='word_1_141' title='bbox 627 2286 670 2351; x_wconf 84' lang='lat' dir='ltr'>ed</span> <span class='ocrx_word' id='word_1_142' title='bbox 697 2287 784 2353; x_wconf 89' lang='lat' dir='ltr'>hunc</span> <span class='ocrx_word' id='word_1_143' title='bbox 814 2287 902 2352; x_wconf 92' lang='lat' dir='ltr'>diem</span> <span class='ocrx_word' id='word_1_144' title='bbox 931 2286 1085 2352; x_wconf 89' lang='lat' dir='ltr'>auditura</span> <span class='ocrx_word' id='word_1_145' title='bbox 1112 2285 1269 2352; x_wconf 90' lang='lat' dir='ltr'>iudicium</span> <span class='ocrx_word' id='word_1_146' title='bbox 1298 2311 1401 2353; x_wconf 87' lang='lat' dir='ltr'>sumn</span> <span class='ocrx_word' id='word_1_147' title='bbox 1448 2290 1493 2354; x_wconf 87' lang='lat' dir='ltr'>Et</span> 
     </span>
     <span class='ocr_line' id='line_1_20' title="bbox 389 2391 1495 2477; baseline 0.001 -22"><span class='ocrx_word' id='word_1_148' title='bbox 389 2391 516 2456; x_wconf 81' lang='lat' dir='ltr'>Joweta</span> <span class='ocrx_word' id='word_1_149' title='bbox 540 2391 634 2455; x_wconf 90' lang='lat' dir='ltr'>uenit</span> <span class='ocrx_word' id='word_1_150' title='bbox 657 2398 692 2456; x_wconf 88' lang='lat' dir='ltr'>et</span> <span class='ocrx_word' id='word_1_151' title='bbox 714 2413 780 2455; x_wconf 92' lang='lat' dir='ltr'>non</span> <span class='ocrx_word' id='word_1_152' title='bbox 803 2399 912 2477; x_wconf 84' lang='lat' dir='ltr'>potest</span> <span class='ocrx_word' id='word_1_153' title='bbox 936 2413 1049 2456; x_wconf 79' lang='lat' dir='ltr'>sanare</span> <span class='ocrx_word' id='word_1_154' title='bbox 1072 2391 1228 2457; x_wconf 75' lang='lat' dir='ltr'>defaltum</span> <span class='ocrx_word' id='word_1_155' title='bbox 1249 2399 1285 2456; x_wconf 91' lang='lat' dir='ltr'>et</span> <span class='ocrx_word' id='word_1_156' title='bbox 1308 2391 1383 2456; x_wconf 90' lang='lat' dir='ltr'>ideo</span> <span class='ocrx_word' id='word_1_157' title='bbox 1408 2392 1495 2459; x_wconf 82' lang='lat' dir='ltr'>Con-</span> 
     </span>
    </p>
   </div>
   <div class='ocr_carea' id='block_1_6' title="bbox 388 2492 1495 2682">
    <p class='ocr_par' dir='ltr' id='par_1_7' title="bbox 388 2492 1495 2682">
     <span class='ocr_line' id='line_1_21' title="bbox 388 2492 1495 2582; baseline 0.003 -25"><span class='ocrx_word' id='word_1_158' title='bbox 388 2492 566 2558; x_wconf 88' lang='lat' dir='ltr'>sideratum</span> <span class='ocrx_word' id='word_1_159' title='bbox 586 2494 740 2581; x_wconf 86' lang='lat' dir='ltr'>estquod</span> <span class='ocrx_word' id='word_1_160' title='bbox 762 2494 899 2559; x_wconf 88' lang='lat' dir='ltr'>Matillis</span> <span class='ocrx_word' id='word_1_161' title='bbox 920 2495 1126 2581; x_wconf 87' lang='lat' dir='ltr'>recuperauit</span> <span class='ocrx_word' id='word_1_162' title='bbox 1147 2494 1298 2560; x_wconf 75' lang='lat' dir='ltr'>saisinam</span> <span class='ocrx_word' id='word_1_163' title='bbox 1319 2517 1413 2560; x_wconf 86' lang='lat' dir='ltr'>suam</span> <span class='ocrx_word' id='word_1_164' title='bbox 1435 2518 1495 2582; x_wconf 89' lang='lat' dir='ltr'>per</span> 
     </span>
     <span class='ocr_line' id='line_1_22' title="bbox 389 2593 1442 2682; baseline 0.003 -24"><span class='ocrx_word' id='word_1_165' title='bbox 389 2593 543 2658; x_wconf 74' lang='lat' dir='ltr'>defaltum</span> <span class='ocrx_word' id='word_1_166' title='bbox 559 2602 593 2659; x_wconf 89' lang='grc'>61</span> <span class='ocrx_word' id='word_1_167' title='bbox 606 2595 630 2658; x_wconf 85' lang='lat' dir='ltr'><strong>J</strong></span> <span class='ocrx_word' id='word_1_168' title='bbox 631 2603 734 2659; x_wconf 83' lang='lat' dir='ltr'>oweta</span> <span class='ocrx_word' id='word_1_169' title='bbox 748 2593 783 2659; x_wconf 92' lang='lat' dir='ltr'>in</span> <span class='ocrx_word' id='word_1_170' title='bbox 798 2594 1017 2660; x_wconf 84' lang='lat' dir='ltr'>misericordia</span> <span class='ocrx_word' id='word_1_171' title='bbox 1030 2604 1066 2660; x_wconf 89' lang='lat' dir='ltr'>et</span> <span class='ocrx_word' id='word_1_172' title='bbox 1080 2603 1236 2681; x_wconf 88' lang='lat' dir='ltr'>queratur</span> <span class='ocrx_word' id='word_1_173' title='bbox 1249 2595 1442 2682; x_wconf 82' lang='lat' dir='ltr'>inquisici0⁴.</span> 
     </span>
    </p>
   </div>
   <div class='ocr_carea' id='block_1_7' title="bbox 388 2699 1496 3514">
    <p class='ocr_par' dir='ltr' id='par_1_8' title="bbox 388 2699 1496 3514">
     <span class='ocr_line' id='line_1_23' title="bbox 453 2699 1495 2786; baseline 0.002 -22"><span class='ocrx_word' id='word_1_174' title='bbox 453 2699 565 2764; x_wconf 85' lang='lat' dir='ltr'>Assisa</span> <span class='ocrx_word' id='word_1_175' title='bbox 588 2699 681 2764; x_wconf 86' lang='lat' dir='ltr'>uenit</span> <span class='ocrx_word' id='word_1_176' title='bbox 701 2699 907 2786; x_wconf 80' lang='lat' dir='ltr'>recognitum</span> <span class='ocrx_word' id='word_1_177' title='bbox 925 2699 999 2785; x_wconf 88' lang='lat' dir='ltr'>quis</span> <span class='ocrx_word' id='word_1_178' title='bbox 1018 2699 1196 2764; x_wconf 86' lang='lat' dir='ltr'>aduocatus</span> <span class='ocrx_word' id='word_1_179' title='bbox 1215 2707 1275 2764; x_wconf 82' lang='lat' dir='ltr'>etc</span> <span class='ocrx_word' id='word_1_180' title='bbox 1290 2701 1495 2786; x_wconf 84' lang='lat' dir='ltr'>presentauit</span> 
     </span>
     <span class='ocr_line' id='line_1_24' title="bbox 389 2803 1495 2890; baseline 0.001 -21"><span class='ocrx_word' id='word_1_181' title='bbox 389 2811 449 2870; x_wconf 90' lang='lat' dir='ltr'>etc.</span> <span class='ocrx_word' id='word_1_182' title='bbox 465 2803 507 2868; x_wconf 86' lang='lat' dir='ltr'>ad</span> <span class='ocrx_word' id='word_1_183' title='bbox 522 2803 689 2870; x_wconf 85' lang='lat' dir='ltr'>ecclesiam</span> <span class='ocrx_word' id='word_1_184' title='bbox 706 2803 737 2869; x_wconf 86' lang='lat' dir='ltr'>S.</span> <span class='ocrx_word' id='word_1_185' title='bbox 754 2803 923 2869; x_wconf 81' lang='lat' dir='ltr'>Michaelis</span> <span class='ocrx_word' id='word_1_186' title='bbox 942 2803 983 2868; x_wconf 92' lang='lat' dir='ltr'>de</span> <span class='ocrx_word' id='word_1_187' title='bbox 999 2803 1233 2890; x_wconf 81' lang='lat' dir='ltr'>Cauntebrigia</span> <span class='ocrx_word' id='word_1_188' title='bbox 1251 2825 1315 2889; x_wconf 86' lang='lat' dir='ltr'>que</span> <span class='ocrx_word' id='word_1_189' title='bbox 1337 2814 1437 2870; x_wconf 82' lang='lat' dir='ltr'>uacat</span> <span class='ocrx_word' id='word_1_190' title='bbox 1455 2803 1495 2870; x_wconf 82' lang='lat' dir='ltr'>ut</span> 
     </span>
     <span class='ocr_line' id='line_1_25' title="bbox 389 2909 1495 2978; baseline 0.002 -3"><span class='ocrx_word' id='word_1_191' title='bbox 389 2909 509 2976; x_wconf 86' lang='lat' dir='ltr'>dicitur</span> <span class='ocrx_word' id='word_1_192' title='bbox 532 2911 624 2976; x_wconf 88' lang='lat' dir='ltr'>cuius</span> <span class='ocrx_word' id='word_1_193' title='bbox 645 2911 893 2976; x_wconf 84' lang='lat' dir='ltr'>aduocacicnem</span> <span class='ocrx_word' id='word_1_194' title='bbox 915 2911 1082 2976; x_wconf 86' lang='lat' dir='ltr'>Johannes</span> <span class='ocrx_word' id='word_1_195' title='bbox 1103 2909 1190 2975; x_wconf 90' lang='lat' dir='ltr'>filius</span> <span class='ocrx_word' id='word_1_196' title='bbox 1215 2910 1344 2977; x_wconf 87' lang='lat' dir='ltr'>Isaunti</span> <span class='ocrx_word' id='word_1_197' title='bbox 1373 2912 1495 2978; x_wconf 85' lang='lat' dir='ltr'>clamat</span> 
     </span>
     <span class='ocr_line' id='line_1_26' title="bbox 388 3015 1496 3102; baseline 0.003 -22"><span class='ocrx_word' id='word_1_198' title='bbox 388 3036 501 3080; x_wconf 83' lang='lat' dir='ltr'>uersus</span> <span class='ocrx_word' id='word_1_199' title='bbox 509 3015 691 3082; x_wconf 88' lang='lat' dir='ltr'>Walterum</span> <span class='ocrx_word' id='word_1_200' title='bbox 701 3015 805 3080; x_wconf 86' lang='lat' dir='ltr'>filium</span> <span class='ocrx_word' id='word_1_201' title='bbox 814 3015 1057 3102; x_wconf 85' lang='lat' dir='ltr'>Absclonis,qui</span> <span class='ocrx_word' id='word_1_202' title='bbox 1065 3016 1158 3080; x_wconf 86' lang='lat' dir='ltr'>uenit</span> <span class='ocrx_word' id='word_1_203' title='bbox 1167 3024 1202 3080; x_wconf 87' lang='lat' dir='ltr'>et</span> <span class='ocrx_word' id='word_1_204' title='bbox 1211 3016 1290 3081; x_wconf 88' lang='lat' dir='ltr'>dicit</span> <span class='ocrx_word' id='word_1_205' title='bbox 1298 3017 1496 3102; x_wconf 68' lang='lat' dir='ltr'>quodaaeisa</span> 
     </span>
     <span class='ocr_line' id='line_1_27' title="bbox 389 3119 1496 3212; baseline 0.002 -28"><span class='ocrx_word' id='word_1_206' title='bbox 389 3141 454 3185; x_wconf 89' lang='lat' dir='ltr'>non</span> <span class='ocrx_word' id='word_1_207' title='bbox 473 3120 572 3186; x_wconf 81' lang='lat' dir='ltr'>debet</span> <span class='ocrx_word' id='word_1_208' title='bbox 591 3120 667 3187; x_wconf 87' lang='lat' dir='ltr'>inde</span> <span class='ocrx_word' id='word_1_209' title='bbox 686 3121 766 3198; x_wconf 87' lang='lat' dir='ltr'>fieri,</span> <span class='ocrx_word' id='word_1_210' title='bbox 781 3119 859 3206; x_wconf 88' lang='lat' dir='ltr'>quia</span> <span class='ocrx_word' id='word_1_211' title='bbox 873 3120 1006 3212; x_wconf 71' lang='lat' dir='ltr'>quidam</span> <span class='ocrx_word' id='word_1_212' title='bbox 1021 3119 1083 3184; x_wconf 90' lang='lat' dir='ltr'>Iuc</span> <span class='ocrx_word' id='word_1_213' title='bbox 1101 3120 1272 3206; x_wconf 83' lang='lat' dir='ltr'>Pipestran</span> <span class='ocrx_word' id='word_1_214' title='bbox 1292 3123 1496 3206; x_wconf 81' lang='lat' dir='ltr'>presentauit</span> 
     </span>
     <span class='ocr_line' id='line_1_28' title="bbox 389 3222 1495 3312; baseline 0.001 -24"><span class='ocrx_word' id='word_1_215' title='bbox 389 3223 550 3309; x_wconf 88' lang='lat' dir='ltr'>quendam</span> <span class='ocrx_word' id='word_1_216' title='bbox 565 3223 766 3290; x_wconf 90' lang='lat' dir='ltr'>Willelmum</span> <span class='ocrx_word' id='word_1_217' title='bbox 781 3222 886 3287; x_wconf 91' lang='lat' dir='ltr'>filium</span> <span class='ocrx_word' id='word_1_218' title='bbox 900 3222 1073 3288; x_wconf 86' lang='lat' dir='ltr'>Absclonis</span> <span class='ocrx_word' id='word_1_219' title='bbox 1091 3222 1135 3287; x_wconf 91' lang='lat' dir='ltr'>ad</span> <span class='ocrx_word' id='word_1_220' title='bbox 1154 3223 1291 3288; x_wconf 89' lang='lat' dir='ltr'>eandem</span> <span class='ocrx_word' id='word_1_221' title='bbox 1310 3231 1371 3289; x_wconf 77' lang='lat' dir='ltr'>etc</span> <span class='ocrx_word' id='word_1_222' title='bbox 1387 3225 1495 3312; x_wconf 80' lang='lat' dir='ltr'>etqui</span> 
     </span>
     <span class='ocr_line' id='line_1_29' title="bbox 388 3325 1495 3414; baseline 0.001 -22"><span class='ocrx_word' id='word_1_223' title='bbox 388 3327 430 3392; x_wconf 82' lang='lat' dir='ltr'>ad</span> <span class='ocrx_word' id='word_1_224' title='bbox 445 3327 720 3414; x_wconf 84' lang='lat' dir='ltr'>presentacicnem</span> <span class='ocrx_word' id='word_1_225' title='bbox 735 3349 826 3392; x_wconf 86' lang='lat' dir='ltr'>suam</span> <span class='ocrx_word' id='word_1_226' title='bbox 842 3326 906 3390; x_wconf 85' lang='lat' dir='ltr'>fuit</span> <span class='ocrx_word' id='word_1_227' title='bbox 920 3325 1079 3390; x_wconf 86' lang='lat' dir='ltr'>admissus</span> <span class='ocrx_word' id='word_1_228' title='bbox 1090 3334 1125 3390; x_wconf 92' lang='lat' dir='ltr'>et</span> <span class='ocrx_word' id='word_1_229' title='bbox 1136 3325 1254 3390; x_wconf 88' lang='lat' dir='ltr'>ultimo</span> <span class='ocrx_word' id='word_1_230' title='bbox 1266 3325 1348 3391; x_wconf 90' lang='lat' dir='ltr'>obiit</span> <span class='ocrx_word' id='word_1_231' title='bbox 1356 3349 1495 3413; x_wconf 86' lang='lat' dir='ltr'>persona</span> 
     </span>
     <span class='ocr_line' id='line_1_30' title="bbox 390 3428 1494 3514; baseline -0.001 -18"><span class='ocrx_word' id='word_1_232' title='bbox 390 3431 424 3496; x_wconf 90' lang='lat' dir='ltr'>in</span> <span class='ocrx_word' id='word_1_233' title='bbox 446 3431 618 3509; x_wconf 74' lang='lat' dir='ltr'>eademst</span> <span class='ocrx_word' id='word_1_234' title='bbox 637 3431 723 3496; x_wconf 88' lang='lat' dir='ltr'>idem</span> <span class='ocrx_word' id='word_1_235' title='bbox 745 3431 806 3495; x_wconf 88' lang='lat' dir='ltr'>Ino</span> <span class='ocrx_word' id='word_1_236' title='bbox 826 3429 909 3495; x_wconf 90' lang='lat' dir='ltr'>obiit</span> <span class='ocrx_word' id='word_1_237' title='bbox 930 3429 1000 3494; x_wconf 86' lang='grc'><strong>61116</strong></span> <span class='ocrx_word' id='word_1_238' title='bbox 1021 3428 1141 3494; x_wconf 87' lang='lat' dir='ltr'>herede</span> <span class='ocrx_word' id='word_1_239' title='bbox 1163 3428 1204 3494; x_wconf 91' lang='lat' dir='ltr'>de</span> <span class='ocrx_word' id='word_1_240' title='bbox 1226 3451 1356 3514; x_wconf 88' lang='lat' dir='ltr'>corpore</span> <span class='ocrx_word' id='word_1_241' title='bbox 1377 3453 1439 3495; x_wconf 89' lang='lat' dir='ltr'>suc</span> <span class='ocrx_word' id='word_1_242' title='bbox 1460 3440 1494 3495; x_wconf 89' lang='lat' dir='ltr'>et</span> 
     </span>
    </p>
   </div>
   <div class='ocr_carea' id='block_1_8' title="bbox 387 3635 1493 4038">
    <p class='ocr_par' dir='ltr' id='par_1_9' title="bbox 387 3635 1493 4038">
     <span class='ocr_line' id='line_1_31' title="bbox 388 3635 1492 3724; baseline -0.002 -20"><span class='ocrx_word' id='word_1_243' title='bbox 388 3638 549 3705; x_wconf 82' lang='lat' dir='ltr'>Johannis</span> <span class='ocrx_word' id='word_1_244' title='bbox 581 3639 638 3724; x_wconf 89' lang='lat' dir='ltr'>qui</span> <span class='ocrx_word' id='word_1_245' title='bbox 672 3639 799 3716; x_wconf 86' lang='lat' dir='ltr'>clamat,</span> <span class='ocrx_word' id='word_1_246' title='bbox 829 3645 865 3702; x_wconf 90' lang='lat' dir='ltr'>et</span> <span class='ocrx_word' id='word_1_247' title='bbox 899 3636 997 3702; x_wconf 87' lang='lat' dir='ltr'>aliam</span> <span class='ocrx_word' id='word_1_248' title='bbox 1026 3637 1149 3701; x_wconf 88' lang='lat' dir='ltr'>Deram</span> <span class='ocrx_word' id='word_1_249' title='bbox 1177 3635 1307 3700; x_wconf 89' lang='lat' dir='ltr'>nomine</span> <span class='ocrx_word' id='word_1_250' title='bbox 1336 3637 1492 3702; x_wconf 86' lang='lat' dir='ltr'>secundo-</span> 
     </span>
     <span class='ocr_line' id='line_1_32' title="bbox 387 3740 1491 3830; baseline -0.001 -23"><span class='ocrx_word' id='word_1_251' title='bbox 387 3743 533 3830; x_wconf 86' lang='lat' dir='ltr'>genitam</span> <span class='ocrx_word' id='word_1_252' title='bbox 555 3751 692 3808; x_wconf 88' lang='lat' dir='ltr'>matrem</span> <span class='ocrx_word' id='word_1_253' title='bbox 714 3743 816 3830; x_wconf 86' lang='lat' dir='ltr'>ipsius</span> <span class='ocrx_word' id='word_1_254' title='bbox 838 3741 986 3820; x_wconf 84' lang='lat' dir='ltr'>Walteri,</span> <span class='ocrx_word' id='word_1_255' title='bbox 1008 3751 1044 3807; x_wconf 90' lang='lat' dir='ltr'>et</span> <span class='ocrx_word' id='word_1_256' title='bbox 1069 3741 1203 3806; x_wconf 76' lang='lat' dir='ltr'>terciam</span> <span class='ocrx_word' id='word_1_257' title='bbox 1229 3740 1436 3820; x_wconf 83' lang='lat' dir='ltr'>Matillidem,</span> <span class='ocrx_word' id='word_1_258' title='bbox 1457 3751 1491 3807; x_wconf 90' lang='lat' dir='ltr'>et</span> 
     </span>
     <span class='ocr_line' id='line_1_33' title="bbox 388 3845 1493 3933; baseline 0 -23"><span class='ocrx_word' id='word_1_259' title='bbox 388 3853 537 3932; x_wconf 87' lang='lat' dir='ltr'>quartam</span> <span class='ocrx_word' id='word_1_260' title='bbox 557 3847 733 3912; x_wconf 84' lang='lat' dir='ltr'>Albredam</span> <span class='ocrx_word' id='word_1_261' title='bbox 753 3847 893 3925; x_wconf 88' lang='lat' dir='ltr'>nomine,</span> <span class='ocrx_word' id='word_1_262' title='bbox 907 3869 971 3933; x_wconf 89' lang='lat' dir='ltr'>que</span> <span class='ocrx_word' id='word_1_263' title='bbox 991 3845 1086 3912; x_wconf 85' lang='lat' dir='ltr'>ambe</span> <span class='ocrx_word' id='word_1_264' title='bbox 1110 3845 1261 3911; x_wconf 85' lang='lat' dir='ltr'>obienmt</span> <span class='ocrx_word' id='word_1_265' title='bbox 1283 3845 1353 3910; x_wconf 90' lang='lat' dir='ltr'>sine</span> <span class='ocrx_word' id='word_1_266' title='bbox 1374 3845 1493 3911; x_wconf 77' lang='lat' dir='ltr'>herede</span> 
     </span>
     <span class='ocr_line' id='line_1_34' title="bbox 387 3949 1493 4038; baseline 0.002 -22"><span class='ocrx_word' id='word_1_267' title='bbox 387 3950 428 4016; x_wconf 91' lang='lat' dir='ltr'>de</span> <span class='ocrx_word' id='word_1_268' title='bbox 452 3974 495 4030; x_wconf 89' lang='lat' dir='ltr'>se,</span> <span class='ocrx_word' id='word_1_269' title='bbox 519 3959 553 4016; x_wconf 92' lang='lat' dir='ltr'>et</span> <span class='ocrx_word' id='word_1_270' title='bbox 580 3959 707 4017; x_wconf 79' lang='lat' dir='ltr'>mortuo</span> <span class='ocrx_word' id='word_1_271' title='bbox 735 3952 881 4038; x_wconf 85' lang='lat' dir='ltr'>predicto</span> <span class='ocrx_word' id='word_1_272' title='bbox 906 3951 1010 4018; x_wconf 90' lang='lat' dir='ltr'>Iucne</span> <span class='ocrx_word' id='word_1_273' title='bbox 1033 3951 1194 4017; x_wconf 86' lang='lat' dir='ltr'>dederunt</span> <span class='ocrx_word' id='word_1_274' title='bbox 1216 3949 1362 4036; x_wconf 75' lang='lat' dir='ltr'>predicte</span> <span class='ocrx_word' id='word_1_275' title='bbox 1385 3950 1493 4018; x_wconf 86' lang='lat' dir='ltr'>Alicia</span> 
     </span>
    </p>
   </div>
   <div class='ocr_carea' id='block_1_9' title="bbox 389 4119 1491 4315">
    <p class='ocr_par' dir='ltr' id='par_1_10' title="bbox 389 4119 1491 4315">
     <span class='ocr_line' id='line_1_35' title="bbox 422 4119 1093 4185; baseline 0.001 -15"><span class='ocrx_word' id='word_1_276' title='bbox 422 4119 432 4154; x_wconf 86' lang='lat'>¹</span> <span class='ocrx_word' id='word_1_277' title='bbox 448 4119 489 4182; x_wconf 85' lang='lat' dir='ltr'>By</span> <span class='ocrx_word' id='word_1_278' title='bbox 514 4120 559 4172; x_wconf 86' lang='grc'><strong>1116</strong></span> <span class='ocrx_word' id='word_1_279' title='bbox 589 4121 733 4172; x_wconf 87' lang='lat' dir='ltr'>occasional</span> <span class='ocrx_word' id='word_1_280' title='bbox 764 4123 914 4172; x_wconf 83' lang='lat' dir='ltr'>annotator.</span> <span class='ocrx_word' id='word_1_281' title='bbox 966 4121 1093 4185; x_wconf 79' lang='lat' dir='ltr'>Geoflrey.</span> 
     </span>
     <span class='ocr_line' id='line_1_36' title="bbox 390 4184 1152 4250; baseline 0.004 -16"><span class='ocrx_word' id='word_1_282' title='bbox 390 4184 438 4235; x_wconf 83' lang='lat' dir='ltr'>Sec</span> <span class='ocrx_word' id='word_1_283' title='bbox 453 4185 498 4234; x_wconf 89' lang='lat' dir='ltr'>Br.</span> <span class='ocrx_word' id='word_1_284' title='bbox 518 4187 613 4238; x_wconf 79' lang='lat'>1.4³0.</span> <span class='ocrx_word' id='word_1_285' title='bbox 647 4187 703 4238; x_wconf 91' lang='lat' dir='ltr'>One</span> <span class='ocrx_word' id='word_1_286' title='bbox 725 4201 786 4250; x_wconf 79' lang='lat' dir='ltr'>may</span> <span class='ocrx_word' id='word_1_287' title='bbox 808 4186 859 4236; x_wconf 88' lang='lat' dir='ltr'>call</span> <span class='ocrx_word' id='word_1_288' title='bbox 879 4201 915 4236; x_wconf 90' lang='lat' dir='ltr'>on</span> <span class='ocrx_word' id='word_1_289' title='bbox 996 4187 1007 4220; x_wconf 82' lang='lat'>⁸</span> <span class='ocrx_word' id='word_1_290' title='bbox 1024 4185 1152 4237; x_wconf 78' lang='grc'><strong>1111666611</strong></span> 
     </span>
     <span class='ocr_line' id='line_1_37' title="bbox 389 4247 1491 4315; baseline 0.005 -17"><span class='ocrx_word' id='word_1_291' title='bbox 389 4251 462 4300; x_wconf 84' lang='lat' dir='ltr'>onc&#39;s</span> <span class='ocrx_word' id='word_1_292' title='bbox 472 4265 606 4313; x_wconf 86' lang='lat' dir='ltr'>parceners</span> <span class='ocrx_word' id='word_1_293' title='bbox 617 4254 644 4302; x_wconf 89' lang='grc'>16</span> <span class='ocrx_word' id='word_1_294' title='bbox 660 4251 715 4315; x_wconf 86' lang='lat' dir='ltr'>jein</span> <span class='ocrx_word' id='word_1_295' title='bbox 730 4251 760 4301; x_wconf 91' lang='lat' dir='ltr'>in</span> <span class='ocrx_word' id='word_1_296' title='bbox 774 4265 810 4302; x_wconf 88' lang='lat' dir='ltr'>an</span> <span class='ocrx_word' id='word_1_297' title='bbox 827 4249 914 4302; x_wconf 83' lang='lat' dir='ltr'>action</span> <span class='ocrx_word' id='word_1_298' title='bbox 997 4251 1138 4313; x_wconf 77' lang='lat' dir='ltr'>‘Perhaps</span> <span class='ocrx_word' id='word_1_299' title='bbox 1160 4249 1204 4300; x_wconf 83' lang='grc'>116</span> <span class='ocrx_word' id='word_1_300' title='bbox 1226 4247 1330 4312; x_wconf 81' lang='lat' dir='ltr'>inquest</span> <span class='ocrx_word' id='word_1_301' title='bbox 1350 4249 1402 4300; x_wconf 81' lang='lat' dir='ltr'>has</span> <span class='ocrx_word' id='word_1_302' title='bbox 1426 4251 1491 4303; x_wconf 83' lang='lat' dir='ltr'>bean</span> 
     </span>
    </p>
   </div>
   <div class='ocr_carea' id='block_1_10' title="bbox 389 4315 1620 4384">
    <p class='ocr_par' dir='ltr' id='par_1_11' title="bbox 389 4315 1620 4384">
     <span class='ocr_line' id='line_1_38' title="bbox 389 4315 1620 4384; baseline 0.005 -21"><span class='ocrx_word' id='word_1_303' title='bbox 389 4315 429 4364; x_wconf 89' lang='lat' dir='ltr'>lor</span> <span class='ocrx_word' id='word_1_304' title='bbox 439 4329 557 4378; x_wconf 80' lang='lat' dir='ltr'>recovcry</span> <span class='ocrx_word' id='word_1_305' title='bbox 568 4317 597 4365; x_wconf 91' lang='lat' dir='ltr'>cl</span> <span class='ocrx_word' id='word_1_306' title='bbox 605 4317 650 4368; x_wconf 85' lang='grc'><strong>1116</strong></span> <span class='ocrx_word' id='word_1_307' title='bbox 661 4317 731 4368; x_wconf 90' lang='lat' dir='ltr'>land.</span> <span class='ocrx_word' id='word_1_308' title='bbox 965 4316 1042 4367; x_wconf 79' lang='lat' dir='ltr'>taken</span> <span class='ocrx_word' id='word_1_309' title='bbox 1054 4315 1491 4380; x_wconf 72' lang='lat' dir='ltr'>hydelaultandasaarchisncw</span> <span class='ocrx_word' id='word_1_310' title='bbox 1619 4369 1620 4384; x_wconf 24' lang='lat' dir='ltr'>q</span> 
     </span>
    </p>
   </div>
   <div class='ocr_carea' id='block_1_11' title="bbox 422 4379 1405 4446">
    <p class='ocr_par' dir='ltr' id='par_1_12' title="bbox 422 4379 1405 4446">
     <span class='ocr_line' id='line_1_39' title="bbox 422 4379 1405 4446; baseline 0.002 -16"><span class='ocrx_word' id='word_1_311' title='bbox 422 4379 500 4430; x_wconf 79' lang='lat' dir='ltr'>’Sic</span> <span class='ocrx_word' id='word_1_312' title='bbox 533 4381 685 4446; x_wconf 76' lang='lat' dir='ltr'>Byipriare</span> <span class='ocrx_word' id='word_1_313' title='bbox 696 4381 850 4434; x_wconf 77' lang='lat' dir='ltr'>meantloel</span> <span class='ocrx_word' id='word_1_314' title='bbox 862 4379 915 4433; x_wconf 82' lang='lat' dir='ltr'>and</span> <span class='ocrx_word' id='word_1_315' title='bbox 965 4381 1122 4433; x_wconf 84' lang='lat' dir='ltr'>tcbamade</span> <span class='ocrx_word' id='word_1_316' title='bbox 1132 4382 1172 4431; x_wconf 89' lang='lat' dir='ltr'>lor</span> <span class='ocrx_word' id='word_1_317' title='bbox 1182 4379 1367 4432; x_wconf 78' lang='lat' dir='ltr'>thareoerdcl</span> <span class='ocrx_word' id='word_1_318' title='bbox 1375 4381 1405 4432; x_wconf 88' lang='grc'>11.</span> 
     </span>
    </p>
   </div>
   <div class='ocr_carea' id='block_1_12' title="bbox 0 0 1676 5217">
    <p class='ocr_par' dir='ltr' id='par_1_13' title="bbox 0 0 1676 5217">
     <span class='ocr_line' id='line_1_40' title="bbox 0 0 1676 5217; baseline 0 0"><span class='ocrx_word' id='word_1_319' title='bbox 0 0 1676 5217; x_wconf 95' lang='lat' dir='ltr'> </span> 
     </span>
    </p>
   </div>
  </div>
 </body>
</html>
