3342 5217
249 399 320 462 804.

255 499 314 538 surr.

213 1750 345 1838 sere

213 1985 330 2071 ΜΕ*

214 2078 335 2117 domums

262 2164 317 2214 [nn]

214 2699 271 2739 Note
279 2697 335 2746 quod

213 2746 332 2841 Ψ

313 2848 326 2877 o

213 2885 359 2979 tutet

213 2979 309 3065 iffi.

581 4 816 64 mensuum,
838 4 901 53 ΑΛ).
952 0 961 20 ’
1014 40 1021 64 ,
1069 40 1075 53 .

438 182 482 246 Et
510 181 673 245 Robertus
698 178 792 244 uenit
816 186 852 245 et
878 178 963 264 petit
989 177 1064 243 inde
1089 177 1205 255 uisum,
1232 176 1359 241 habeat.
1405 175 1488 241 Dies
1524 160 1527 163 ¹

372 284 469 351 dutus
483 292 534 349 est
548 284 596 349 eis
610 291 670 349 eto.

437 389 558 455 ¹Alioio
594 396 629 453 et
664 388 777 475 Agnes
813 388 880 453 filie
914 388 1058 474 Philippi
1087 382 1267 453 Utdeners'
1289 387 1489 452 summonite

372 495 505 558 fuerunt
524 492 567 557 ed
586 494 659 557 wur'
675 492 793 557 Soluee
813 492 880 556 filie
900 492 1035 557 Henrici
1057 492 1109 578 vij.
1124 513 1185 556 eor.
1203 490 1289 577 prati
1308 514 1383 555 cum
1403 499 1486 577 pert.

371 599 406 663 in
428 595 647 684 Bethesheye'
661 618 742 682 quos
762 603 856 661 tenet
876 604 911 660 et
932 594 973 661 de
996 595 1043 660 eis
1065 604 1177 661 tenore
1199 595 1319 661 elamat
1340 603 1376 659 et
1397 594 1487 659 unde

373 711 494 769 cartem
518 702 662 788 Philippi
684 700 850 766 Utdeners
872 700 973 787 petris
995 702 1139 787 ipserum
1159 700 1251 766 cuius
1266 699 1401 765 heredes
1415 700 1486 786 ipse

373 813 451 871 sunt
466 805 565 870 habet
581 813 620 869 ut
635 803 724 882 dicit,
738 811 773 869 et
788 802 876 868 unde
891 802 1039 889 queritur
1053 803 1140 890 quod
1155 826 1229 869 eum
1242 811 1353 867 tenere
1364 802 1487 867 debeat

373 932 431 995 per
460 908 632 973 seruioium
662 906 868 971 nominatum
898 906 933 970 in
963 915 1052 970 cartu
1081 905 1150 992 ipse
1179 905 1286 970 Alicio
1314 913 1348 970 et
1375 907 1489 991 Agnes

375 1011 508 1077 herbam
529 1010 570 1075 de
591 1018 685 1097 prato
707 1010 763 1073 illo
785 1008 911 1073 fuciunt
932 1008 1090 1095 asportari
1112 1016 1147 1073 et
1168 1006 1354 1073 immittunt
1375 1008 1490 1073 aueria

375 1138 434 1179 sua
456 1121 490 1178 et
512 1113 588 1179 inde
610 1121 748 1199 poscunt
770 1120 911 1197 pratum,
934 1120 969 1177 et
991 1121 1138 1199 preterea
1159 1113 1284 1178 faciunt
1305 1136 1377 1177 esm
1399 1135 1490 1177 sum-

376 1218 500 1282 moneri
528 1216 570 1281 ad
599 1215 722 1281 curiam
752 1238 845 1280 susm
878 1224 991 1282 contra
1026 1224 1148 1281 curtum
1186 1216 1363 1303 predictam
1401 1217 1491 1281 unde

375 1319 605 1386 deterioretus⁸
620 1328 670 1384 est
685 1326 755 1395 ete,
770 1327 804 1384 et
819 1318 906 1383 unde
922 1319 1103 1407 dicitquod
1118 1328 1248 1406 pratum
1269 1319 1350 1384 illud
1369 1319 1488 1384 datum

376 1426 440 1489 fuit
460 1424 624 1489 Willelmo
645 1423 686 1489 de
713 1423 881 1488 Londonia
903 1423 1087 1488 habendum
1111 1431 1146 1489 et
1167 1424 1346 1489 tenendum
1368 1425 1433 1490 sibi
1455 1434 1492 1490 et

377 1515 549 1595 heredibus
564 1528 631 1604 suis
645 1535 680 1593 et
694 1528 868 1615 assignatis
883 1528 958 1606 suis,
973 1535 1007 1593 et
1022 1528 1091 1614 ipse
1106 1528 1138 1594 ei
1152 1529 1334 1616 predictum
1355 1538 1490 1615 pratum

376 1632 555 1721 assignauit
577 1632 672 1718 longe
695 1639 772 1696 ente
794 1640 932 1697 mortem
955 1655 1055 1711 suam,
1078 1640 1113 1698 et
1134 1631 1208 1698 ideo
1232 1634 1318 1719 petit
1343 1634 1432 1721 quod
1459 1636 1492 1701 ei

377 1737 587 1802 warentizent
604 1736 730 1802 desicut
745 1736 931 1801 continetur
946 1737 980 1801 in
995 1745 1085 1802 curta
1099 1737 1185 1823 quod
1200 1738 1305 1803 eidem
1321 1738 1490 1803 Willelmo

298 1938 360 1985 '¹¹¹‘
377 1952 539 2009 uenerunt
559 1952 594 2009 et
612 1952 810 2030 cognoscunt
832 1952 962 2009 certam.
978 1952 1013 2008 et
1034 1943 1149 2009 dicunt
1171 1945 1255 2031 quod
1279 1946 1490 2011 warentimre

376 2047 498 2112 debent
514 2046 619 2113 eidem
636 2047 753 2112 Suluee
768 2048 854 2111 sieut
868 2047 1030 2134 assignate
1046 2047 1148 2133 ipsius
1162 2047 1319 2114 Willelmi
1334 2058 1393 2114 ete
1413 2048 1419 2136 Ι

443 2151 592 2215 Prediote
620 2150 727 2215 Alicio
756 2158 791 2214 et
820 2150 932 2237 Agnes
962 2150 1158 2216 summonite
1194 2153 1326 2216 fuerunt
1360 2152 1403 2218 ad
1437 2177 1487 2218 re-

376 2255 599 2341 spondendum
620 2254 725 2319 eidem
748 2254 888 2339 Selueye
911 2255 952 2320 de
974 2256 1093 2341 placito
1115 2278 1214 2342 quare
1236 2279 1301 2321 non
1324 2258 1433 2322 tenet⁵
1455 2259 1486 2323 ei

376 2361 624 2427 conuentionem
654 2360 774 2425 factem
804 2360 890 2425 inter
917 2361 1004 2447 ipsas
1033 2360 1173 2427 Aliciam
1199 2370 1234 2425 et
1259 2361 1424 2447 Agnetem
1453 2371 1489 2427 et

376 2466 558 2551 predictum
575 2465 776 2529 Willelmum
797 2464 838 2529 de
860 2465 1026 2531 Londoniu
1045 2466 1137 2531 ouius
1159 2466 1322 2552 assignata
1343 2466 1415 2551 ipss
1437 2474 1489 2529 est

376 2570 417 2633 de
436 2570 477 2655 vj.
494 2591 554 2633 aer.
572 2577 657 2633 terre
678 2591 752 2633 oum
774 2570 906 2654 pertin
929 2570 1148 2657 Rutherheye,
1163 2580 1197 2635 et
1220 2568 1305 2634 unde
1327 2570 1487 2656 seriptum

376 2672 538 2759 quoddam
561 2673 684 2737 foetum
707 2673 771 2737 fuit
793 2673 880 2738 inter
903 2698 957 2739 eos
980 2674 1020 2740 de
1048 2675 1161 2741 eudem
1188 2684 1274 2740 tenu
1298 2675 1443 2740 tenenda
1469 2698 1490 2741 a

376 2779 459 2843 festo
477 2778 509 2843 S.
525 2777 729 2864 Athelburge
749 2801 834 2843 anno
855 2779 954 2866 Regis
974 2780 1031 2866 qui
1046 2802 1132 2845 nuno
1152 2787 1202 2844 est
1222 2802 1249 2845 v.
1265 2802 1369 2865 usque
1390 2780 1424 2843 in
1446 2779 1488 2865 vj.

376 2904 477 2946 annos
491 2890 550 2946 ete

443 2985 635 3051 Concordnti
649 2993 727 3050 sunt
742 2986 791 3051 et'
811 2987 979 3052 eoncordia
999 2988 1074 3053 telis
1094 2988 1181 3075 quod
1201 2989 1269 3074 ipse
1287 2996 1488 3074 cognoscunt

376 3096 498 3153 omem
513 3089 554 3154 de
570 3098 663 3175 proto
679 3090 857 3156 confectam
874 3100 908 3156 et
923 3100 1070 3177 preterea
1084 3092 1331 3157 conuentionem
1346 3100 1381 3155 et
1395 3090 1488 3156 illam

377 3193 538 3257 tenebunt
553 3193 732 3259 secundum
753 3195 839 3280 quod
859 3195 894 3259 in
915 3196 1034 3282 scripto
1054 3196 1240 3260 continetur
1258 3193 1345 3281 quod
1366 3194 1490 3260 Sslues

376 3296 506 3382 profert,
527 3306 561 3361 et
585 3321 642 3383 pro
664 3298 725 3364 heo
747 3307 806 3364 ete
831 3300 951 3365 Sslueo
973 3299 1064 3365 dedit
1086 3300 1133 3365 eis
1155 3324 1184 3365 x.
1204 3300 1257 3365 sot
1283 3307 1317 3363 et
1343 3300 1488 3365 remittit

377 3402 424 3466 eis
439 3403 548 3466 omnio,
562 3402 704 3489 dompno
718 3412 777 3469 ete

442 3504 582 3569 ‘Alenus
597 3505 683 3570 filius
698 3506 835 3571 Gulfridi
856 3508 1032 3574 essonietor
1051 3506 1209 3573 Willelmi
1226 3498 1267 3573 de
1287 3506 1349 3607 ΕΙ]
1364 3509 1489 3593 optulit

411 3648 422 3679 ¹
437 3648 467 3699 A
482 3662 517 3699 m.
532 3648 573 3697 15.
959 3650 988 3699 ot
997 3650 1125 3700 slessor's
1136 3652 1261 3700 oorenont
1271 3663 1324 3700 was
1334 3650 1489 3701 considered

411 3711 601 3778 ’Retterteye
614 3712 644 3765 A
960 3714 1103 3778 ossigrrsble
1125 3718 1152 3765 st
1174 3714 1229 3766 this
1247 3714 1319 3779 early
1335 3713 1405 3766 dete
1440 3717 1487 3767 See

410 3776 423 3810 ⁸
439 3778 510 3829 corr.
523 3779 684 3841 deuriormo,
697 3778 727 3831 A
960 3780 1087 3843 sperwere
1101 3782 1163 3829 Ome
1175 3782 1191 3830 5
1202 3778 1264 3841 Bep.
1278 3780 1316 3837 16.
1333 3778 1380 3830 the
1396 3781 1486 3833 fourth

413 3842 542 3894 ‘uenus
555 3843 573 3892 t.
586 3844 618 3894 87
626 3844 651 3893 b.
959 3845 1109 3896 resolution.

412 3906 423 3937 ⁵
439 3907 510 3959 Oorr.
525 3914 609 3957 terrent
616 3928 627 3966 ,·
642 3908 691 3958 but
702 3909 747 3967 sio,
758 3910 788 3961 Δ.
989 3910 1000 3943 ⁷
1018 3910 1117 3972 supply
1127 3916 1171 3960 ert.

412 3972 423 4003 ⁶
439 3971 504 4021 This
520 3972 543 4020 is
559 3972 626 4024 Fitn.
643 3976 794 4033 Oooerrount,
806 3975 848 4024 30.
882 3975 907 4024 It
989 3974 1000 4006 ⁸
1016 3975 1045 4026 A
1060 3990 1094 4025 m.
1111 3976 1142 4025 15
1151 3974 1176 4023 d.

380 4036 404 4085 is
420 4052 481 4099 very
496 4038 657 4100 noteworthy
675 4039 733 4088 thot
749 4040 793 4089 the
809 4040 904 4089 benefit
