3342 5217
680 14 818 77 nnsrnn,
840 16 905 66 nn.
931 4 1024 79 1232,
1047 20 1110 68 nn
1136 8 1185 71 16.

371 192 510 249 mortem
525 184 664 270 predicti
678 185 810 250 Redulfi
831 186 895 251 uiri
915 187 967 251 sui
987 187 1080 253 uenit
1100 196 1134 253 et
1155 188 1333 257 disseisiuit
1355 195 1486 263 eosdem

371 288 537 374 Regerum
567 297 602 353 et
631 290 828 355 Matillidem
858 290 898 356 de
928 298 1016 356 terra
1041 280 1079 355 in
1109 293 1310 381 Brumlegha
1338 296 1372 360 in
1402 322 1483 363 com.

372 392 502 457 Surreie
516 391 566 457 ita
585 394 671 479 quod
691 393 754 479 ipsi
776 381 1034 459 arramiauerunt
1056 396 1188 461 assisam
1210 420 1295 463 noue
1317 399 1485 467 disscisine

371 518 484 561 uersus
513 495 651 561 eandem
680 496 876 561 Beatricinm
906 520 1012 561 coram
1042 498 1486 569 iusticiariisitinerantibus

370 600 458 684 apud
481 597 768 665 Bermundeseinm
791 608 925 664 stante
949 601 1134 686 capcionem
1157 603 1244 668 illius
1267 606 1365 671 essise
1390 602 1485 671 uenit

370 700 441 787 ipsa
456 702 618 767 Bectricia
633 710 667 766 et
681 702 823 766 reddidit
840 702 886 766 eis
901 702 1053 767 seisinam
1068 704 1166 769 illam.
1212 706 1256 771 Et
1278 707 1426 794 Rogerus
1449 720 1485 776 et

370 806 509 870 Matillis
530 805 590 869 hoc
612 805 831 891 cognoscunt¹.
878 806 929 870 De
952 807 971 871 l.
995 808 1049 872 sol.
1074 816 1159 873 terre
1181 810 1217 873 in
1239 811 1424 877 Tmneham
1448 814 1483 878 in

371 933 450 974 com.
484 908 609 973 Kcncie
646 908 760 973 dicunt
797 909 860 994 ipsi
897 910 997 996 Hugo
1034 920 1068 975 et
1107 910 1269 976 Beetricia
1297 915 1384 998 quod
1412 916 1485 1001 ipsu

371 1012 533 1077 Beetricia
561 1034 729 1097 nunquam
759 1020 832 1098 post
862 1021 998 1077 mortem
1029 1012 1161 1078 Rndulfi
1192 1014 1255 1079 uiri
1280 1016 1332 1081 sui
1358 1018 1422 1083 fuit
1449 1020 1484 1083 in

370 1117 489 1181 seisina
502 1116 543 1181 de
559 1116 672 1181 eadem
687 1126 780 1181 terra„

436 1221 480 1284 Et
495 1220 661 1284 Johannes
675 1219 755 1284 dicit
770 1220 857 1306 quod
873 1220 944 1305 ipsa
959 1219 1022 1284 fuit
1037 1220 1072 1284 in
1087 1221 1206 1286 seisina
1216 1222 1257 1287 de
1269 1224 1383 1289 eadem
1395 1232 1485 1291 terra

369 1346 429 1409 per
447 1347 475 1388 v.
491 1346 592 1387 annos
611 1321 665 1386 uel
687 1344 743 1386 sex
765 1330 839 1407 post
862 1330 1000 1388 mortem
1022 1324 1160 1409 predicti
1182 1326 1314 1392 Radulfi
1336 1328 1400 1392 uiri
1422 1330 1484 1406 sui,

368 1424 417 1488 ita
430 1423 516 1509 quod
531 1433 757 1510 postmortem
772 1425 874 1511 ipsius
891 1425 1021 1490 Radulfi
1043 1426 1190 1492 feoffuuit
1210 1430 1282 1516 ipsa
1301 1432 1482 1497 Henricum

369 1526 410 1592 de
432 1527 688 1592 Wintereshulla
709 1528 750 1592 de
771 1536 865 1613 purte
887 1528 975 1593 illius
998 1538 1082 1594 terre
1108 1530 1143 1593 in
1167 1553 1245 1595 com.
1271 1533 1401 1599 Surreie
1426 1536 1485 1621 qui

369 1630 475 1694 adhuc
500 1638 619 1694 terram
645 1630 735 1694 illam
759 1639 859 1696 tenet.
905 1632 1020 1696 Visum
1048 1642 1098 1696 est
1123 1633 1290 1699 recordum
1316 1636 1356 1700 dc
1383 1637 1485 1701 assisa

369 1756 453 1798 noue
475 1733 642 1798 disseisine
662 1757 769 1798 coram
790 1734 977 1799 iusticiariis
997 1735 1228 1801 itinerantibus
1250 1746 1284 1802 et
1306 1738 1483 1805 inuentum

368 1845 419 1901 est
433 1837 468 1900 in
483 1835 596 1900 ecdem
611 1835 696 1921 quod
712 1837 858 1922 Rogerus
873 1845 908 1901 et
923 1837 1059 1901 Matillis
1074 1838 1222 1904 tulerunt
1240 1841 1374 1905 assisam
1395 1864 1483 1907 noue

368 1940 535 2005 disseisine
564 1963 678 2005 uersus
713 1939 897 2026 predictum
934 1942 1112 2029 Hugonem
1148 1951 1184 2007 et
1213 1944 1409 2010 Beatriciam
1448 1957 1483 2012 et

370 2042 550 2107 Hernicum
579 2042 619 2106 de
649 2042 906 2108 Wintereshulla
941 2052 976 2108 et
1006 2044 1092 2129 quod
1122 2046 1222 2132 Hugo
1252 2056 1286 2111 et
1317 2048 1484 2113 Beatricin

367 2145 579 2210 reddiderunt
605 2145 711 2211 eidem
734 2148 861 2232 Rogero
883 2157 918 2211 et
940 2148 1096 2213 Matillidi
1121 2150 1272 2215 seisinam
1294 2174 1388 2215 suam
1410 2152 1481 2217 sine

368 2251 551 2315 iuramento
568 2250 805 2336 recognitumm
827 2259 862 2315 et
882 2272 995 2315 uersus
1016 2252 1196 2317 Henricum
1219 2276 1253 2318 se
1275 2263 1484 2319 retraxerunt

368 2362 403 2418 et
424 2354 627 2441 recognitum
649 2353 713 2418 fuit
735 2353 822 2439 qued
845 2354 1009 2419 Beatriciu
1030 2355 1094 2418 fuit
1117 2356 1152 2419 in
1176 2355 1295 2420 seisina
1319 2378 1379 2443 per
1400 2357 1483 2423 duos

367 2482 468 2524 annos
482 2467 658 2544 antequam
674 2458 760 2543 cepit
774 2458 810 2522 in
825 2457 932 2522 uirum
948 2458 1132 2543 predictum
1148 2461 1332 2546 Hugonem.

435 2561 594 2626 Ricardus
616 2561 657 2625 de
678 2560 905 2625 Hulrecumba
922 2560 1008 2646 petit
1023 2582 1136 2626 uersus
1152 2562 1319 2627 Eudonem
1335 2562 1376 2628 de
1391 2564 1485 2630 Bello

284 2686 297 2714 ⁰
370 2666 494 2752 Campo
510 2667 534 2752 j.
552 2690 652 2731 carue.
669 2674 755 2731 terre
771 2688 846 2730 cum
861 2674 942 2751 pert.
958 2665 993 2729 in
1008 2666 1234 2731 Hulrecumbn
1256 2675 1290 2731 ct
1311 2668 1483 2746 Broctona‚

369 2777 403 2833 et
417 2792 531 2833 uersus
551 2770 751 2835 Almaricum
774 2791 943 2854 personam
963 2768 1095 2833 ecclesie
1111 2769 1151 2833 de
1167 2769 1268 2833 Hulle
1284 2770 1360 2837 dim.
1377 2794 1481 2838 carue.

369 2881 454 2937 terre
471 2896 544 2937 cum
567 2881 647 2958 pert.
664 2873 698 2936 in
721 2872 843 2937 eisdem
866 2871 962 2949 uillis,
980 2879 1014 2936 et
1036 2894 1150 2936 uersus
1172 2872 1355 2937 Mirnndam
1378 2874 1480 2939 filiam

368 2974 507 3039 Walteri
532 2975 573 3039 de
596 2974 808 3061 Stiuingtcna
828 2974 852 3059 j.
877 2974 958 3061 uirg.
984 2982 1069 3039 terre
1093 2997 1168 3038 cum
1192 2982 1272 3060 pert.
1297 2976 1332 3038 in
1357 2976 1481 3041 eisdem

367 3078 455 3142 uillis
478 3086 517 3142 ut
539 3078 590 3141 ius
612 3100 709 3142 suum
730 3077 818 3141 unde
841 3076 1027 3143 Willelmus
1048 3086 1142 3162 pater
1163 3099 1241 3141 suus
1262 3078 1326 3141 fuit
1348 3078 1481 3144 scisitus

369 3189 428 3246 etc.
445 3188 589 3265 tempore
604 3181 633 3245 J.
651 3180 751 3265 Regis
773 3179 930 3264 capiendo
952 3187 1022 3256 etc,
1037 3188 1072 3243 et
1092 3179 1132 3244 de
1153 3179 1297 3265 predicto
1313 3180 1480 3246 Willelmo

368 3282 536 3348 descendit
557 3283 609 3347 ius
629 3292 714 3347 terre
729 3282 819 3347 illius
833 3282 890 3347 isti
905 3282 1043 3347 Ricardo
1058 3292 1097 3347 ut
1112 3282 1178 3346 filio
1193 3290 1228 3346 et
1243 3282 1356 3347 heredi
1371 3306 1430 3349 suo
1446 3294 1481 3351 et

368 3387 455 3473 quod
470 3386 536 3450 tale
551 3387 595 3451 sit
609 3386 661 3451 ius
675 3409 771 3451 suum
786 3396 846 3451 etc.
863 3388 957 3451 offert
973 3396 1031 3452 etc.
1052 3386 1057 3475 Ι

434 3492 478 3554 Et
506 3490 689 3555 Almaricus
719 3499 753 3555 et
782 3491 933 3555 Miranda
962 3492 1102 3555 ueniunt
1126 3500 1160 3555 et
1187 3499 1306 3555 uocant
1332 3490 1410 3557 inde
1436 3492 1478 3559 ad

368 3602 548 3658 warantum
584 3594 767 3679 predictum
804 3594 975 3659 Eudonem
1011 3594 1067 3680 qui
1104 3615 1235 3680 presens
1271 3602 1322 3658 est
1359 3602 1394 3660 et
1432 3594 1479 3661 eis

368 3697 564 3773 warentizat
590 3705 625 3762 et
653 3697 734 3761 dicit
760 3697 848 3784 quod
873 3721 938 3763 non
963 3698 1063 3763 debet
1089 3697 1156 3763 eis*
1180 3698 1374 3784 respondere
1400 3702 1480 3787 quis

367 3804 447 3867 alias
476 3803 540 3867 fuit
565 3803 722 3888 placitum
748 3803 835 3867 inter
861 3826 915 3868 eos
941 3805 981 3868 de
1011 3797 1124 3868 endem
1155 3811 1242 3867 terra
1271 3812 1339 3867 tam
1371 3827 1477 3869 coram

367 3904 552 3970 iusticiariis
588 3904 819 3971 itinerantibus
853 3906 888 3971 in
918 3930 995 3971 com.
1030 3905 1195 3993 Wigcrnie
1233 3928 1331 3991 quam
1370 3930 1478 3972 coram

561 4034 570 4067 ¹
588 4034 669 4085 There
681 4036 703 4084 is
715 4050 749 4085 no
761 4041 820 4098 stop
830 4036 859 4084 in
869 4036 923 4085 MS.
1132 4036 1142 4068 ²
1159 4037 1229 4086 Corr.
1243 4038 1276 4088 ei.
