3342 5217
447 425 770 486 messanensem.
796 411 976 487 1131111
1001 411 1136 475 15-16.
1280 411 1342 474 185

235 600 327 666 dedit
347 600 468 666 eisdem
492 599 655 666 monachis
677 599 907 687 66111111116111
925 601 1067 664 terrain
1089 600 1281 665 Hiltestuna
1302 601 1343 665 de

235 703 395 768 dominico
406 726 464 769 suo
478 725 553 768 cum
569 703 670 768 tercia
684 711 776 789 parte
788 703 874 789 prati
885 702 972 790 quod
986 702 1027 768 ad
1037 702 1236 767 dominicum
1247 726 1341 767 suum

234 809 377 894 pertinet
398 817 432 873 61
452 807 585 873 terciam
608 815 735 894 partem
758 807 841 873 mori
864 817 899 873 et
921 809 1077 874 ducentas
1101 830 1179 873 oues
1201 807 1236 872 in
1258 831 1342 873 eom-

235 913 328 978 muni
349 920 491 998 pastura,
517 921 552 977 61
575 921 724 998 preterea
746 935 952 977 communem
978 920 1109 998 11661116
1136 911 1170 975 11
1192 911 1287 975 bosco
1308 918 1343 975 et

234 1017 331 1103 plano
353 1016 396 1082 ad
418 1016 530 1082 aueria
552 1039 611 1081 sua
633 1024 793 1103 quantum
816 1015 960 1102 pertinet
984 1015 1026 1080 ad
1049 1037 1148 1079 unam
1171 1014 1281 1078 hidam
1307 1023 1343 1079 et

235 1120 355 1184 faciant
384 1119 505 1186 eisdem
533 1117 722 1185 1161661116ι
752 1119 943 1184 forinsecum
980 1117 1152 1183 seruieium
1183 1129 1341 1203 quantum

236 1221 379 1306 pertinet
393 1220 470 1307 adj.
485 1220 595 1286 hidam
612 1229 697 1286 terre
713 1221 748 1286 in
763 1221 877 1286 eadem
891 1221 979 1286 uilla

300 1327 344 1391 Et
362 1326 439 1413 quia
458 1325 546 1391 idem
570 1327 669 1414 Hugo
692 1335 743 1391 661
767 1326 860 1390 heres
883 1326 1006 1391 Albrici
1029 1325 1070 1390 de
1089 1326 1156 1389 Ver
1177 1333 1211 1389 et
1233 1332 1341 1410 potest

234 1430 431 1496 sufficienter
466 1430 658 1517 respondere
695 1439 731 1495 et
760 1429 933 1495 defendere
970 1452 1004 1494 66
1034 1437 1069 1494 61
1098 1428 1270 1492 monachos
1299 1427 1340 1493 de

234 1534 393 1599 escambio
415 1556 528 1600 uersus
550 1534 686 1599 eandem
708 1534 881 1600 Isabellam
904 1542 939 1598 61
961 1556 1027 1597 non
1049 1533 1131 1609 uult,
1152 1531 1341 1597 Considera·

233 1647 305 1704 tum
329 1647 378 1703 est
400 1636 486 1724 quod
509 1637 648 1702 Isabella
669 1637 874 1722 recuperauit
896 1635 1047 1700 saisinam
1069 1635 1109 1699 de
1125 1634 1342 1700 Wauenduna

234 1749 268 1806 61
289 1742 389 1828 Hngo
404 1741 502 1806 166161
522 1740 720 1805 escambium
735 1739 890 1826 predictis
912 1738 1077 1803 monachis
1098 1736 1140 1802 ad
1160 1737 1339 1803 ualanciam

234 1851 319 1907 16116
341 1842 381 1907 de
397 1841 633 1907 Wauenduna¹
653 1842 754 1907 donec
777 1842 924 1928 predicta
946 1842 1023 1907 hida
1044 1837 1135 1905 terre
1152 1840 1192 1904 de
1216 1840 1364 1904 Hiltes··

233 1947 322 2011 duna
337 1947 434 2012 fuerit
449 1946 628 2011 deliberata
641 1947 729 2011 idem
745 1946 895 2011 monaehi
915 1946 1005 2011 illam
1026 1945 1168 2009 habeant
1190 1952 1224 2007 et
1241 1944 1340 2030 Hugo

131 2055 136 2063 ’
233 2050 389 2116 rehabeat
417 2049 624 2115 escambium.
672 2050 713 2114 In
744 2049 813 2115 061.
847 2050 877 2115 S.
909 2049 1044 2113 Martini
1073 2054 1235 2112 uenerunt
1264 2068 1339 2111 cum

232 2154 420 2220 extensione
436 2153 613 2219 Willelmi⁸
632 2153 672 2218 de
691 2153 858 2218 Wautona
879 2161 912 2218 et
934 2153 1023 2239 Hug'
1043 2152 1083 2217 de
1105 2151 1228 2237 Suleby
1247 2151 1339 2216 cuius

232 2260 428 2324 extensionis
451 2281 579 2324 summa
600 2259 660 2323 hec
683 2267 733 2324 est
755 2258 821 2344 xiij.
844 2279 939 2324 marc.
962 2266 997 2322 et
1019 2257 1071 2343 vij.
1095 2257 1160 2332 661,
1182 2264 1217 2320 61
1240 2256 1339 2340 Hngo

232 2364 330 2428 faciat
352 2363 517 2428 monachis
539 2361 666 2427 edificia
687 2361 729 2427 ad
750 2361 930 2426 ualenciam
955 2361 1113 2426 11111616.
1141 2359 1195 2422 nel
1221 2357 1249 2422 61
1274 2380 1339 2422 non
1390 2428 1392 2432 ι

233 2476 312 2531 tunc
326 2465 441 2532 reddat
456 2466 503 2532 616
517 2465 558 2532 ix.
572 2488 667 2530 mare.
679 2465 757 2551 quia
771 2464 898 2530 edificia
912 2465 947 2528 in
962 2471 1092 2528 tantum
1108 2461 1337 2527 extenduntur.

173 2637 180 2650 ,
298 2571 382 2656 Fray
397 2571 437 2635 de
453 2570 646 2635 Kudintona
660 2569 745 2655 petit
760 2591 873 2634 uersus
887 2567 1066 2632 Radulfum
1080 2565 1121 2631 de
1143 2565 1271 2630 Salceto
1286 2589 1337 2630 xx.

232 2697 293 2740 661.
309 2682 394 2739 terre
409 2682 444 2740 et
458 2674 499 2740 xl.
512 2697 572 2739 661.
586 2673 672 2739 bosci
686 2697 760 2738 cum
775 2683 856 2760 pert.
873 2681 907 2737 et
923 2681 989 2736 tres
1003 2672 1084 2758 uirg.
1097 2679 1181 2736 terre
1197 2671 1341 2756 exceptis

232 2778 288 2865 iiij.
312 2801 372 2844 acr.
398 2787 433 2844 et
458 2801 523 2844 nno
547 2779 713 2866 mesuagio
739 2789 813 2843 c‘nm
838 2787 917 2864 pert.
942 2777 978 2841 in
1005 2776 1254 2842 Soukudintona
1262 2774 1281 2853 ⁴,
1305 2783 1340 2839 et

233 2903 345 2945 uersus
369 2880 508 2946 eundem
535 2881 713 2946 Radulfum
739 2904 837 2967 quem
864 2880 963 2967 Hugo
990 2879 1185 2965 Capellanus
1210 2878 1341 2942 uocauit

232 2987 274 3051 ad
297 2995 475 3052 warantum
498 2995 532 3051 et
554 2987 611 3072 qui
633 2987 664 3051 61
686 2983 910 3050 warentizanit
933 3006 1032 3047 unam
1054 2982 1134 3069 uirg.
1158 2990 1242 3046 terre
1265 3003 1339 3045 cum

231 3100 311 3176 pert.
328 3099 362 3154 et
384 3097 684 3154 11.661.161166611
704 3097 785 3174 pert.
801 3087 837 3151 in
856 3086 970 3152 cadem
991 3085 1072 3149 nilla
1090 3095 1161 3149 xxx
1178 3091 1339 3148 conterre

232 3192 272 3258 xl.
288 3215 349 3258 acr.
365 3191 453 3256 bosci
468 3191 549 3257 duas
571 3192 651 3279 uirg.
664 3192 683 3270 ⁶,
699 3200 733 3256 61
755 3212 869 3256 uersus
888 3189 1029 3254 eundem
1048 3187 1226 3252 Radulfum
1242 3209 1339 3272 quem

232 3299 395 3364 Henricus
411 3298 517 3362 Faber
532 3305 566 3362 61
581 3298 692 3385 Agnes
707 3318 788 3361 uxor
803 3295 873 3360 eius
888 3301 1088 3359 uocauerunt
1103 3293 1144 3358 ad
1159 3300 1338 3356 warantum

231 3402 345 3489 etqui
374 3403 421 3466 eis
444 3401 665 3466 warantizauit
687 3401 711 3487 j.
735 3401 816 3487 uirg.
840 3407 925 3464 terre
948 3407 983 3462 et
1005 3397 1080 3462 dim.
1104 3419 1178 3462 cum
1200 3406 1281 3483 pert.
1304 3396 1339 3460 in

231 3504 345 3571 eadem
360 3505 441 3569 uilla
454 3504 558 3569 111116
573 3527 669 3569 suum
686 3503 771 3570 unde
787 3503 920 3590 quidam
936 3501 1146 3566 Punehardus
1166 3523 1248 3565 auus
1262 3522 1340 3564 suus

231 3611 295 3676 11111
317 3610 447 3676 saisitus
468 3611 503 3675 in
525 3610 685 3675 dominico
709 3631 767 3674 suo
794 3617 831 3673 ut
857 3609 898 3673 de
924 3607 1017 3672 feodo
1040 3615 1075 3670 et
1100 3606 1170 3670 1116
1194 3614 1339 3689 tempore

233 3714 274 3778 H.
298 3713 398 3800 Regis
420 3713 475 3778 aui
500 3712 656 3798 capiendo
680 3720 750 3789 616,
776 3723 811 3776 61
834 3711 875 3776 de
901 3710 1047 3797 predicto
1068 3708 1259 3773 Punchardo
1284 3707 1339 3772 de-

232 3817 358 3883 seendit
383 3817 434 3882 ius
460 3825 545 3882 16116
571 3817 659 3882 illius
682 3816 810 3882 cuidam
838 3815 981 3880 Roberto
1007 3823 1046 3879 ut
1071 3813 1138 3877 11116
1161 3821 1196 3878 61
1220 3811 1339 3887 heredi,

232 3931 267 3986 et
290 3921 331 3986 de
355 3918 499 4006 predicto
525 3919 666 3984 Roberto
695 3918 862 3984 descendit
886 3914 1340 4002 111616116111166161111611

232 4035 271 4092 ut
286 4025 352 4090 filio
367 4033 401 4090 et
416 4023 535 4104 heredi,
551 4034 585 4091 et
600 4023 686 4112 quod
702 4024 767 4088 tale
783 4023 826 4098 sit
841 4023 892 4087 ius
907 4044 1003 4086 suum
1018 4019 1112 4085 offert
1127 4027 1186 4084 ete.

265 4153 344 4205 ¹Sic.
389 4157 391 4162 “
842 4151 941 4202 ’eom
967 4150 1113 4200 Willclmm.
1147 4145 1264 4198 William
1285 4146 1338 4197 and

264 4219 276 4251 ²
293 4218 392 4281 supply
402 4225 426 4268 et
438 4217 470 4284 (1)
482 4217 562 4282 Hugh
573 4217 597 4268 is
607 4222 635 4268 1ο
646 4219 702 4282 give
713 4219 758 4270 the
810 4217 892 4280 Hugh
903 4231 947 4266 616
957 4218 1008 4265 two
1019 4214 1048 4262 of
1056 4213 1101 4264 the
1111 4212 1221 4264 valuere.

231 4283 326 4333 monks
336 4298 370 4332 an
381 4283 529 4344 equivalent
540 4285 579 4334 161
591 4283 636 4334 the
651 4282 714 4333 land
730 4286 758 4334 at
841 4284 852 4315 ⁴
870 4282 954 4332 South
966 4278 1141 4340 Ouddington.

231 4347 382 4397 Wavendon
400 4346 484 4396 which
500 4348 561 4411 they
577 4364 622 4398 are
646 4351 672 4398 1ο
694 4349 758 4411 keep
841 4347 853 4379 ⁸
870 4344 1024 4406 Something
1039 4343 1089 4393 has
1109 4357 1176 4404 gone
1198 4357 1286 4405 wrong
1307 4342 1336 4393 in

232 4411 302 4462 until
313 4411 375 4474 they
385 4415 427 4474 get
437 4411 482 4462 the
496 4412 559 4463 land
575 4417 604 4462 at
620 4412 758 4466 Hillesdon
809 4411 855 4462 the
865 4410 1022 4475 description
1033 4407 1143 4460 orthaea
1153 4407 1238 4459 lande.

143 4483 146 4486 '
231 4477 298 4528 back
309 4477 394 4540 again.
