3342 5217
1187 13 1284 217 'x

363 298 427 361 428
659 307 797 370 nisrnn,
818 308 885 358 nn.
909 294 1003 369 1231,
1026 308 1091 357 nn
1114 294 1164 357 15.

360 484 495 550 uedium
518 481 713 547 defendendi
735 488 771 547 et
792 481 932 546 Thomas
954 480 1089 546 uedium
1110 480 1347 547 disreoionandi
1367 482 1475 571 plegii

361 596 422 654 etc

241 702 312 765 552,
426 690 589 755 Robertus
610 688 702 753 Prior
721 686 763 752 de
784 686 939 773 Wircsop.
960 687 1167 754 athachiatus
1189 689 1253 754 fuit
1273 686 1317 754 ed
1337 711 1473 775 respon-

233 802 317 851 N⁰2¹¹¹e
362 793 504 859 dendum
528 792 601 857 Ade
628 790 785 878 Oretling’
808 812 908 875 quere
930 798 1061 855 secutus
1082 799 1133 856 cst
1158 792 1317 878 placitum
1342 801 1404 859 etc
1428 793 1473 858 de

362 897 443 963 luico
458 897 551 962 feodo
565 896 667 983 ipsius
683 895 821 961 Thome¹
838 895 874 959 in
890 894 985 959 Hirst
1000 904 1112 961 contre
1130 898 1384 982 prohibicionem
1400 906 1476 975 etc,

361 1011 396 1067 et
421 1003 508 1069 unde
533 1002 620 1067 idem
647 1000 721 1065 Ada
746 998 895 1086 queritur
919 998 1006 1085 quod
1032 1021 1106 1063 cum
1132 999 1307 1087 distringat
1336 1000 1472 1065 feodum

361 1128 457 1171 suum
472 1105 559 1192 quod
573 1104 664 1169 Prior
678 1110 771 1169 tenet
784 1124 843 1189 pro
858 1100 1014 1167 forinseco
1033 1101 1169 1167 seruieio
1189 1109 1224 1167 et
1244 1124 1301 1190 pro
1326 1102 1391 1167 alio
1411 1126 1475 1189 per

362 1208 547 1295 capcionem
569 1207 751 1272 eueriorum
781 1206 883 1292 ipsius
908 1205 1028 1270 Prioris
1052 1205 1140 1271 idem
1164 1206 1255 1271 Prior
1278 1206 1392 1271 statim
1416 1230 1475 1271 ex-

362 1310 580 1377 communicat
605 1332 682 1374 eum
705 1316 740 1373 et
756 1317 858 1373 uexat
880 1317 915 1373 et
935 1315 1053 1395 gruunt
1074 1308 1110 1372 in
1131 1308 1222 1373 curia
1244 1308 1474 1375 cristianitatis

362 1416 450 1481 unde
464 1415 680 1481 deterioratos
695 1422 745 1479 est
760 1421 794 1478 ct
809 1412 989 1498 dampnum
1005 1413 1105 1478 habet
1120 1422 1179 1479 etc.

428 1521 472 1585 Et
498 1520 589 1584 Prior
610 1518 705 1583 uenit
730 1525 765 1583 et
790 1516 872 1582 dicit
897 1517 984 1602 quod
1007 1540 1072 1583 non
1097 1518 1197 1585 debet
1220 1518 1252 1583 ei
1274 1517 1474 1604 respondere

363 1624 441 1711 quia
463 1623 532 1711 ipse
555 1622 853 1689 excommunicatus
876 1621 943 1687 est¹
963 1630 999 1686 et
1022 1621 1054 1686 ei
1077 1622 1162 1687 sicut
1191 1622 1475 1689 excommunicato

200 1732 339 1820 mm
363 1727 468 1793 omnis
491 1735 583 1792 actus
610 1725 794 1812 legittimus
815 1724 1032 1803 interdicitur,
1054 1733 1089 1790 et
1110 1725 1187 1791 inde
1210 1727 1332 1812 profert
1357 1726 1474 1793 literas

199 1828 344 1924 fflbffigfffl
364 1829 594 1897 Oouentrensis
616 1828 766 1915 Episcopi
785 1836 936 1914 patentes
950 1836 985 1893 et
999 1828 1034 1893 in
1049 1828 1167 1915 quibus
1182 1829 1368 1895 continetur
1381 1832 1474 1916 quod

200 1920 352 2007 timii&
364 1935 547 2001 Willelmus
566 1933 729 2020 quondum
748 1932 1004 1998 Amhidiuconus
1024 1934 1155 2021 Dereby
1175 1935 1474 2004 excommunieeuit

200 2014 340 2147 {afflig
363 2039 545 2125 predictum
560 2037 666 2103 Adam
682 2037 807 2103 meritis
821 2038 889 2103 suis
903 2037 1110 2126 exigentibus
1124 2048 1159 2104 et
1179 2062 1281 2127 quum
1295 2049 1425 2106 constat
1439 2042 1474 2106 ei

200 2154 340 2249 {2¹25ssss
364 2140 405 2206 de
420 2140 751 2207 excommunicatione
772 2150 806 2205 et
824 2140 945 2205 nonde
960 2140 1164 2207 absolucione
1178 2142 1269 2208 misit
1282 2142 1474 2209 iusticisriis

199 2248 289 2335 23¹3?
340 2224 348 2232 ’
364 2243 475 2309 literne
488 2250 646 2328 patentes
692 2242 736 2306 Et
750 2242 828 2328 quia
841 2242 1007 2329 predictus
1021 2243 1096 2308 Ado
1109 2244 1210 2309 nichil
1224 2244 1366 2310 ostendit
1381 2247 1474 2331 quod

363 2346 531 2412 absolutus
553 2346 596 2410 sit
618 2353 673 2411 eet
693 2345 737 2411 ed
759 2346 955 2433 Episcopum
974 2348 1029 2411 uel
1049 2346 1128 2412 olibi
1147 2356 1183 2413 et
1203 2356 1319 2434 queret
1339 2349 1475 2415 absolu-

363 2449 496 2527 cionem,
511 2458 545 2514 et
560 2450 651 2514 Prior
664 2449 733 2514 sine
748 2449 810 2515 die.

243 2566 315 2629 553,
429 2553 595 2619 Johannes
629 2552 669 2617 de
704 2554 774 2640 Psy
803 2554 1010 2619 athachiatus
1044 2554 1107 2619 fuit
1136 2555 1179 2621 ad
1207 2555 1474 2641 respondendum

247 2666 305 2706 ³¹²³·
364 2657 517 2723 Priorisse
531 2658 572 2723 de
591 2657 850 2723 Aumbresburia
863 2679 962 2744 quare
982 2681 1047 2723 non
1067 2659 1209 2724 reddidit
1223 2658 1329 2724 eidem
1344 2682 1395 2723 xx
1412 2661 1475 2728 sol.

364 2760 510 2825 redditus
521 2784 595 2825 eum
605 2768 685 2846 pert
695 2760 729 2825 in
742 2761 937 2848 Bromlegha
948 2784 1046 2847 quem
1057 2762 1221 2827 redditum
1232 2763 1304 2849 ipse
1313 2762 1476 2830 Priorissa

363 2873 399 2928 et
420 2863 534 2929 domus
558 2864 598 2929 de
620 2864 878 2930 Aumbresburia
899 2864 1084 2931 habuerunt
1106 2866 1146 2931 de
1168 2865 1251 2931 dono
1273 2865 1406 2931 Redulti
1426 2867 1474 2933 de

364 2966 433 3053 Fay
447 2968 549 3053 petris
563 2967 665 3053 ipsius
678 2966 702 3031 J
702 2968 839 3032 ohannis
852 2968 945 3033 cuins
959 2968 1054 3034 heres
1072 2967 1143 3055 ipse
1157 2975 1208 3033 est
1222 2977 1282 3033 etc
1328 2968 1474 3035 Concor-

363 3072 433 3136 dati
447 3080 524 3136 sunt
539 3079 573 3135 et
588 3079 638 3135 est
653 3071 821 3136 concordie
834 3071 910 3136 talis
925 3071 1011 3157 quod
1025 3071 1094 3157 ipse
1108 3071 1297 3158 recognouit
1310 3094 1368 3157 pro
1382 3094 1418 3137 se
1432 3082 1475 3138 et

363 3175 535 3241 heredibus
558 3176 625 3240 suis
646 3175 732 3261 quod
754 3174 870 3240 reddet
890 3175 996 3241 eidem
1018 3174 1172 3240 Priorisse
1193 3183 1228 3239 et
1251 3174 1414 3240 Priorissis
1435 3178 1473 3242 ei

363 3279 609 3347 succedentibus
628 3302 679 3345 xx.
701 3279 754 3346 soh
776 3302 834 3366 per
852 3302 975 3345 annum
995 3280 1038 3344 ad
1058 3279 1140 3345 duos
1161 3279 1325 3358 terminos,
1343 3282 1410 3346 scil.
1425 3282 1476 3348 ad

363 3383 486 3448 Pascha
501 3406 528 3447 x.
544 3381 601 3447 sol.
617 3390 651 3447 et
666 3382 708 3447 ad
728 3382 847 3447 festum
864 3383 895 3447 S.
912 3382 1010 3449 Mich.
1025 3406 1053 3447 x.
1069 3383 1124 3447 sol.
1140 3381 1205 3447 scil.
1221 3383 1263 3448 de
1277 3391 1475 3450 tenemento

363 3487 449 3572 quod
471 3486 655 3552 Willelmus
677 3487 718 3552 de
740 3487 877 3552 Berkele
899 3488 1009 3552 tenuit
1030 3510 1059 3551 x.
1082 3487 1136 3552 sol.
1160 3486 1257 3551 etde
1280 3495 1476 3555 tenemento

363 3592 449 3678 quod
464 3591 640 3657 Gnufridus
653 3590 694 3655 de
711 3590 892 3657 Corcumbe
906 3591 1016 3655 tenuit
1030 3590 1066 3654 in
1081 3590 1277 3677 Bromleghn
1290 3613 1319 3655 x.
1334 3590 1389 3656 sol.

429 3695 472 3761 Et
494 3694 661 3759 Johunnes
682 3693 774 3759 dabit
795 3716 854 3780 pro
875 3692 1044 3780 arreragiis
1065 3692 1085 3758 1.
1107 3692 1162 3757 soh
1185 3692 1220 3757 in
1245 3692 1384 3757 erastino
1406 3702 1476 3762 ete„

363 3798 450 3885 apud
464 3796 754 3863 Aumbresburinm
769 3805 804 3861 et
818 3795 881 3861 nisi
896 3804 976 3862 tunc
989 3795 1167 3862 reddiderit
1189 3796 1282 3862 debit
1303 3820 1329 3863 c
1348 3798 1405 3863 soh
1425 3801 1476 3865 ud

363 3899 536 3969 cotemnit

244 4024 314 4085 554,
428 4007 544 4071 Petrus
570 4006 656 4071 filius
679 4004 778 4071 Alani
803 4028 862 4092 per
886 4012 1089 4071 ottomatum
1114 4025 1212 4069 suum
1239 4003 1325 4091 petit
1354 4027 1478 4074 uersus

191 4176 193 4181 .
244 4121 309 4161 Μ
396 4142 568 4194 ¹Corr.Adc.
940 4142 986 4191 the
1001 4141 1144 4192 defendant
1159 4140 1189 4192 in
1204 4140 1478 4205 theectiontorpm·

396 4208 408 4241 ²
423 4210 717 4258 Ercommuniootoenim
728 4210 891 4258 interdicitur
940 4207 1062 4257 bibition.

364 4277 442 4323 curnis
453 4281 523 4323 actm
535 4274 669 4335 lepitimm.
704 4273 747 4324 Br.
763 4274 781 4322 s.
793 4274 878 4323 4261).
972 4273 984 4305 ⁴
1000 4270 1247 4335 Calcetoiseroed,
1259 4270 1389 4335 highwey.
1417 4273 1474 4336 Qu.

395 4338 407 4371 ⁸
423 4337 466 4387 Br.
479 4338 496 4387 1.
509 4339 572 4398 to&
590 4340 634 4389 illc
646 4340 691 4401 qui
706 4340 889 4402 implacitatur,
