3342 5217
374 428 438 491 632
583 438 819 499 mensurnas,
843 438 907 488 nn.
932 424 1025 500 1233,
1047 438 1113 489 aa.
1138 422 1275 492 17-18.

373 614 511 679 seruicia
526 620 561 678 et
575 611 827 678 consuetudines
843 634 906 699 quc
926 612 957 677 ei
978 612 1082 677 facere
1103 612 1184 677 non¹
1205 610 1304 677 debet
1324 634 1386 677 neo
1406 611 1491 676 solet

374 726 434 783 etc.
480 718 525 781 Et
540 717 703 782 Robcrtus
717 716 811 780 uenit
827 714 912 801 stol

441 820 486 884 Et
515 819 627 885 Abbas
655 819 750 884 uenit
778 842 838 905 per
866 826 1068 884 attomatum
1099 840 1196 883 suum
1226 826 1260 883 et
1289 818 1370 883 dicit
1401 816 1490 903 quod

375 923 504 987 nullum
519 930 747 987 tenementum
763 930 857 987 tenet
872 922 913 987 dc
928 921 1041 986 eodem
1054 921 1206 985 Roberto.
1243 921 1287 985 Et
1301 919 1492 985 continetur

376 1028 411 1091 in
436 1026 537 1112 pone*
560 1027 646 1112 quod
668 1024 756 1091 idem
783 1026 896 1091 Abbas
925 1025 1119 1111 perquisiuit
1149 1024 1235 1111 quod
1258 1025 1344 1089 idem
1376 1024 1491 1089 Abbas

377 1140 470 1197 tenet
491 1130 533 1197 de
555 1131 669 1196 eodem
696 1132 840 1197 Roberto
863 1132 1002 1197 liberum
1024 1138 1251 1197 tenementum
1274 1131 1309 1195 in
1332 1129 1490 1195 Stanhal'.

378 1236 437 1300 Et⁸
474 1234 637 1300 Robertus
678 1235 764 1321 petit
803 1235 962 1300 iudicium
1000 1235 1040 1300 de
1078 1235 1138 1300 hoo
1179 1235 1266 1321 quod
1302 1242 1491 1299 ottomatus

377 1337 517 1404 Abbatis
539 1338 704 1424 cognoscit
726 1337 812 1423 quod
842 1337 929 1403 idem
961 1338 1073 1404 Abbas
1102 1338 1229 1403 nullum
1259 1346 1490 1404 tenementum

377 1449 471 1507 tenet
485 1441 526 1505 de
541 1464 580 1505 eo
595 1450 630 1505 et
645 1442 832 1506 continetur
849 1441 884 1506 in
904 1442 998 1508 breui
1018 1442 1104 1530 quod
1125 1450 1219 1508 tenet
1241 1453 1303 1509 eto.
1324 1466 1399 1508 cum
1419 1443 1491 1529 ipse

377 1548 422 1613 sit
444 1546 506 1612 sibi
528 1546 715 1611 contrarius
761 1546 840 1610 Poat
869 1546 962 1611 uenit
992 1546 1104 1612 Abbaa
1130 1555 1165 1611 et
1191 1546 1290 1632 petit⁴
1322 1547 1490 1612 licenciam

378 1650 549 1717 recedendi
563 1650 604 1715 dc
618 1650 712 1715 breui
726 1672 794 1730 suo,
810 1658 845 1715 et
860 1650 968 1727 habet,
983 1659 1018 1714 et
1032 1650 1105 1716 ideo
1120 1650 1196 1715 inde
1211 1651 1280 1716 siue
1296 1650 1357 1716 die.

444 1755 655 1840 lPreceptum
685 1753 749 1818 fuit
770 1753 1009 1818 constabulario
1032 1754 1072 1819 de
1095 1754 1310 1840 Wyndesorcs
1332 1754 1420 1840 quod
1443 1778 1492 1819 re-

379 1860 503 1925 conlari
518 1861 638 1924 faceret
652 1858 688 1922 in
703 1858 793 1923 curia
807 1858 900 1923 Dom.
917 1858 1018 1944 Regis
1029 1857 1070 1922 de
1082 1858 1314 1944 Wyndesores⁶
1328 1859 1491 1945 loquelam

380 1987 443 2050 que
459 1964 523 2028 suit
543 1962 579 2027 in
599 1960 713 2026 eadem
731 1961 822 2026 curia
841 1961 928 2026 inter
950 1959 1083 2026 Editam
1106 1962 1147 2027 dc
1164 1962 1390 2027 Wachefordia
1410 1985 1493 2049 que·

380 2077 507 2135 rentem
537 2078 573 2133 et
601 2068 803 2133 Willelmum
835 2066 1018 2132 Netebeht'
1047 2066 1088 2133 de
1118 2068 1224 2133 tn'bus
1256 2068 1359 2154 porcis
1388 2068 1493 2153 ipsius

381 2173 502 2238 Edithe
518 2171 581 2237 sibi
595 2168 777 2247 addiratis⁸,
798 2179 833 2235 et
857 2170 1008 2235 similiter
1030 2171 1118 2256 quod
1139 2170 1298 2236 reconlari
1317 2173 1440 2236 faceret
1457 2173 1492 2236 in

380 2274 493 2341 eadem
509 2275 599 2340 curia
613 2275 742 2361 loquela
761 2296 824 2359 que
847 2274 910 2339 luit
930 2273 965 2338 in
980 2274 1093 2339 eadem
1109 2274 1199 2339 ouria
1212 2274 1299 2339 inter
1313 2274 1490 2340 Ricardum

380 2379 421 2444 de
445 2378 541 2443 Hook
566 2378 672 2443 filium
696 2377 842 2463 predicte
869 2377 989 2443 Edithe
1020 2386 1212 2463 querentem
1242 2386 1276 2442 et
1305 2378 1491 2463 predictum

380 2482 582 2546 Willclmum
597 2482 638 2546 de
653 2480 775 2546 eisdem
791 2482 896 2567 porcis
911 2480 1034 2559 furatis,
1050 2490 1084 2546 et
1105 2480 1191 2546 unde
1212 2481 1357 2546 duellum
1379 2482 1491 2548 uadia

379 2595 451 2652 tum
467 2586 531 2652 fuit
545 2586 580 2650 in
595 2586 709 2651 eadem
727 2586 818 2651 ouria
837 2595 877 2650 ut
894 2584 1015 2651 dicitur
1034 2594 1069 2650 et
1092 2586 1178 2651 unde
1200 2586 1346 2673 predicta
1369 2586 1492 2653 Editha

379 2700 496 2777 questa
509 2691 573 2755 fuit
588 2692 704 2755 salsum
719 2692 844 2755 factum
858 2691 921 2756 sibi
936 2691 1033 2756 fuisse
1048 2690 1205 2756 iudicium
1221 2692 1256 2755 in
1271 2691 1385 2757 cadem
1401 2692 1491 2757 curia

379 2794 420 2859 de
429 2794 550 2859 eisdem
562 2795 707 2881 loquelis
718 2804 753 2859 et
763 2795 851 2880 quod
863 2795 1030 2861 reconlum
1040 2794 1177 2860 haberet
1185 2817 1291 2859 coram
1303 2795 1492 2861 iusticiariis

380 2898 441 2963 sub
463 2897 569 2985 sigillo
591 2921 650 2963 suo
672 2907 706 2963 et
728 2921 786 2985 per
807 2906 950 2984 quatuor
970 2898 1092 2985 legales
1114 2898 1260 2963 homines
1280 2898 1339 2984 qui
1360 2900 1492 2964 recordo

379 3003 429 3068 illi
443 3004 668 3069 interfuerunt.
715 3004 909 3089 Preoeptum
931 3004 995 3068 fuit
1016 3003 1118 3068 eciam
1133 3004 1238 3068 eidem
1254 3004 1493 3069 constabulario

379 3107 466 3192 quod
496 3108 608 3172 uenire
645 3108 766 3172 faceret
803 3130 910 3172 coram
940 3106 1062 3172 eisdem
1092 3106 1278 3173 iusticiariis
1305 3109 1490 3194 predictum

380 3209 555 3275 Ricardum
570 3210 611 3275 ad
627 3209 829 3295 sequendum
844 3209 1008 3295 appellum
1025 3232 1121 3274 suum
1142 3218 1176 3275 et
1196 3210 1346 3275 similiter
1365 3212 1492 3297 predic-

379 3321 452 3377 tum
467 3313 670 3379 Willelmum
686 3336 759 3379 cum
780 3314 885 3399 porcis
904 3313 947 3379 ad
967 3312 1226 3399 respondendum
1250 3314 1326 3379 inde
1343 3316 1492 3401 predicto

380 3416 527 3495 Ricaulo,
549 3425 584 3481 et
606 3417 693 3503 quod
714 3439 826 3503 porcos
848 3440 957 3482 secum
980 3415 1161 3482 adduceret.
1207 3417 1402 3503 Preceptum
1428 3419 1493 3483 fuit

379 3522 480 3587 eciam
505 3520 594 3608 quod
616 3520 729 3586 uenire
754 3524 875 3587 faceret
901 3522 954 3608 xij.
985 3522 1026 3587 de
1049 3522 1210 3608 legalibus
1235 3522 1424 3587 hominibus
1450 3524 1490 3588 de

379 3628 459 3694 uilla
480 3629 522 3694 de
544 3628 760 3715 Wyndesores
782 3627 823 3693 ad
849 3628 1044 3695 certificand’
1068 3628 1174 3694 iustic’
1198 3637 1257 3694 eto.
1304 3629 1348 3693 Et
1377 3650 1491 3693 omnes

378 3733 491 3797 uenire
506 3733 585 3797 fecit
600 3756 705 3797 coram
721 3732 909 3798 iusticiariis
923 3732 1101 3798 secundum
1117 3732 1205 3820 quod
1219 3741 1408 3818 preceptum
1427 3734 1490 3797 fuit

377 3836 409 3900 ei
438 3844 497 3901 etc.
544 3837 588 3900 Et
618 3836 804 3902 Gilebertus
833 3836 874 3902 de
900 3838 1034 3925 Tegula,
1063 3837 1249 3903 Gilcbertus
1271 3836 1312 3901 de
1335 3836 1490 3925 Graugia,

409 4089 419 4121 ¹
436 4104 487 4139 aon
497 4087 624 4151 repeated.
954 4088 1012 4140 lord
1024 4088 1052 4140 of
1061 4088 1106 4140 the
1116 4102 1218 4139 monor.

408 4154 421 4186 ¹
436 4153 492 4203 The
508 4154 566 4203 urit
582 4154 611 4202 of
628 4154 697 4203 Pone
713 4154 753 4203 for
769 4153 904 4216 removing
986 4153 997 4187 ⁷
1014 4156 1146 4216 Netehech,
1157 4155 1188 4207 Δ.

377 4218 570 4269 thecasalrom
582 4218 627 4268 the
638 4220 736 4282 oounty
746 4222 827 4268 court,
988 4219 1103 4270 ⁸Goods
1130 4234 1175 4270 ara
1196 4220 1300 4269 aalma
1322 4218 1399 4270 when
1424 4219 1487 4285 they

409 4283 871 4347 ⁸1nhthisphrasehaspefiahad.
955 4298 998 4335 ara
1020 4285 1071 4335 lost
1093 4300 1123 4335 or
1145 4287 1192 4334 not
1213 4283 1396 4347 forthcoming.
1435 4285 1487 4335 Du·

408 4350 505 4462 :peq'p1
509 4349 558 4461 blo
554 4352 707 4408 annotator3
725 4348 794 4399 inA.
955 4364 1042 4464 oqule,
1063 4352 1264 4465 llhidlrm'fl
1282 4349 1425 4465 lblqgauuoto
1443 4350 1487 4401 the

955 4430 1486 4475 woaoroasao‚ornmon

407 4479 419 4513 θ
436 4478 490 4528 The
502 4478 582 4528 court
590 4478 674 4528 which
684 4480 729 4529 the
740 4479 803 4541 king
814 4480 863 4530 has
875 4494 904 4531 as
955 4482 1025 4539 Loro,
1037 4496 1080 4544 pp.
1094 4480 1230 4531 164-169.
