3342 5217
356 423 398 486 10
659 434 810 497 mulir,
833 434 899 485 nn.
923 422 1016 497 1218,
1040 435 1104 485 aa
1129 423 1158 485 2.

353 607 486 672 domum
515 629 607 673 suam
638 615 673 673 et
695 607 795 673 tercio
817 607 870 673 die
892 607 983 673 misit
1012 608 1110 694 Elyas
1137 607 1304 694 predictus
1334 615 1465 695 propter

353 709 464 773 aueria
489 710 546 773 illa
568 732 628 795 per
648 709 829 795 predictum
857 709 1033 775 Osbertum
1059 719 1094 775 et
1115 709 1140 796 j
1162 710 1346 797 garcionem
1368 719 1404 776 et
1425 719 1465 776 ut

354 812 456 876 credit
471 812 528 876 illa
542 812 679 877 adduxit
694 811 735 876 ad
751 811 884 877 domum
899 812 1107 878 uicecomitis.

422 916 466 978 Et
495 915 657 981 Robertus
687 924 721 980 et
745 915 912 981 «locelinus
935 915 1073 1002 predicti
1094 916 1342 981 summonitores
1366 915 1465 1001 primi

354 1016 470 1081 dicunt
485 1015 572 1102 quod
587 1017 733 1081 fecerunt
748 1017 1036 1082 summonicionem
1051 1018 1086 1081 in
1106 1017 1196 1104 uigil.
1219 1018 1251 1083 S.
1272 1017 1358 1081 Trin
1379 1016 1465 1081 circa

356 1120 468 1183 horam
484 1118 618 1184 terciam
634 1128 669 1183 et
683 1119 876 1206 interrogati
891 1120 919 1184 si
933 1122 1066 1185 fuerunt
1080 1142 1226 1205 unquam
1248 1128 1362 1206 postea
1376 1118 1465 1204 apud

357 1221 683 1287 westmonasterium
713 1246 819 1288 coram
846 1223 1032 1289 iusticiariis
1053 1223 1095 1288 ad
1117 1224 1354 1289 testificandam
1377 1245 1464 1287 sum-

357 1324 570 1390 monicionem
587 1326 700 1392 dicunt
715 1328 800 1413 quod
823 1350 990 1412 nunquam
1010 1335 1123 1412 postea
1142 1328 1275 1391 firemnt
1296 1326 1343 1390 ibi
1363 1348 1465 1411 usque

358 1429 408 1493 ed-
424 1438 484 1494 oct.
510 1430 540 1495 S.
565 1430 660 1495 Micli
685 1439 735 1495 set
757 1429 792 1494 in
814 1438 946 1494 tantum
969 1430 1152 1494 discordant
1174 1429 1261 1515 quod
1282 1429 1465 1494 Josoelinus

358 1534 438 1598 dicit
453 1534 539 1618 quod
556 1534 648 1599 uenit
663 1556 721 1620 per
738 1534 870 1599 domum
885 1534 1022 1599 Roberti
1036 1534 1114 1598 socii
1133 1535 1185 1598 sui
1199 1582 1467 1599 ............

358 1645 409 1701 est
439 1644 499 1701 etc.
530 1645 564 1702 et
594 1638 756 1703 Robertus
778 1638 859 1702 dicit
881 1636 968 1723 quod
990 1644 1212 1701 conuenerunt
1233 1636 1276 1701 ad
1298 1635 1466 1700 dimidiam

359 1739 484 1805 leucam
500 1750 593 1805 extra
607 1740 719 1805 uillam
732 1748 765 1804 et
777 1740 957 1805 Nicholaus
971 1788 1326 1807 ................
1338 1746 1372 1803 et
1382 1738 1467 1801 Tho·

359 1866 429 1908 mas
451 1843 491 1909 de
516 1845 616 1909 Bosco
644 1846 699 1930 qui
720 1844 905 1909 debuerunt
922 1844 1107 1909 interfuisse
1127 1843 1272 1929 capcioni
1292 1851 1327 1908 et
1348 1842 1464 1907 ultime

359 1947 605 2012 summonicioni
620 1947 764 2013 faciende
780 1947 895 2011 dicunt
914 1947 1000 2033 quod
1022 1946 1058 2010 in
1079 1946 1218 2011 crastino
1237 1945 1466 2031 Apostolorum

360 2050 451 2115 Petri
472 2059 506 2115 et
528 2050 622 2115 Pauli
644 2050 730 2136 cepit
752 2050 918 2137 predictus
941 2050 1029 2115 Elias
1051 2072 1110 2135 per
1132 2072 1244 2115 eorum
1267 2049 1376 2113 uisum
1402 2056 1467 2112 ter-

359 2176 429 2217 ram
458 2153 547 2217 illam
576 2153 611 2217 in
641 2175 774 2217 manum
805 2152 928 2217 domini
958 2152 1058 2239 Regis
1087 2160 1122 2217 et
1151 2151 1237 2237 quod
1266 2151 1468 2217 summonuit

359 2257 500 2323 eundem
530 2258 710 2322 Roberturn
740 2258 781 2322 de
811 2257 952 2345 Basinge
989 2257 1075 2342 quod
1112 2264 1198 2321 esset
1234 2255 1322 2342 apud
1359 2255 1467 2321 West·

359 2360 591 2425 monasterium
606 2383 712 2425 coram
727 2360 913 2425 iusticiariis
926 2368 977 2425 set
991 2359 1200 2424 nesciuerunt
1213 2359 1256 2424 ad
1267 2380 1365 2444 quem
1380 2358 1467 2422 diem

358 2470 394 2527 et
423 2462 511 2527 idom
540 2462 629 2527 Elias
658 2484 717 2548 per
745 2485 856 2527 eorum
879 2462 987 2527 uisum
1012 2461 1147 2526 tradidit
1171 2461 1403 2525 terramillam
1432 2461 1468 2525 in

358 2564 539 2630 custodiam
568 2564 721 2651 predictis
750 2565 889 2630 Ricardo
918 2565 959 2630 de
990 2566 1146 2630 Stoctona
1174 2573 1209 2629 et
1232 2564 1397 2629 Willelmo
1426 2564 1467 2629 de

360 2668 536 2735 Suthurste
551 2676 586 2733 et
601 2668 663 2753 ipsi
678 2676 819 2754 quatuor
832 2666 972 2755 predicti
987 2716 1469 2735 .....................

430 2821 576 2838 .......
597 2770 752 2857 lRicerdi
782 2772 823 2836 de
853 2772 917 2836 Dol
946 2772 1034 2857 apud
1070 2771 1320 2837 Goudefordiam
1356 2779 1392 2837 et
1420 2771 1468 2835 ibi

359 2896 470 2940 omnes
496 2883 636 2961 quatuor
659 2875 756 2939 simul
782 2875 1034 2940 commederunt
1080 2875 1124 2938 Et
1153 2874 1210 2938 alii
1239 2874 1353 2939 dicunt
1382 2874 1469 2961 quod

359 2978 580 3065 unusquisque
595 3002 705 3043 eorum
721 2979 838 3043 habuit
853 2980 893 3043 de
909 2978 1060 3063 capcione
1079 2978 1138 3042 illa
1156 2977 1199 3042 ad
1218 2977 1350 3041 domum
1375 2998 1467 3041 suam

359 3080 458 3146 etde
489 3081 557 3145 loco
586 3081 621 3144 in
650 3104 713 3166 quo
737 3081 910 3146 conuenire
936 3080 1121 3145 debuerunt
1146 3101 1258 3145 omnes
1283 3079 1468 3143 discordant

359 3182 550 3247 adinuicem.
596 3182 779 3249 Willelmus
804 3182 845 3248 de
876 3183 1052 3248 Suthurste
1081 3182 1162 3247 dicit
1185 3180 1271 3267 quod
1300 3203 1467 3267 nunquam

360 3285 480 3349 suited
495 3284 780 3349 summonicionem
796 3284 975 3349 faciendam
990 3308 1050 3349 nec
1065 3284 1107 3349 ad
1126 3284 1312 3369 capcionem
1332 3293 1417 3349 torre
1433 3293 1469 3349 et

359 3386 442 3451 bene
472 3386 618 3451 defendit
648 3386 734 3472 quod
762 3387 863 3451 nichil
893 3385 969 3452 inde
998 3386 1095 3451 sciuit
1124 3395 1202 3452 ante
1224 3395 1286 3451 oct.
1310 3387 1341 3451 S.
1368 3386 1467 3452 Mich.

360 3489 488 3575 quando
503 3490 596 3555 uenit
607 3490 693 3576 apud
704 3490 903 3555 Londoniam
916 3490 1080 3576 quiatunc
1090 3491 1236 3576 precepit
1247 3490 1468 3556 eiuicecomes

360 3593 446 3679 quod
462 3593 589 3657 ueniret
609 3616 715 3658 coram
735 3595 838 3659 banco
859 3594 901 3659 ad
922 3595 1158 3659 testificandam
1180 3596 1467 3661 summonicionem
1558 3586 1564 3599 ’

360 3693 450 3759 illam
465 3703 499 3759 et
514 3694 657 3759 minatus
673 3695 736 3759 fuit
754 3695 785 3759 ei
805 3696 891 3781 quod
911 3719 987 3761 eum
1007 3706 1138 3782 caperet
1159 3697 1223 3761 nisi
1244 3697 1373 3761 ueniret
1393 3718 1468 3761 cum

360 3820 399 3864 eo
425 3806 459 3863 et
484 3798 641 3863 Ricardus
667 3798 708 3863 de
735 3800 892 3864 Stoctona
917 3809 952 3866 et
977 3801 1136 3866 Ricardus
1159 3801 1199 3866 de
1221 3800 1380 3889 Baggesh'
1403 3824 1468 3865 non

360 3910 522 3968 uenerunt
550 3926 611 3967 nec
635 3904 745 3990 potuit
768 3904 889 3990 inquiri
915 3904 972 3991 qui
996 3905 1046 3969 illi
1071 3906 1208 3970 fuissent
1231 3914 1266 3970 et
1289 3906 1468 3971 uicecomes

361 4015 501 4071 testatus
516 4006 579 4071 fuit
598 4006 633 4071 in
654 4008 757 4093 primo
779 4007 874 4071 breui
895 4031 953 4073 suo
975 4007 1016 4073 de
1038 4018 1126 4073 terra
1146 4008 1305 4095 capienda
1326 4017 1360 4074 et
1382 4010 1469 4095 quod

361 4120 457 4197 capta
482 4110 544 4174 fuit
569 4133 627 4196 per
651 4111 758 4175 uisum
783 4111 914 4177 Ricardi
938 4112 979 4177 de
1005 4113 1165 4201 Baggesh'
1191 4121 1226 4177 et
1252 4114 1293 4178 ad
1317 4114 1404 4179 diem
1426 4115 1469 4179 ad

361 4238 458 4301 quem
482 4215 574 4279 uenit
598 4215 777 4281 uicecomes
800 4216 885 4281 dixit
908 4218 993 4303 quod
1015 4218 1143 4283 nullum
1166 4218 1266 4283 talem
1293 4217 1467 4282 Ricardum

361 4314 454 4378 nouit
469 4323 503 4378 et
517 4314 674 4379 Ricardus
688 4315 728 4379 de
746 4316 902 4381 Stoctona
915 4338 980 4380 non
999 4316 1093 4382 uenit
1112 4340 1218 4382 coram
1238 4316 1405 4402 Stephano
1426 4317 1467 4382 de

363 4418 504 4503 Segraue
520 4426 553 4483 et
568 4418 652 4483 socio
668 4418 724 4483 ubi
739 4417 817 4484 alibi
832 4419 986 4486 dixerunt
1001 4444 1094 4487 suam
1109 4423 1291 4488 raritatem.
