3342 5217
420 414 656 483 monimum,
677 420 742 471 sn.
767 407 860 482 1232,
882 418 945 469 aa
969 402 1106 473 16-17.
1249 400 1312 470 677

273 593 442 659 Juratores
475 594 590 659 dicunt
624 591 710 680 quod
744 592 909 679 predictus
938 592 1096 658 Ricardus
1125 590 1207 657 obiit
1220 676 1224 681 .
1235 587 1312 655 inde

207 695 338 762 seisitus
367 706 406 761 ut
435 696 475 761 de
502 697 594 762 feodo
620 706 656 762 et
679 697 765 783 quod
789 696 954 783 predictus
980 695 1162 761 Randulfus
1187 694 1311 758 nullam

207 799 358 865 saisinam
373 801 491 865 hahuit
501 823 561 865 nec
576 800 707 886 expleta
721 800 809 887 cepit
823 823 883 866 nec
898 800 1049 887 homagia
1062 822 1122 864 nec
1137 797 1312 863 fidelitates

206 912 242 969 et
257 904 343 991 quod
356 905 419 970 iste
434 906 595 971 Radulfus
609 914 660 970 est
673 904 884 993 propinquior
897 905 999 983 heres,
1014 912 1049 970 et
1063 903 1136 969 ideo
1158 900 1312 968 Conside-

206 1016 315 1071 ratum
330 1007 478 1094 estquod
492 1008 652 1073 Rudulfus
666 1016 836 1094 recuperet
851 1007 1003 1072 seisinam
1018 1028 1109 1071 suam
1122 1014 1156 1071 et
1167 1005 1312 1070 Randul-

208 1110 260 1176 fus
273 1110 309 1175 in
323 1111 548 1178 misericordia

149 1270 157 1286 .
274 1213 474 1280 ¹Willelmus
503 1216 544 1281 de
569 1216 744 1282 thanineto
767 1224 802 1281 et
826 1216 883 1282 alii
912 1216 969 1302 iiij.
996 1213 1133 1281 milites⁸
1157 1214 1312 1301 assignati
1328 1272 1330 1275 .
1391 1235 1406 1264 ¹¹

208 1316 378 1381 iusticiarii
399 1340 458 1403 per
478 1327 669 1405 preceptum
691 1320 785 1385 Dom.
806 1318 907 1406 Regis
929 1318 971 1383 ad
993 1318 1125 1383 assisam
1144 1338 1229 1381 noue
1249 1316 1312 1381 dis-

208 1419 325 1486 seisine
346 1422 536 1508 capiendam
559 1446 657 1510 quam
680 1423 821 1489 Thomas
840 1424 880 1489 de
902 1422 1110 1509 Maulhuges³
1124 1420 1313 1486 arramiauit

208 1546 322 1589 uersus
345 1525 515 1591 Mathcum
537 1522 578 1591 de
600 1526 796 1613 Maulhugcs
817 1534 853 1591 et
875 1526 1009 1591 Petrum
1031 1526 1163 1589 fratrem
1186 1524 1256 1590 eius
1279 1532 1314 1590 et

210 1628 366 1715 quosdam
380 1628 461 1694 alios
474 1630 658 1695 nominatos
671 1630 707 1695 in
717 1630 811 1695 hreni
821 1630 862 1695 de
875 1638 1063 1695 tenemento
1074 1629 1109 1693 in
1120 1628 1314 1715 Maulhuges

209 1732 400 1797 summoniti
422 1755 528 1797 coram
548 1732 734 1798 iusticiariis
755 1734 797 1799 ad
826 1733 1009 1799 faciendum
1035 1732 1201 1798 recordum
1226 1732 1315 1797 illius

209 1836 307 1901 assise
329 1837 470 1922 qualiter
489 1860 595 1902 coram
615 1838 663 1903 eis
682 1845 779 1923 capta
799 1838 863 1902 fuit
886 1836 1026 1903 ueniunt
1050 1843 1084 1900 et
1106 1834 1315 1901 recordantur

210 1939 297 2026 quod
311 1940 413 2005 assisa
427 1950 523 2026 capta
537 1941 602 2006 fuit
621 1964 727 2006 coram
748 1941 795 2007 eis
816 1950 852 2007 et
873 1940 960 2028 quod
983 1941 1140 2006 iuratores
1162 1939 1314 2004 dixerunt

209 2044 297 2130 quod
311 2045 477 2131 predictus
492 2045 644 2110 Matheus
658 2044 751 2111 dedit
764 2068 824 2132 per
837 2054 960 2111 cartam
980 2067 1072 2109 suam
1087 2050 1313 2108 tenementum

209 2149 291 2214 illud
315 2149 400 2215 unde
422 2149 513 2215 uisus
534 2151 639 2214 factus
658 2157 708 2214 est
727 2148 873 2235 predicto
893 2149 1015 2214 Thome
1031 2147 1097 2213 filio
1112 2170 1170 2212 suo
1185 2155 1235 2211 set
1249 2146 1313 2232 ipsi

210 2260 435 2316 tenementum
469 2250 552 2317 illud
586 2272 713 2336 semper
744 2250 841 2316 simul
871 2252 1082 2317 excoluerunt
1111 2249 1194 2315 sicut
1223 2248 1314 2335 prius

210 2356 353 2421 fecerant
367 2364 402 2419 et
415 2354 513 2420 blada
526 2354 623 2419 simul
638 2352 912 2440 expendiderunt‘
931 2362 966 2419 et
986 2360 1211 2419 tenementum
1231 2354 1313 2419 illud

210 2479 377 2543 nunquam
392 2464 577 2543 separatum
592 2456 656 2520 fuit
670 2477 691 2521 a
705 2464 893 2521 tenemento
910 2456 1012 2543 ipsius
1032 2455 1157 2522 Mathai
1177 2464 1212 2521 et
1226 2456 1313 2522 idem

210 2560 363 2626 Matheus
377 2582 544 2646 nunquam
558 2582 593 2625 se
607 2558 732 2624 dimisit
742 2581 763 2623 a
773 2567 961 2624 tenemento
975 2560 1031 2624 illo
1046 2568 1081 2625 et
1094 2568 1169 2643 post
1182 2559 1314 2645 aliquod

210 2673 341 2750 tempus
355 2672 487 2750 propter
501 2663 662 2750 quandam
678 2663 927 2729 conuencionem
945 2664 1092 2730 habitam
1105 2664 1193 2730 inter
1206 2664 1313 2749 ipsum

210 2767 367 2832 Thomam
390 2775 424 2832 et
445 2766 628 2853 predictum
649 2763 820 2831 Mathcnm
843 2775 970 2852 patrem
993 2789 1088 2833 suurn
1110 2766 1204 2833 uenit
1225 2767 1313 2833 idem

211 2870 365 2936 Matheus
385 2878 420 2935 et
439 2869 532 2935 dedit
553 2878 779 2937 tenementum
794 2869 876 2934 illud
890 2869 1018 2934 cuidam
1034 2869 1136 2936 alteri
1181 2870 1225 2933 Et
1239 2869 1312 2935 ideo
1370 2914 1372 2921 ›

210 2973 335 3039 dictum
361 2984 412 3040 est
434 2974 619 3041 iusticiariis
641 2974 728 3061 quod
749 2996 859 3039 secure
885 2972 1060 3058 procedant
1085 2972 1126 3037 ad
1155 2972 1312 3038 iudicium

210 3075 391 3143 iudicantes
412 3079 536 3143 nullam
558 3078 605 3143 ibi
628 3100 698 3144 csse
721 3076 922 3143 disseisinam
943 3084 977 3141 et
999 3076 1085 3163 quod
1105 3076 1259 3143 Matheus
1278 3084 1313 3142 et

209 3180 267 3245 alii
281 3181 358 3247 inde
373 3181 477 3268 quieti
492 3190 527 3246 et
541 3181 682 3247 Thomas
695 3183 731 3247 in
746 3180 985 3249 misericordia⁵.

151 3324 158 3338 ·
273 3285 430 3351 ‘Thomas
451 3285 492 3352 de
518 3286 613 3350 Dena
637 3286 724 3371 petit
749 3307 862 3350 uersus
888 3284 1037 3350 Sibillam
1062 3284 1104 3349 de
1127 3284 1311 3351 Ikelesham
1373 3312 1388 3341 u

209 3411 260 3454 xx.
275 3411 337 3454 acr.
353 3394 437 3454 terre
452 3412 528 3453 cum
547 3388 678 3475 pertin
697 3388 881 3454 Ikelesham
901 3397 941 3453 ut
962 3388 1014 3453 ius
1035 3410 1130 3453 suum
1153 3396 1213 3455 eto.
1228 3396 1263 3454 et
1276 3389 1312 3453 in

209 3514 289 3577 quas
307 3514 374 3556 non
392 3491 493 3556 habet
510 3492 691 3578 ingremum
705 3492 769 3557 nisi
782 3514 841 3577 per
855 3490 1050 3556 Nioholaum
1066 3491 1242 3578 Harengod
1256 3491 1313 3577 qui

208 3593 329 3659 iniuste
354 3602 414 3660 etc
439 3594 616 3659 disseisiuit
641 3593 824 3679 predictum
849 3593 1005 3658 Thomam
1031 3592 1080 3658 ita
1102 3594 1188 3679 quod
1213 3594 1314 3660 assisa

209 3696 406 3762 summonita
420 3697 483 3762 fuit
498 3706 533 3762 et
547 3696 638 3763 uisus
651 3706 737 3763 terre
752 3698 857 3762 factus
871 3704 906 3761 et
921 3696 1076 3762 remansit
1090 3706 1149 3763 etc.

274 3800 319 3864 Et
338 3800 455 3865 Sibilla
475 3800 570 3865 uenit
592 3808 629 3866 et
650 3799 731 3865 dicit
752 3799 839 3886 quod
862 3821 927 3864 non
951 3798 1049 3864 debet
1070 3799 1101 3865 ei
1122 3800 1313 3886 respondere

210 3902 286 3988 quia
299 3924 414 3967 reuera
427 3925 533 3967 coram
553 3902 739 3969 iusticiariis
758 3901 989 3967 itinerantibus
1009 3900 1043 3966 in
1065 3924 1145 3967 com.
1162 3902 1313 3969 Sussexie

209 4004 287 4070 tulit
301 4004 371 4091 ipse
386 4003 526 4069 Thomas
540 4004 640 4069 hreue
655 4004 696 4070 de
707 4027 794 4070 noua
808 4004 977 4069 disseisina
990 4024 1103 4069 uersus
1118 4003 1313 4071 Nioholaum

209 4109 317 4175 uirum
339 4131 434 4173 suum
456 4116 491 4173 et
512 4131 626 4175 uersus
647 4131 720 4175 eam
742 4118 777 4175 et
798 4108 881 4174 illud
901 4107 1007 4174 noluit
1026 4108 1177 4195 prosequi
1191 4116 1225 4173 et
1241 4108 1314 4175 ideo

241 4243 253 4340 1
268 4244 348 4371 {QZ
357 4245 511 4360 ihimch’
524 4312 607 4361 Thom’
616 4311 647 4361 de
659 4312 735 4362 Ottel’
817 4244 829 4343 1
844 4243 965 4367 1111181318,
978 4309 996 4359 f.
1009 4310 1049 4368 50,
1061 4308 1125 4360 cites
1137 4308 1191 4359 this
1202 4325 1270 4361 case.

210 4376 492 4436 etHupocholotaeffl
505 4375 536 4426 B.
818 4374 876 4424 ⁸13.
889 4389 923 4424 m.
938 4374 999 4425 lod.

242 4441 253 4472 ³
268 4442 420 4501 Mantinon,
432 4440 463 4489 B.
