3342 5217
427 378 490 438 450
618 444 621 449 ‚
722 384 872 447 mmrm',
894 383 959 432 nn.
984 370 1077 445 1231,
1099 383 1161 432 An.
1187 372 1237 433 15.

425 671 509 749 pert.
525 662 560 726 in
576 660 768 726 Gorlestona
789 659 874 725 unde
889 660 914 724 J
913 660 1057 724 ohannes
1071 659 1102 724 le
1117 660 1200 746 Fieg
1213 658 1387 745 aliquando
1401 668 1522 723 secutus

426 766 490 831 fuit
505 788 563 851 pro
578 765 671 829 Dom.
693 764 791 851 Rege.
1540 806 1545 817 .

492 870 536 933 Et
556 867 715 933 Ricardus
734 866 828 931 uenit
851 874 886 930 et
907 865 988 930 dicit
1010 864 1097 952 quod
1119 865 1250 951 quidam
1274 863 1420 930 Gunnof'
1440 872 1521 927 ente

426 994 529 1037 cessor
544 993 622 1036 suus
636 969 745 1033 tenuit
760 968 985 1033 terramillam
1000 992 1021 1033 a
1034 977 1213 1054 conquestu
1228 966 1348 1054 Anglie
1363 975 1398 1031 et
1412 976 1522 1031 terram

426 1076 516 1141 illam
533 1073 624 1139 dedit
639 1072 783 1137 Roberto
798 1071 884 1158 patri
899 1070 1002 1156 ipsius
1016 1070 1148 1135 Ricardi
1163 1070 1220 1156 qui
1240 1070 1330 1134 illem
1351 1069 1461 1134 tenuit
1473 1088 1523 1153 per

426 1174 662 1264 quateruiginti
677 1194 778 1237 annos
789 1180 823 1237 et
835 1194 873 1236 eo
884 1172 1024 1258 amplius
1035 1180 1070 1236 et
1081 1172 1121 1237 de
1133 1172 1202 1259 ipso
1213 1171 1356 1237 Roberto
1367 1170 1523 1236 deseendit

426 1282 478 1346 ius
493 1289 577 1346 terre
593 1279 681 1344 illius
696 1286 730 1342 et
746 1286 832 1342 terra
853 1277 910 1342 illa
923 1278 980 1342 isti
994 1277 1133 1342 Rieerdo
1147 1286 1182 1342 et
1196 1276 1273 1342 inde
1288 1278 1409 1362 profert
1424 1277 1523 1340 literas

427 1387 521 1452 Dom.
536 1385 578 1449 H.
595 1382 696 1469 Regis
710 1382 766 1446 sui
780 1382 873 1445 Dom.
890 1381 990 1467 Regis
1005 1389 1156 1468 petentes
1176 1389 1210 1445 et
1231 1403 1290 1466 per
1310 1403 1390 1467 quas
1411 1378 1524 1467 signifi·

427 1489 516 1555 cauit
541 1486 725 1552 uieecomiti
751 1494 786 1549 et
811 1484 969 1549 ministris
994 1484 1062 1548 suis
1084 1484 1125 1548 de
1152 1483 1307 1548 Suffoleia
1332 1492 1366 1548 et
1394 1482 1523 1568 precipit

428 1592 513 1679 quod
528 1591 691 1656 Robertus
707 1588 793 1652 filius
809 1587 940 1654 Osberti
955 1596 1067 1652 teneat
1090 1597 1210 1652 terram
1229 1610 1322 1653 suern
1341 1587 1383 1652 de
1407 1587 1524 1653 Gorles

427 1705 510 1760 tuna
524 1694 607 1759 bene
622 1701 657 1757 et
672 1692 705 1757 in
721 1714 799 1777 paee
815 1691 900 1756 iuste
916 1700 951 1756 et
962 1692 1061 1757 libere
1073 1692 1158 1757 sicut
1169 1694 1343 1758 Gunnerus
1353 1703 1526 1759 antecessor

428 1820 506 1863 suus
527 1797 617 1861 illam
640 1795 757 1860 melius
779 1803 813 1859 et
835 1794 970 1859 liberius
992 1794 1101 1859 tenuit
1123 1803 1269 1882 tempore
1291 1796 1333 1860 H.
1357 1796 1458 1881 Regis
1478 1794 1526 1858 aui

428 1901 529 1988 ipsius
544 1900 651 1987 Regis.
698 1900 742 1964 Et
764 1899 875 1964 nullus
897 1899 1045 1984 sequitur
1063 1922 1121 1985 pm
1141 1898 1236 1964 Dom.
1255 1900 1345 1985 Rege
1360 1921 1421 1963 nee
1436 1899 1527 1963 scitur

428 2003 507 2090 quid
522 2003 586 2068 dici
601 2002 702 2088 possit
723 2010 837 2066 eontra
858 2001 918 2066 hoe
941 2010 976 2067 et
996 2002 1069 2066 ideo
1090 2001 1248 2067 Ricerdus
1270 2003 1340 2067 sine
1359 2002 1414 2067 die
1434 2002 1527 2068 donec

428 2109 522 2174 Dom.
538 2110 610 2173 Rex
624 2107 715 2173 aliud
729 2108 917 2194 preceperit.

372 2274 378 2287 ,
493 2211 672 2276 'Henricus
680 2211 722 2275 de
731 2211 931 2276 Lillebumia
939 2210 1145 2276 athaehiatus
1155 2211 1527 2298 fuitadrespondendum

333 2330 371 2369 '·r·
429 2315 581 2381 Priorisse
590 2315 631 2380 de
642 2316 748 2380 Etona
757 2337 856 2401 quare
865 2316 1021 2381 deforeiat
1032 2316 1064 2381 ei
1075 2339 1130 2381 sex
1143 2318 1197 2382 soi
1209 2317 1357 2382 redditus
1367 2340 1444 2382 curn
1453 2325 1527 2404 pert.

429 2420 470 2484 de
496 2418 599 2484 libere
619 2428 808 2485 tenemento
832 2420 918 2505 quod
937 2428 1031 2485 tenet
1054 2421 1088 2486 in
1111 2421 1360 2507 Stoekingeford
1379 2430 1416 2486 et
1438 2442 1527 2508 quem

428 2520 593 2586 redditum
623 2520 737 2586 eadem
767 2520 925 2587 Priorissa
952 2524 1157 2608 recuperauit
1192 2521 1314 2588 comm‘
1349 2522 1529 2589 iustician'is

428 2624 660 2689 itinerantibus
685 2646 799 2689 uersus
825 2625 966 2689 eundem
999 2625 1180 2690 Hemieum
1212 2648 1273 2711 per
1292 2626 1426 2691 assisam
1451 2647 1528 2691 noue

428 2727 596 2792 disseisine
611 2727 687 2792 inde
703 2728 858 2793 intereos
874 2737 1003 2815 ceptam
1019 2737 1078 2794 etc.
1095 2729 1182 2793 unde
1193 2729 1274 2795 dicit
1288 2730 1376 2816 quod
1386 2731 1420 2796 ei
1430 2740 1530 2796 aretro

424 2840 505 2895 sunt
520 2831 630 2916 xxviij.
646 2832 701 2895 sol.

425 2972 429 2978 -
494 2934 538 2999 Et
567 2934 729 2999 Heurieus
759 2936 853 3000 uenit
882 2944 916 3000 et
946 2935 1027 3001 dicit
1056 2936 1142 3022 quod
1164 2938 1293 3002 nullum
1315 2937 1481 3003 redditum
1503 2937 1531 3001 ei

427 3037 581 3103 deforciat
596 3061 656 3103 nee
671 3060 827 3124 umquem
842 3038 884 3103 de
904 3040 1018 3105 eodem
1039 3041 1170 3106 redditu
1192 3043 1257 3107 fuit
1278 3042 1313 3106 in
1334 3043 1458 3110 seisine
1476 3064 1531 3109 nee

427 3140 498 3226 ipsa
512 3140 654 3226 aliquem
669 3142 833 3206 redditum
849 3164 956 3207 eoram
970 3144 1156 3209 iustician'is
1169 3147 1382 3231 recuperauit.

493 3244 537 3307 Et
563 3243 716 3308 Priorisse
738 3266 797 3329 per
818 3253 1020 3310 attomatum
1043 3268 1138 3311 suum
1160 3246 1240 3312 dicit
1262 3249 1348 3334 quod
1369 3250 1533 3316 redditum

427 3346 520 3410 illum
550 3348 756 3432 recuperauit
778 3349 957 3414 secundum
982 3352 1069 3436 quod
1098 3351 1299 3437 predictum⁸
1324 3364 1376 3418 est
1397 3365 1435 3419 et
1461 3354 1533 3419 inde

426 3450 520 3536 ponit
545 3472 579 3515 se
603 3473 701 3537 super
726 3453 855 3518 rotulos
900 3454 1088 3533 Queruntur
1116 3456 1222 3520 rotuli
1268 3456 1386 3521 Postea
1415 3457 1535 3544 quesiti

427 3563 504 3619 sunt
520 3556 618 3620 rotuli
634 3555 674 3620 de
689 3556 807 3621 itinere
823 3557 869 3621 M.
885 3557 926 3622 de
946 3556 1136 3623 Pateshulla
1154 3560 1189 3623 in
1206 3582 1286 3625 com.
1309 3560 1488 3627 Warreuie.
1503 3572 1535 3625 et

426 3656 460 3721 in
491 3656 555 3723 illis
585 3666 786 3744 compertum
816 3668 868 3723 est
896 3661 983 3745 quod
1012 3661 1167 3726 Pn'on'ssa
1191 3663 1270 3727 tulit
1293 3664 1428 3729 assisam
1453 3686 1535 3731 noue

426 3760 593 3825 disseisine
609 3782 723 3825 uersus
737 3761 902 3827 Abbatem
917 3764 1092 3829 Leicestrie
1107 3774 1142 3829 et
1156 3766 1338 3852 predictum
1353 3768 1535 3835 Hernicum

426 3863 467 3928 de
481 3862 627 3948 predicto
642 3863 771 3928 redditu
793 3886 849 3929 sex
869 3866 923 3929 sol.
945 3875 980 3931 et
1000 3867 1047 3931 ibi
1066 3890 1254 3954 responsum
1275 3870 1339 3934 suit
1357 3871 1401 3935 ab
1422 3872 1537 3937 eodem

317 3988 320 3993 ·
427 3966 569 4031 Henrico
585 3966 672 4051 quod
687 3968 757 4053 ipsa
771 3989 937 4053 nunquam
958 3970 1074 4035 habuit
1094 3971 1258 4036 redditum
1277 3973 1371 4038 illum
1393 3976 1464 4042 nisi
1482 3999 1539 4063 per
1612 3965 1614 3972 ’

427 4069 676 4133 conuencionem
692 4068 778 4134 inter
800 4092 854 4135 eos
877 4072 995 4135 factam
1017 4095 1075 4157 pro
1098 4074 1255 4140 habendis
1276 4076 1485 4144 aisiamentis
1506 4080 1537 4143 in

459 4262 466 4294 ¹
486 4265 564 4325 xlviij,
579 4264 608 4315 B.
1037 4268 1047 4300 ⁴
1065 4268 1163 4332 supply
1174 4272 1288 4321 Martiae
1299 4273 1329 4320 de
1343 4272 1500 4325 Parentalia
1516 4284 1539 4324 et

458 4328 469 4359 ¹
488 4330 627 4385 Gerenmin
640 4330 670 4379 Β.
1004 4337 1080 4382 sociis
1090 4338 1153 4392 mir,
1164 4335 1194 4384 B.

459 4392 469 4424 ²
485 4393 516 4441 B.
529 4407 562 4443 m.
577 4394 628 4443 td.
1037 4400 1047 4430 ⁵
1064 4402 1130 4460 quod
1138 4403 1286 4462 predictum,
1301 4403 1434 4464 repeated.
