3342 5217
364 332 427 392 514
573 340 806 399 incursuum,
828 338 892 386 an.
918 325 1012 396 1231,
1034 338 1097 386 hs
1123 325 1259 389 15-16.

363 516 464 601 ipsius
488 513 606 578 Prioris
627 512 729 599 gratis
753 512 960 576 intrauerunt
981 512 1015 575 in
1042 512 1219 598 predictam
1244 512 1476 577 reddicionem.

362 620 453 685 Dicit
468 618 571 683 eciam
587 616 673 703 quod
687 616 804 701 piscari
819 637 883 679 non
898 615 1020 679 debent
1034 615 1070 678 in
1083 616 1248 680 communi
1265 616 1343 701 quia
1361 616 1477 679 nullus

363 724 404 789 de
419 724 512 787 feodo
526 723 582 787 illo
597 721 713 809 piscari
733 721 831 785 debet
853 720 889 783 in
910 742 997 804 aqua
1016 720 1075 783 illa
1095 742 1155 783 nec
1176 743 1331 805 umquam
1353 720 1477 805 piscari

363 829 453 893 solet.
499 828 590 893 Dicit
612 826 714 891 eciam
737 825 823 911 quod
845 824 886 889 de
908 824 1055 910 quolibet
1077 824 1133 909 qui
1155 847 1273 910 panem
1294 824 1412 888 uendit
1435 824 1474 887 in

363 930 476 995 eadem
492 928 572 993 uilla
585 928 626 993 de
642 927 862 1012 cuiuscunque
878 927 970 991 feodo
981 926 1024 990 sit
1035 948 1148 1013 capere
1159 927 1258 991 debet
1270 936 1304 990 et
1316 927 1436 990 habere
1447 927 1474 1011 j.

363 1036 493 1102 obolum
513 1035 566 1098 uel
582 1056 684 1097 unum
706 1054 824 1118 panem
839 1031 939 1117 precii
954 1031 1052 1095 nnius
1066 1032 1151 1095 oboli
1165 1032 1243 1118 quia
1257 1032 1306 1095 illi
1320 1032 1378 1117 qui
1392 1043 1475 1096 sunt

362 1138 402 1201 de
423 1136 515 1201 feodo
535 1134 778 1220 Archiepiseopi
796 1135 897 1198 talem
911 1134 992 1198 dant
1006 1135 1283 1212 consuetudinem,
1297 1136 1428 1199 obolum
1445 1137 1476 1201 si

361 1239 456 1326 panis
470 1239 513 1303 sit
528 1238 569 1302 de
584 1260 649 1301 nno
665 1237 757 1301 obolo
771 1237 826 1301 uel
842 1236 1003 1327 quadrans
1017 1236 1045 1301 si
1060 1237 1153 1322 panis
1167 1236 1210 1301 sit
1225 1236 1266 1301 de
1281 1238 1474 1323 quadrante.
1497 1261 1506 1274 ·

428 1342 472 1406 Et
495 1340 587 1404 Prior
610 1339 703 1404 uenit
727 1348 761 1404 et
785 1340 866 1403 dicit
889 1339 975 1425 quod
997 1362 1165 1425 nunquam
1187 1342 1320 1404 fuerunt
1342 1340 1390 1404 ibi
1412 1341 1473 1425 iiij.

311 1444 316 1451 ’
362 1445 529 1531 mesuagio
555 1444 618 1509 nisi
642 1444 677 1507 in
701 1443 798 1507 inicio
821 1442 956 1530 guerre¹
976 1452 1012 1508 et
1035 1452 1114 1507 tunc
1134 1444 1240 1507 solent
1260 1452 1411 1509 tenentes
1428 1445 1474 1509 de

362 1548 507 1634 quolibet
522 1547 688 1633 mesuagio
703 1547 779 1611 dare
795 1546 828 1632 ij.
843 1546 915 1611 den.
931 1569 989 1631 pro
1009 1546 1158 1632 stallagio
1175 1555 1210 1610 et
1225 1547 1476 1612 uendieionibus

362 1662 397 1718 et
411 1652 634 1739 empcionibus
649 1660 683 1715 et
698 1651 898 1715 aisiamentis
920 1650 1078 1714 habendis
1097 1651 1132 1714 in
1147 1659 1290 1714 mercato
1304 1660 1339 1715 et
1353 1675 1383 1716 v.
1399 1653 1475 1718 den.

361 1779 419 1842 pro
434 1755 591 1820 scottallis
606 1755 634 1818 si
649 1754 799 1819 scottalla
813 1755 957 1818 facerent
969 1761 1003 1817 et
1018 1754 1124 1817 sinon
1139 1753 1227 1839 quod
1241 1755 1347 1840 quieti
1360 1768 1473 1821 essent

362 1882 419 1945 per
433 1858 466 1945 ij.
482 1858 554 1923 den.
570 1880 628 1945 pro
643 1857 797 1943 predictis
816 1857 975 1944 stallagiis
994 1867 1029 1922 et
1050 1858 1250 1923 aisiamentis
1271 1860 1306 1924 in
1328 1872 1474 1928 mercato

361 1964 539 2029 secundum
556 1963 641 2048 quod
657 1962 839 2048 predictum
854 1970 912 2026 est.

374 2064 377 2069 ’
428 2069 471 2132 Et
487 2069 627 2132 Thomas
641 2068 702 2132 hoo
717 2075 825 2131 totum
846 2066 992 2131 defendit
1015 2075 1074 2133 etc.
1120 2068 1164 2131 Et
1186 2068 1263 2154 quia
1284 2069 1376 2133 Prior
1397 2094 1474 2158 cog·

361 2172 465 2237 noscit
479 2171 566 2257 quod
585 2170 724 2255 predicti
743 2177 894 2233 tenentes
908 2169 1003 2233 liberi
1018 2170 1165 2235 homines
1179 2182 1256 2235 sunt
1272 2181 1306 2235 et
1320 2173 1391 2237 sine
1406 2174 1475 2239 illis

361 2300 426 2341 non
455 2283 565 2360 potest
589 2274 658 2338 fieri
682 2273 862 2358 inquisici0,
884 2273 1021 2338 ueniant
1042 2274 1181 2359 predicti
1203 2276 1297 2339 liberi
1322 2276 1475 2342 homines

362 2392 421 2447 etc.
452 2381 494 2446 ad
524 2379 781 2467 cognoscendum
811 2380 931 2465 quibus
960 2381 1166 2446 libertatibus
1195 2382 1245 2447 usi
1274 2384 1382 2449 sunt'.
1427 2387 1474 2451 Et

362 2488 453 2551 Prior
467 2485 656 2571 manucapit
671 2484 813 2549 habendi
829 2507 883 2548 eos
898 2485 940 2549 ad
955 2485 1042 2550 diem
1057 2486 1150 2551 illum
1166 2495 1200 2551 et
1218 2497 1297 2553 tunc
1317 2490 1475 2575 procedat

361 2590 527 2676 placitum.
573 2588 651 2652 Post
666 2587 805 2651 ueniunt
821 2610 933 2652 omnes
950 2588 999 2652 illi
1014 2599 1164 2654 tenentes
1179 2599 1213 2654 et
1228 2602 1476 2675 conqueruntur

361 2694 458 2758 simul
482 2714 556 2757 cum
577 2690 686 2755 Priore
708 2699 742 2753 et
761 2699 888 2775 ponunt
908 2714 941 2755 se
962 2692 997 2755 in
1011 2692 1257 2777 inquisicionem
1277 2694 1373 2757 simul
1395 2718 1474 2760 cum

362 2798 470 2862 Priore
486 2805 520 2861 et
536 2796 650 2860 dieunt
664 2795 751 2880 quod
766 2817 933 2880 nunquam
945 2796 1096 2860 ⁴fecerunt
1115 2798 1276 2881 predictas
1297 2809 1473 2864 consuetu-

361 2903 453 2967 dines
479 2902 542 2967 nisi
567 2923 626 2987 per
650 2900 896 2965 districcionem.
942 2901 985 2964 Et
1014 2900 1087 2964 ideo
1116 2901 1174 2964 fiat
1202 2902 1381 2987 inquisicio.
1427 2905 1474 2968 Et

362 3006 434 3069 ideo
471 3013 660 3091 preceptum
698 3012 748 3067 est
785 3003 970 3067 uicecomiti
999 2992 1084 3089 quod
1114 3005 1226 3069 uenire
1255 3006 1354 3071 faciat
1383 3010 1475 3094 apud

362 3108 688 3176 westmonasterium
719 3117 778 3173 etc.
802 3109 856 3193 xij.
881 3110 997 3173 liberos
1019 3118 1054 3173 et
1079 3110 1198 3195 legales
1224 3119 1283 3175 etc.
1306 3134 1366 3197 per
1392 3136 1475 3199 qnos

362 3222 422 3277 etc.
444 3220 478 3277 et
501 3212 558 3298 qui
581 3220 730 3275 neutram
753 3220 880 3297 partem
902 3212 1012 3298 aliqua
1033 3213 1192 3277 affinitate
1214 3223 1275 3278 ete.
1297 3214 1340 3279 ad
1362 3238 1474 3303 recog-

361 3315 558 3380 noscendum
581 3324 640 3379 etc.
659 3314 694 3377 in
717 3336 782 3399 qua
804 3315 923 3379 seisina
951 3316 1119 3406 predictus
1145 3317 1285 3382 Thomas
1314 3329 1350 3383 et
1379 3332 1474 3387 ante·

361 3442 499 3485 cessores
529 3419 580 3483 sui
606 3440 734 3503 semper
763 3420 896 3483 fuerunt
922 3418 963 3483 de
993 3420 1146 3504 predictis
1180 3425 1474 3491 consuetudinibus

359 3531 535 3609 antequam
551 3522 715 3608 predictus
731 3522 821 3586 Prior
837 3524 987 3586 feodatus
1002 3532 1087 3586 esset
1099 3524 1133 3587 in
1145 3506 1226 3589 uilla
1239 3524 1281 3589 de
1297 3527 1474 3614 Edelinge-

360 3628 485 3713 brugge
506 3634 540 3689 et
563 3648 644 3709 quas
663 3625 914 3690 consuetudines
938 3633 1088 3689 tenentes
1106 3626 1207 3711 ipsius
1229 3627 1349 3693 Prioris
1366 3632 1474 3697 facere

359 3729 480 3794 debent
497 3737 531 3792 et
552 3728 656 3791 solent
671 3742 748 3791 ante
765 3738 895 3815 tempus
910 3728 1001 3805 illud,
1017 3738 1050 3793 et
1066 3729 1152 3793 unde
1175 3729 1261 3795 idern
1284 3732 1377 3797 Prior
1390 3734 1474 3800 dicit

359 3832 444 3917 quod
455 3839 604 3896 tenentes
614 3830 708 3895 suiin
719 3832 832 3895 eadem
844 3833 922 3896 uilla
931 3832 958 3897 si
968 3832 1117 3897 scottella
1126 3834 1268 3897 facerent
1278 3834 1355 3900 dare
1365 3839 1474 3903 solent

358 3935 434 4001 inde
447 3959 474 4000 v.
484 3935 556 3999 den.
567 3942 601 3999 et
616 3934 643 3999 si
659 3935 750 3999 nulla
764 3937 908 4000 facerent
923 3937 1027 4021 quieti
1042 3960 1111 4001 esse
1126 3938 1231 4002 solent
1246 3946 1281 4002 et
1296 3938 1420 4005 debent
1431 3952 1474 4007 ut

358 4062 456 4125 supra
470 4046 539 4116 etc,
555 4048 589 4103 et
608 4038 694 4103 unde
714 4039 854 4105 Thomas
869 4041 949 4106 dicit
964 4050 1003 4105 ut
1018 4064 1123 4127 supra,
1138 4053 1172 4106 et
1187 4064 1221 4106 se
1236 4040 1371 4109 interim
1387 4053 1448 4111 etc
1469 4083 1473 4130 J

350 4206 354 4215 Ι
391 4225 555 4275 ¹an.1215.
940 4228 981 4275 for
1002 4226 1045 4277 his
1066 4232 1173 4277 tenente
1195 4243 1238 4277 arc
1261 4228 1315 4278 free
1337 4242 1398 4278 men
1417 4230 1473 4280 and

391 4290 401 4322 ²
419 4290 473 4339 The
495 4290 570 4338 Prior
586 4294 682 4339 cannot
700 4305 745 4339 sne
768 4289 801 4352 by
818 4290 885 4340 him·
939 4298 1011 4341 must
1023 4292 1053 4341 be
1065 4293 1141 4343 made
1152 4293 1259 4356 parties.

358 4356 409 4404 sels
429 4356 457 4403 in
479 4358 578 4417 respect
601 4356 630 4404 of
650 4355 722 4405 these
744 4357 884 4412 exactione,
