3342 5217
475 433 613 493 1111111,
635 432 698 482 san.
724 418 818 495 1131,
840 433 903 481 Aa
928 421 978 483 15.
1215 417 1281 479 441

178 607 266 672 letur
280 614 315 671 et
329 604 416 691 quod
429 604 517 670 idem
538 604 638 691 Hugo
658 602 834 669 satisfaciat
854 602 886 667 ei
907 603 948 669 de
970 601 1120 688 dampnis
1142 609 1176 667 11
1197 601 1284 689 quod

180 709 405 776 custodiantur
419 731 530 774 omnes
545 716 800 796 transgressores.

61 822 130 890 567.
196 870 200 879 .
246 814 404 880 Ricsrdus
419 814 459 879 de
474 813 700 879 Blochesduna
714 812 921 879 athachiatus
942 813 1006 877 fuit
1028 812 1070 878 ad
1091 811 1284 898 responden·
1337 830 1411 871 111.

179 916 260 983 dum
274 917 399 982 Abbati
413 917 454 981 de
470 914 647 1002 Flexlegha
658 937 756 1001 quare
765 916 943 1000 prostrauit
952 916 1114 1002 quoddam
1129 917 1285 982 fossatum

180 1022 268 1109 quod
297 1022 384 1087 idem
413 1020 525 1086 Abbos
554 1020 595 1085 de
624 1019 759 1085 licencia
787 1019 880 1085 Dom.
911 1020 1012 1106 Regis
1040 1020 1166 1085 leuauit
1201 1020 1287 1085 eirca

180 1126 315 1190 boscum
332 1124 372 1189 de
387 1122 574 1210 Tunbrugg'
591 1144 688 1208 quem
704 1121 797 1187 Dom.
814 1122 885 1187 Rex
900 1122 931 1188 ei
951 1122 1043 1188 dedit
1062 1131 1097 1187 et
1118 1131 1208 1188 carta
1226 1143 1286 1188 111

179 1228 385 1293 confirmauit
407 1236 467 1293 etc.
490 1235 525 1291 et
547 1226 634 1291 unde
667 1225 752 1291 idem
780 1226 894 1292 Abbes
914 1226 1103 1313 dicitquod
1124 1248 1183 1312 per
1211 1249 1284 1313 pro-

178 1332 373 1397 stracionem
402 1332 491 1397 illam
519 1331 732 1397 deterioratos
761 1340 811 1397 est
841 1340 876 1396 et
904 1330 1084 1417 dompnum
1113 1331 1214 1396 habet
1242 1331 1284 1396 ed

180 1434 360 1499 1111111111
376 1442 435 1499 etc.
452 1442 486 1497 11
500 1432 576 1498 inde
591 1433 739 1519 producit
754 1442 884 1499 sectam

247 1537 291 1601 Et
316 1536 473 1601 Ricardus
500 1536 593 1601 uenit
617 1544 651 1601 11
673 1536 819 1601 defendit
842 1543 955 1602 contra
975 1536 1083 1622 ipsum
1105 1544 1140 1601 et
1161 1543 1284 1601 sectam

179 1664 273 1707 suam
288 1641 375 1727 quod
389 1640 459 1726 ipse
474 1640 601 1705 nullum
617 1640 772 1705 fossatum
793 1640 970 1727 prostrauit
989 1649 1025 1705 11
1044 1640 1072 1705 si
1086 1648 1285 1728 prostratum

180 1752 231 1810 111
246 1745 305 1810 hoc
320 1766 385 1809 non
400 1751 450 1808 est
464 1765 522 1829 per
535 1742 642 1829 ipsum
654 1751 705 1808 111
714 1765 772 1829 per
782 1744 945 1810 Comitem
954 1744 1154 1809 Willelmum
1165 1744 1285 1808 Mares-

179 1846 510 1931 csllumprostratum
531 1844 595 1909 fuit
609 1851 644 1909 et
658 1844 872 1931 indeprofert
886 1844 998 1911 literas
1013 1845 1151 1912 Comitis
1170 1854 1284 1931 paten-

181 1958 231 2014 tes
246 1955 280 2013 et
297 1946 508 2013 testificantes
523 1945 609 2033 quod
623 1946 693 2033 ipse
708 1946 847 2012 aduocat
861 1947 1112 2033 prostracionem
1126 1947 1223 2011 illam

247 2052 291 2117 Et
314 2050 425 2116 Abbas
446 2048 526 2114 dicit
550 2048 636 2135 quod
658 2048 728 2134 ipse
750 2049 909 2114 Ricardus
930 2049 1107 2135 prostrauit
1128 2050 1284 2114 fossatum

181 2156 263 2221 illud
277 2165 312 2220 et
325 2176 385 2241 per
399 2152 648 2240 prostraeionem
671 2152 761 2216 illam
783 2152 884 2218 habet
905 2152 1087 2238 predictum
1107 2152 1285 2239 dampnum

181 2269 216 2325 11
230 2260 306 2325 inde
321 2258 414 2346 ponit
436 2280 470 2323 se
490 2280 588 2343 super
608 2256 748 2343 patriam
769 2266 803 2322 et
825 2258 920 2322 offert
942 2258 1035 2323 Dona
1058 2257 1142 2343 Regi
1164 2281 1214 2322 111,
1231 2258 1285 2323 sol

181 2387 239 2451 pro
250 2364 400 2430 habenda
408 2362 619 2450 inquisicione
631 2370 665 2427 et
676 2360 906 2427 admittuntur.
951 2361 995 2425 Et
1009 2361 1082 2426 ideo
1097 2370 1286 2448 preceptum

181 2475 232 2533 est
247 2467 432 2533 uicecomiti
446 2465 533 2553 quod
547 2488 654 2530 coram
668 2488 707 2529 eo
722 2473 756 2529 et
771 2486 878 2530 coram
892 2463 1081 2529 custodibus
1094 2463 1286 2550 placitorum

181 2593 295 2636 corone
315 2570 487 2635 conuenire
508 2569 606 2634 facist
627 2568 680 2655 xij.
697 2577 732 2633 et
751 2590 810 2654 per
828 2590 941 2633 eorum
960 2578 1198 2633 sacramentum
1218 2578 1288 2646 etc,

180 2675 209 2739 si
238 2673 403 2760 predictus
431 2672 589 2737 Ricardus
617 2672 794 2758 prostrauit
818 2674 974 2738 fossatum
997 2672 1080 2738 illud
1109 2672 1287 2738 secundum

181 2778 269 2865 quod
292 2777 474 2865 predictum
497 2784 557 2854 111,
571 2786 607 2842 11
628 2777 655 2842 11
677 2776 759 2843 illud
781 2777 967 2864 prostrauit,
989 2778 1085 2863 quale
1107 2777 1286 2864 dampnum

181 2882 270 2949 idem
299 2881 410 2947 Abbas
439 2880 556 2946 habuit
584 2903 642 2967 per
671 2881 921 2967 prostrscicnem
950 2880 1041 2945 illam
1070 2888 1139 2958 etc,
1168 2889 1204 2945 11
1237 2880 1287 2946 in·

182 2985 392 3072 quisicionem
407 2984 487 3049 scire
502 2984 600 3049 faciat
615 2992 674 3049 111
690 3005 749 3070 per
762 2983 875 3049 literas
889 2992 924 3049 et
939 3006 997 3069 per
1010 2983 1091 3048 duos
1106 2991 1165 3048 etc

123 3147 130 3162 ,
249 3090 366 3155 Sibilla
402 3089 571 3175 Haringod
611 3088 799 3153 atbachiatn
843 3088 907 3153 fuit
947 3088 989 3153 ad
1028 3086 1287 3174 respondendum
1398 3113 1419 3143 ι

182 3191 326 3257 Henrico
340 3190 407 3257 filio
422 3192 558 3257 Roberti
579 3190 793 3256 Parmentsrii
816 3190 957 3256 London'
973 3214 1072 3277 quere
1093 3213 1158 3255 non
1180 3190 1288 3256 reddit

182 3294 214 3360 11
228 3317 256 3361 1.
272 3294 326 3359 sol.
342 3301 376 3359 et
391 3317 463 3360 xxv.
479 3294 551 3359 den.
566 3316 647 3380 quos
662 3294 693 3359 ei
707 3293 805 3359 debet
817 3302 852 3358 et
866 3294 987 3359 iniuste
1002 3293 1130 3359 detinet
1144 3303 1183 3359 ut
1197 3294 1288 3372 dicit,

181 3408 217 3464 et
232 3397 319 3463 unde
333 3398 421 3463 idem
442 3399 604 3464 Henricus
623 3398 704 3463 dicit
725 3397 811 3485 quod
833 3398 905 3484 ipsa
924 3398 1040 3465 Sibilla
1059 3400 1090 3464 ei
1112 3399 1288 3465 reddidisse

181 3501 299 3569 debuit
312 3501 355 3568 ad
369 3502 489 3567 festum
505 3502 537 3567 S.
554 3502 650 3567 Micia
667 3502 731 3568 ism
743 3502 800 3589 iiij.
813 3503 907 3567 annis
918 3502 1035 3589 elapsis
1045 3503 1087 3587 xj.
1099 3504 1154 3569 sol.
1167 3504 1289 3590 quossi

180 3602 387 3670 scomodauit
401 3612 436 3668 11
450 3625 515 3668 111
525 3603 675 3683 reddidit,
691 3614 726 3669 et
740 3613 888 3691 preterea
902 3606 1079 3692 dicitquod
1090 3614 1198 3671 totum
1209 3607 1286 3672 resi·

181 3709 286 3774 duum
301 3707 333 3773 ei
346 3707 496 3773 debitum
511 3708 575 3773 fuit
589 3706 630 3773 de
649 3709 784 3774 furrnris
799 3717 833 3775 11
851 3711 1003 3796 pennulis
1023 3734 1103 3797 quas
1118 3711 1149 3776 ei
1164 3734 1289 3777 acomo-

181 3810 291 3878 dauit¹
306 3818 341 3875 et
355 3811 398 3875 ad
411 3810 594 3896 predictum
605 3812 782 3877 terminum
792 3812 969 3878 reddidisse
979 3813 1094 3878 debuit
1105 3822 1139 3878 et
1148 3836 1213 3879 non
1224 3814 1289 3879 fuit

182 3913 347 3980 redditum
376 3922 411 3977 et
440 3912 516 3977 inde
545 3913 694 3999 producit
723 3923 844 3979 sectam
873 3923 909 3979 et
930 3914 1016 4000 quod
1038 3913 1186 3979 debitum
1207 3914 1290 3981 illud

182 4028 317 4105 captum
343 4018 407 4081 fuit
432 4039 490 4103 per
511 4039 645 4083 manum
667 4016 769 4104 ipsius
792 4018 906 4084 Sibille
929 4027 963 4083 et
984 4042 1050 4083 non
1072 4041 1131 4105 per
1154 4042 1288 4085 manum

182 4120 337 4187 Nicbolai
351 4118 520 4206 Heringod
535 4120 598 4184 uiri
612 4119 672 4197 sui,
681 4128 715 4185 et
726 4120 809 4185 bene
821 4120 901 4185 dicit
916 4119 1002 4207 quod
1016 4129 1187 4207 postquam
1202 4120 1289 4187 idem

184 4225 364 4292 Nicbolaus
379 4223 431 4289 uir
444 4246 522 4290 suus
536 4223 713 4311 perlectus¹
728 4224 793 4289 fuit
807 4223 842 4288 in
857 4232 977 4288 terram
992 4224 1289 4310 sanctamintrauit

216 4412 225 4445 ¹
243 4410 395 4466 commeare,
414 4412 441 4459 to
457 4408 528 4468 lend;
547 4412 711 4470 vestustate
761 4408 853 4473 finery.

182 4478 291 4529 1111111.
317 4474 474 4538 Apparently
484 4474 574 4525 Sibills
583 4473 656 4527 hired
664 4474 711 4525 her
794 4474 804 4507 ²
821 4474 893 4525 Corr.
904 4474 1037 4538 profectur.
