<?xml version="1.0" encoding="UTF-8"?>
<!DOCTYPE html PUBLIC "-//W3C//DTD XHTML 1.0 Transitional//EN"
    "http://www.w3.org/TR/xhtml1/DTD/xhtml1-transitional.dtd">
<html xmlns="http://www.w3.org/1999/xhtml" xml:lang="en" lang="en">
 <head>
  <title>
</title>
<meta http-equiv="Content-Type" content="text/html;charset=utf-8" />
  <meta name='ocr-system' content='tesseract 3.04.00' />
  <meta name='ocr-capabilities' content='ocr_page ocr_carea ocr_par ocr_line ocrx_word'/>
</head>
<body>
  <div class='ocr_page' id='page_1' title='image "bractonsnoteboo01maitgoog_0488.png"; bbox 0 0 3342 5217; ppageno 0'>
   <div class='ocr_carea' id='block_1_1' title="bbox 378 407 1274 488">
    <p class='ocr_par' dir='ltr' id='par_1_1' title="bbox 378 407 1274 488">
     <span class='ocr_line' id='line_1_1' title="bbox 378 407 1274 488; baseline -0.003 -12"><span class='ocrx_word' id='word_1_1' title='bbox 378 415 441 476; x_wconf 74' lang='lat'><strong>484</strong></span> <span class='ocrx_word' id='word_1_2' title='bbox 587 427 821 488; x_wconf 80' lang='lat' dir='ltr'><strong>nrcnsssnss,</strong></span> <span class='ocrx_word' id='word_1_3' title='bbox 845 419 909 475; x_wconf 75' lang='lat' dir='ltr'><strong>so.</strong></span> <span class='ocrx_word' id='word_1_4' title='bbox 933 408 1027 487; x_wconf 80' lang='lat'>1231,</span> <span class='ocrx_word' id='word_1_5' title='bbox 1049 425 1111 474; x_wconf 72' lang='lat' dir='ltr'><strong>su</strong></span> <span class='ocrx_word' id='word_1_6' title='bbox 1138 407 1274 475; x_wconf 83' lang='lat'>15-16.</span> 
     </span>
    </p>
   </div>
   <div class='ocr_carea' id='block_1_2' title="bbox 254 591 1483 3171">
    <p class='ocr_par' dir='ltr' id='par_1_2' title="bbox 254 591 1483 3171">
     <span class='ocr_line' id='line_1_2' title="bbox 254 591 1483 682; baseline -0.005 -17"><span class='ocrx_word' id='word_1_7' title='bbox 254 601 326 666; x_wconf 81' lang='lat'><strong>633.</strong></span> <span class='ocrx_word' id='word_1_8' title='bbox 441 597 552 662; x_wconf 85' lang='lat' dir='ltr'><strong>Ahbss</strong></span> <span class='ocrx_word' id='word_1_9' title='bbox 565 595 606 661; x_wconf 92' lang='lat' dir='ltr'><strong>de</strong></span> <span class='ocrx_word' id='word_1_10' title='bbox 622 595 805 661; x_wconf 88' lang='lat' dir='ltr'><strong>Wuburnia</strong></span> <span class='ocrx_word' id='word_1_11' title='bbox 819 594 905 681; x_wconf 88' lang='lat' dir='ltr'><strong>petit</strong></span> <span class='ocrx_word' id='word_1_12' title='bbox 920 617 1033 661; x_wconf 89' lang='lat' dir='ltr'><strong>uersus</strong></span> <span class='ocrx_word' id='word_1_13' title='bbox 1047 595 1223 682; x_wconf 82' lang='lat' dir='ltr'><strong>Hugonem</strong></span> <span class='ocrx_word' id='word_1_14' title='bbox 1237 593 1279 659; x_wconf 90' lang='lat' dir='ltr'><strong>de</strong></span> <span class='ocrx_word' id='word_1_15' title='bbox 1295 591 1381 660; x_wconf 86' lang='lat' dir='ltr'><strong>Ver¹</strong></span> <span class='ocrx_word' id='word_1_16' title='bbox 1395 594 1483 681; x_wconf 93' lang='lat' dir='ltr'><strong>quod</strong></span> 
     </span>
     <span class='ocr_line' id='line_1_3' title="bbox 254 697 1482 786; baseline -0.001 -22"><span class='ocrx_word' id='word_1_17' title='bbox 254 698 320 740; x_wconf 58' lang='grc' dir='ltr'><strong>Μ</strong></span> <span class='ocrx_word' id='word_1_18' title='bbox 376 701 562 766; x_wconf 81' lang='lat' dir='ltr'><strong>warentizet</strong></span> <span class='ocrx_word' id='word_1_19' title='bbox 577 701 607 766; x_wconf 92' lang='lat' dir='ltr'><strong>ei</strong></span> <span class='ocrx_word' id='word_1_20' title='bbox 623 700 703 766; x_wconf 88' lang='lat' dir='ltr'><strong>duas</strong></span> <span class='ocrx_word' id='word_1_21' title='bbox 718 698 798 786; x_wconf 85' lang='lat' dir='ltr'><strong>uirg.</strong></span> <span class='ocrx_word' id='word_1_22' title='bbox 814 707 900 764; x_wconf 86' lang='lat' dir='ltr'><strong>terre</strong></span> <span class='ocrx_word' id='word_1_23' title='bbox 920 721 995 764; x_wconf 92' lang='lat' dir='ltr'><strong>eum</strong></span> <span class='ocrx_word' id='word_1_24' title='bbox 1015 707 1095 784; x_wconf 87' lang='lat' dir='ltr'><strong>pert.</strong></span> <span class='ocrx_word' id='word_1_25' title='bbox 1112 721 1192 785; x_wconf 86' lang='lat' dir='ltr'><strong>quas</strong></span> <span class='ocrx_word' id='word_1_26' title='bbox 1213 697 1354 763; x_wconf 87' lang='lat' dir='ltr'><strong>Isabells</strong></span> <span class='ocrx_word' id='word_1_27' title='bbox 1373 697 1482 764; x_wconf 83' lang='lat' dir='ltr'><strong>Comi-</strong></span> 
     </span>
     <span class='ocr_line' id='line_1_4' title="bbox 376 795 1480 886; baseline -0.002 -23"><span class='ocrx_word' id='word_1_28' title='bbox 376 799 455 864; x_wconf 91' lang='lat' dir='ltr'><strong>tissa</strong></span> <span class='ocrx_word' id='word_1_29' title='bbox 477 800 601 866; x_wconf 85' lang='lat' dir='ltr'><strong>Oxonie</strong></span> <span class='ocrx_word' id='word_1_30' title='bbox 623 799 709 886; x_wconf 89' lang='lat' dir='ltr'><strong>petit</strong></span> <span class='ocrx_word' id='word_1_31' title='bbox 732 821 845 864; x_wconf 90' lang='lat' dir='ltr'><strong>uersus</strong></span> <span class='ocrx_word' id='word_1_32' title='bbox 868 796 1008 864; x_wconf 89' lang='lat' dir='ltr'><strong>eundem</strong></span> <span class='ocrx_word' id='word_1_33' title='bbox 1031 797 1204 875; x_wconf 81' lang='lat' dir='ltr'><strong>Abbetem,</strong></span> <span class='ocrx_word' id='word_1_34' title='bbox 1226 805 1261 862; x_wconf 88' lang='lat' dir='ltr'><strong>et</strong></span> <span class='ocrx_word' id='word_1_35' title='bbox 1283 795 1370 862; x_wconf 92' lang='lat' dir='ltr'><strong>unde</strong></span> <span class='ocrx_word' id='word_1_36' title='bbox 1394 796 1480 861; x_wconf 91' lang='lat' dir='ltr'><strong>idem</strong></span> 
     </span>
     <span class='ocr_line' id='line_1_5' title="bbox 375 893 1481 988; baseline -0.002 -24"><span class='ocrx_word' id='word_1_37' title='bbox 375 901 487 966; x_wconf 84' lang='lat' dir='ltr'><strong>Abbes</strong></span> <span class='ocrx_word' id='word_1_38' title='bbox 502 893 597 966; x_wconf 89' lang='lat' dir='ltr'><strong>uocat</strong></span> <span class='ocrx_word' id='word_1_39' title='bbox 612 899 751 966; x_wconf 90' lang='lat' dir='ltr'><strong>eundem</strong></span> <span class='ocrx_word' id='word_1_40' title='bbox 767 901 945 988; x_wconf 88' lang='lat' dir='ltr'><strong>Hugonem</strong></span> <span class='ocrx_word' id='word_1_41' title='bbox 958 899 1001 964; x_wconf 92' lang='lat' dir='ltr'><strong>ad</strong></span> <span class='ocrx_word' id='word_1_42' title='bbox 1016 907 1196 964; x_wconf 79' lang='lat' dir='ltr'><strong>warantum</strong></span> <span class='ocrx_word' id='word_1_43' title='bbox 1215 921 1330 963; x_wconf 82' lang='lat' dir='ltr'><strong>uersus</strong></span> <span class='ocrx_word' id='word_1_44' title='bbox 1349 920 1431 975; x_wconf 89' lang='lat' dir='ltr'><strong>eam,</strong></span> <span class='ocrx_word' id='word_1_45' title='bbox 1445 907 1481 962; x_wconf 89' lang='lat' dir='ltr'><strong>et</strong></span> 
     </span>
     <span class='ocr_line' id='line_1_6' title="bbox 375 999 1480 1090; baseline -0.003 -22"><span class='ocrx_word' id='word_1_46' title='bbox 375 1003 461 1068; x_wconf 90' lang='lat' dir='ltr'><strong>unde</strong></span> <span class='ocrx_word' id='word_1_47' title='bbox 481 1003 568 1068; x_wconf 91' lang='lat' dir='ltr'><strong>idem</strong></span> <span class='ocrx_word' id='word_1_48' title='bbox 591 1003 702 1068; x_wconf 88' lang='lat' dir='ltr'><strong>Abbas</strong></span> <span class='ocrx_word' id='word_1_49' title='bbox 720 1004 841 1090; x_wconf 75' lang='lat' dir='ltr'><strong>profert</strong></span> <span class='ocrx_word' id='word_1_50' title='bbox 860 1011 983 1068; x_wconf 81' lang='lat' dir='ltr'><strong>certem</strong></span> <span class='ocrx_word' id='word_1_51' title='bbox 1004 1001 1130 1067; x_wconf 84' lang='lat' dir='ltr'><strong>Albrici</strong></span> <span class='ocrx_word' id='word_1_52' title='bbox 1143 1001 1184 1066; x_wconf 88' lang='lat' dir='ltr'><strong>de</strong></span> <span class='ocrx_word' id='word_1_53' title='bbox 1199 1002 1266 1066; x_wconf 89' lang='lat' dir='ltr'><strong>Ver</strong></span> <span class='ocrx_word' id='word_1_54' title='bbox 1287 1008 1321 1065; x_wconf 89' lang='lat' dir='ltr'><strong>et</strong></span> <span class='ocrx_word' id='word_1_55' title='bbox 1342 999 1480 1066; x_wconf 88' lang='lat' dir='ltr'><strong>Isabelle</strong></span> 
     </span>
     <span class='ocr_line' id='line_1_7' title="bbox 375 1105 1479 1194; baseline -0.002 -24"><span class='ocrx_word' id='word_1_56' title='bbox 375 1108 482 1173; x_wconf 87' lang='lat' dir='ltr'><strong>uxoris</strong></span> <span class='ocrx_word' id='word_1_57' title='bbox 504 1109 574 1174; x_wconf 90' lang='lat' dir='ltr'><strong>eius</strong></span> <span class='ocrx_word' id='word_1_58' title='bbox 595 1131 658 1194; x_wconf 92' lang='lat' dir='ltr'><strong>qne</strong></span> <span class='ocrx_word' id='word_1_59' title='bbox 680 1117 822 1174; x_wconf 88' lang='lat' dir='ltr'><strong>testatur</strong></span> <span class='ocrx_word' id='word_1_60' title='bbox 837 1106 923 1194; x_wconf 91' lang='lat' dir='ltr'><strong>quod</strong></span> <span class='ocrx_word' id='word_1_61' title='bbox 942 1105 1034 1193; x_wconf 84' lang='lat' dir='ltr'><strong>ipss¹</strong></span> <span class='ocrx_word' id='word_1_62' title='bbox 1047 1105 1209 1171; x_wconf 87' lang='lat' dir='ltr'><strong>dederunt</strong></span> <span class='ocrx_word' id='word_1_63' title='bbox 1231 1113 1291 1170; x_wconf 81' lang='lat' dir='ltr'><strong>etc</strong></span> <span class='ocrx_word' id='word_1_64' title='bbox 1306 1105 1342 1169; x_wconf 93' lang='lat' dir='ltr'><strong>in</strong></span> <span class='ocrx_word' id='word_1_65' title='bbox 1365 1127 1479 1192; x_wconf 85' lang='lat' dir='ltr'><strong>puram</strong></span> 
     </span>
     <span class='ocr_line' id='line_1_8' title="bbox 374 1209 1479 1278; baseline -0.003 -2"><span class='ocrx_word' id='word_1_66' title='bbox 374 1213 580 1278; x_wconf 83' lang='lat' dir='ltr'>elemosinam</span> <span class='ocrx_word' id='word_1_67' title='bbox 604 1213 769 1278; x_wconf 88' lang='lat' dir='ltr'><strong>monachis</strong></span> <span class='ocrx_word' id='word_1_68' title='bbox 793 1213 834 1278; x_wconf 92' lang='lat' dir='ltr'><strong>de</strong></span> <span class='ocrx_word' id='word_1_69' title='bbox 858 1211 1042 1278; x_wconf 85' lang='lat' dir='ltr'><strong>Wuburnia</strong></span> <span class='ocrx_word' id='word_1_70' title='bbox 1063 1218 1170 1275; x_wconf 89' lang='lat' dir='ltr'><strong>totum</strong></span> <span class='ocrx_word' id='word_1_71' title='bbox 1194 1217 1420 1275; x_wconf 75' lang='lat' dir='ltr'><strong>tenementum</strong></span> <span class='ocrx_word' id='word_1_72' title='bbox 1445 1209 1479 1272; x_wconf 93' lang='lat' dir='ltr'><strong>in</strong></span> 
     </span>
     <span class='ocr_line' id='line_1_9' title="bbox 375 1313 1478 1404; baseline -0.002 -24"><span class='ocrx_word' id='word_1_73' title='bbox 375 1317 590 1383; x_wconf 88' lang='lat' dir='ltr'><strong>Wauenduna</strong></span> <span class='ocrx_word' id='word_1_74' title='bbox 605 1317 691 1404; x_wconf 91' lang='lat' dir='ltr'><strong>quod</strong></span> <span class='ocrx_word' id='word_1_75' title='bbox 713 1319 857 1404; x_wconf 77' lang='lat' dir='ltr'><strong>pertinet</strong></span> <span class='ocrx_word' id='word_1_76' title='bbox 871 1317 914 1383; x_wconf 87' lang='lat' dir='ltr'><strong>ad</strong></span> <span class='ocrx_word' id='word_1_77' title='bbox 928 1316 1058 1382; x_wconf 86' lang='lat' dir='ltr'><strong>feodum</strong></span> <span class='ocrx_word' id='word_1_78' title='bbox 1078 1316 1118 1381; x_wconf 89' lang='lat' dir='ltr'><strong>de</strong></span> <span class='ocrx_word' id='word_1_79' title='bbox 1134 1315 1272 1380; x_wconf 90' lang='lat' dir='ltr'><strong>Bolebec</strong></span> <span class='ocrx_word' id='word_1_80' title='bbox 1292 1315 1377 1380; x_wconf 89' lang='lat' dir='ltr'><strong>sicut</strong></span> <span class='ocrx_word' id='word_1_81' title='bbox 1396 1313 1478 1378; x_wconf 92' lang='lat' dir='ltr'><strong>illud</strong></span> 
     </span>
     <span class='ocr_line' id='line_1_10' title="bbox 374 1416 1479 1486; baseline -0.003 -2"><span class='ocrx_word' id='word_1_82' title='bbox 374 1421 489 1486; x_wconf 87' lang='lat' dir='ltr'><strong>melius</strong></span> <span class='ocrx_word' id='word_1_83' title='bbox 505 1421 612 1486; x_wconf 91' lang='lat' dir='ltr'><strong>tenuit</strong></span> <span class='ocrx_word' id='word_1_84' title='bbox 628 1420 793 1485; x_wconf 88' lang='lat' dir='ltr'><strong>Walterus</strong></span> <span class='ocrx_word' id='word_1_85' title='bbox 808 1419 849 1484; x_wconf 90' lang='lat' dir='ltr'><strong>de</strong></span> <span class='ocrx_word' id='word_1_86' title='bbox 865 1419 1005 1485; x_wconf 86' lang='lat' dir='ltr'><strong>Bolebec</strong></span> <span class='ocrx_word' id='word_1_87' title='bbox 1018 1442 1093 1485; x_wconf 90' lang='lat' dir='ltr'><strong>cum</strong></span> <span class='ocrx_word' id='word_1_88' title='bbox 1108 1419 1259 1484; x_wconf 87' lang='lat' dir='ltr'><strong>omnibus</strong></span> <span class='ocrx_word' id='word_1_89' title='bbox 1278 1416 1479 1484; x_wconf 85' lang='lat' dir='ltr'><strong>aisiamentis</strong></span> 
     </span>
     <span class='ocr_line' id='line_1_11' title="bbox 373 1521 1478 1611; baseline -0.003 -22"><span class='ocrx_word' id='word_1_90' title='bbox 373 1533 407 1589; x_wconf 91' lang='lat' dir='ltr'><strong>et</strong></span> <span class='ocrx_word' id='word_1_91' title='bbox 437 1525 644 1610; x_wconf 83' lang='lat' dir='ltr'><strong>pertinenciis</strong></span> <span class='ocrx_word' id='word_1_92' title='bbox 674 1533 783 1611; x_wconf 87' lang='lat' dir='ltr'><strong>preter</strong></span> <span class='ocrx_word' id='word_1_93' title='bbox 811 1522 1040 1589; x_wconf 88' lang='lat' dir='ltr'><strong>Whaddunam</strong></span> <span class='ocrx_word' id='word_1_94' title='bbox 1066 1534 1101 1588; x_wconf 89' lang='lat' dir='ltr'><strong>et</strong></span> <span class='ocrx_word' id='word_1_95' title='bbox 1127 1523 1386 1600; x_wconf 86' lang='lat' dir='ltr'><strong>Thetendunam,</strong></span> <span class='ocrx_word' id='word_1_96' title='bbox 1408 1521 1478 1586; x_wconf 88' lang='lat' dir='ltr'><strong>adi·</strong></span> 
     </span>
     <span class='ocr_line' id='line_1_12' title="bbox 372 1625 1478 1716; baseline -0.005 -21"><span class='ocrx_word' id='word_1_97' title='bbox 372 1629 457 1695; x_wconf 90' lang='lat' dir='ltr'><strong>citur</strong></span> <span class='ocrx_word' id='word_1_98' title='bbox 467 1629 502 1694; x_wconf 92' lang='lat' dir='ltr'><strong>in</strong></span> <span class='ocrx_word' id='word_1_99' title='bbox 517 1639 606 1696; x_wconf 83' lang='lat' dir='ltr'><strong>carta</strong></span> <span class='ocrx_word' id='word_1_100' title='bbox 617 1629 703 1716; x_wconf 90' lang='lat' dir='ltr'><strong>quod</strong></span> <span class='ocrx_word' id='word_1_101' title='bbox 718 1628 778 1693; x_wconf 92' lang='lat' dir='ltr'><strong>hoc</strong></span> <span class='ocrx_word' id='word_1_102' title='bbox 793 1635 901 1692; x_wconf 86' lang='lat' dir='ltr'><strong>totum</strong></span> <span class='ocrx_word' id='word_1_103' title='bbox 913 1635 1138 1695; x_wconf 85' lang='lat' dir='ltr'><strong>tenementum</strong></span> <span class='ocrx_word' id='word_1_104' title='bbox 1149 1628 1309 1694; x_wconf 86' lang='lat' dir='ltr'><strong>dedemnt</strong></span> <span class='ocrx_word' id='word_1_105' title='bbox 1324 1625 1478 1714; x_wconf 81' lang='lat' dir='ltr'><strong>predictis</strong></span> 
     </span>
     <span class='ocr_line' id='line_1_13' title="bbox 372 1729 1477 1818; baseline -0.004 -20"><span class='ocrx_word' id='word_1_106' title='bbox 372 1733 536 1798; x_wconf 86' lang='lat' dir='ltr'><strong>monachis</strong></span> <span class='ocrx_word' id='word_1_107' title='bbox 550 1734 584 1798; x_wconf 89' lang='lat' dir='ltr'><strong>in</strong></span> <span class='ocrx_word' id='word_1_108' title='bbox 602 1731 799 1798; x_wconf 78' lang='lat' dir='ltr'><strong>escambium</strong></span> <span class='ocrx_word' id='word_1_109' title='bbox 821 1738 905 1794; x_wconf 84' lang='lat' dir='ltr'><strong>terre</strong></span> <span class='ocrx_word' id='word_1_110' title='bbox 926 1731 1013 1817; x_wconf 90' lang='lat' dir='ltr'><strong>prati</strong></span> <span class='ocrx_word' id='word_1_111' title='bbox 1032 1739 1067 1796; x_wconf 88' lang='lat' dir='ltr'><strong>et</strong></span> <span class='ocrx_word' id='word_1_112' title='bbox 1088 1739 1219 1817; x_wconf 79' lang='lat' dir='ltr'><strong>pastura</strong></span> <span class='ocrx_word' id='word_1_113' title='bbox 1234 1754 1333 1818; x_wconf 84' lang='lat' dir='ltr'><strong>qnam</strong></span> <span class='ocrx_word' id='word_1_114' title='bbox 1354 1729 1477 1795; x_wconf 89' lang='lat' dir='ltr'><strong>habue-</strong></span> 
     </span>
     <span class='ocr_line' id='line_1_14' title="bbox 372 1821 1477 1922; baseline -0.002 -22"><span class='ocrx_word' id='word_1_115' title='bbox 372 1845 448 1900; x_wconf 88' lang='lat' dir='ltr'><strong>runt</strong></span> <span class='ocrx_word' id='word_1_116' title='bbox 463 1835 496 1900; x_wconf 92' lang='lat' dir='ltr'><strong>in</strong></span> <span class='ocrx_word' id='word_1_117' title='bbox 514 1835 732 1902; x_wconf 88' lang='lat' dir='ltr'><strong>Hurdesduna</strong></span> <span class='ocrx_word' id='word_1_118' title='bbox 747 1845 816 1912; x_wconf 90' lang='lat' dir='ltr'><strong>etc,</strong></span> <span class='ocrx_word' id='word_1_119' title='bbox 832 1843 867 1899; x_wconf 91' lang='lat' dir='ltr'><strong>et</strong></span> <span class='ocrx_word' id='word_1_120' title='bbox 882 1835 942 1900; x_wconf 92' lang='lat' dir='ltr'><strong>hec</strong></span> <span class='ocrx_word' id='word_1_121' title='bbox 953 1821 1065 1900; x_wconf 35' lang='lat' dir='ltr'><strong>&#39;omnia</strong></span> <span class='ocrx_word' id='word_1_122' title='bbox 1078 1835 1142 1922; x_wconf 91' lang='lat' dir='ltr'><strong>ipsi</strong></span> <span class='ocrx_word' id='word_1_123' title='bbox 1156 1845 1198 1900; x_wconf 65' lang='lat' dir='ltr'><strong>et‘</strong></span> <span class='ocrx_word' id='word_1_124' title='bbox 1210 1835 1345 1900; x_wconf 86' lang='lat' dir='ltr'><strong>heredes</strong></span> <span class='ocrx_word' id='word_1_125' title='bbox 1365 1857 1477 1899; x_wconf 92' lang='lat' dir='ltr'><strong>eorum</strong></span> 
     </span>
     <span class='ocr_line' id='line_1_15' title="bbox 371 1940 1478 2027; baseline -0.003 -21"><span class='ocrx_word' id='word_1_126' title='bbox 371 1940 626 2006; x_wconf 86' lang='lat' dir='ltr'><strong>warentizebunt</strong></span> <span class='ocrx_word' id='word_1_127' title='bbox 655 1949 767 2005; x_wconf 88' lang='lat' dir='ltr'><strong>contra</strong></span> <span class='ocrx_word' id='word_1_128' title='bbox 796 1962 908 2004; x_wconf 89' lang='lat' dir='ltr'><strong>omnes</strong></span> <span class='ocrx_word' id='word_1_129' title='bbox 933 1940 1080 2006; x_wconf 87' lang='lat' dir='ltr'><strong>homines</strong></span> <span class='ocrx_word' id='word_1_130' title='bbox 1104 1941 1190 2027; x_wconf 92' lang='lat' dir='ltr'><strong>quod</strong></span> <span class='ocrx_word' id='word_1_131' title='bbox 1215 1941 1243 2005; x_wconf 90' lang='lat' dir='ltr'><strong>si</strong></span> <span class='ocrx_word' id='word_1_132' title='bbox 1268 1940 1478 2004; x_wconf 80' lang='lat' dir='ltr'><strong>warentizare</strong></span> 
     </span>
     <span class='ocr_line' id='line_1_16' title="bbox 371 2042 1478 2131; baseline -0.002 -23"><span class='ocrx_word' id='word_1_133' title='bbox 371 2067 435 2109; x_wconf 90' lang='lat' dir='ltr'><strong>non</strong></span> <span class='ocrx_word' id='word_1_134' title='bbox 460 2053 615 2131; x_wconf 90' lang='lat' dir='ltr'><strong>poterunt</strong></span> <span class='ocrx_word' id='word_1_135' title='bbox 645 2044 843 2110; x_wconf 81' lang='lat' dir='ltr'><strong>escambium</strong></span> <span class='ocrx_word' id='word_1_136' title='bbox 867 2044 901 2108; x_wconf 91' lang='lat' dir='ltr'><strong>in</strong></span> <span class='ocrx_word' id='word_1_137' title='bbox 923 2067 1001 2109; x_wconf 90' lang='lat' dir='ltr'><strong>com.</strong></span> <span class='ocrx_word' id='word_1_138' title='bbox 1026 2045 1126 2110; x_wconf 78' lang='lat' dir='ltr'><strong>Bucln</strong></span> <span class='ocrx_word' id='word_1_139' title='bbox 1149 2044 1203 2109; x_wconf 89' lang='lat' dir='ltr'><strong>uel</strong></span> <span class='ocrx_word' id='word_1_140' title='bbox 1225 2043 1328 2109; x_wconf 85' lang='lat' dir='ltr'><strong>Oxon.</strong></span> <span class='ocrx_word' id='word_1_141' title='bbox 1350 2042 1392 2108; x_wconf 84' lang='lat' dir='ltr'><strong>ad</strong></span> <span class='ocrx_word' id='word_1_142' title='bbox 1419 2066 1478 2107; x_wconf 85' lang='lat' dir='ltr'><strong>ua-</strong></span> 
     </span>
     <span class='ocr_line' id='line_1_17' title="bbox 370 2146 1478 2233; baseline -0.001 -21"><span class='ocrx_word' id='word_1_143' title='bbox 370 2148 507 2213; x_wconf 89' lang='lat' dir='ltr'><strong>lenciam</strong></span> <span class='ocrx_word' id='word_1_144' title='bbox 531 2148 577 2214; x_wconf 91' lang='lat' dir='ltr'><strong>eis</strong></span> <span class='ocrx_word' id='word_1_145' title='bbox 599 2149 732 2226; x_wconf 87' lang='lat' dir='ltr'><strong>debunt,</strong></span> <span class='ocrx_word' id='word_1_146' title='bbox 753 2157 787 2213; x_wconf 91' lang='lat' dir='ltr'><strong>et</strong></span> <span class='ocrx_word' id='word_1_147' title='bbox 807 2147 868 2212; x_wconf 82' lang='lat' dir='ltr'><strong>hac</strong></span> <span class='ocrx_word' id='word_1_148' title='bbox 889 2147 1015 2212; x_wconf 79' lang='lat' dir='ltr'><strong>racione</strong></span> <span class='ocrx_word' id='word_1_149' title='bbox 1039 2147 1125 2233; x_wconf 89' lang='lat' dir='ltr'><strong>petit</strong></span> <span class='ocrx_word' id='word_1_150' title='bbox 1146 2147 1233 2214; x_wconf 90' lang='lat' dir='ltr'><strong>idem</strong></span> <span class='ocrx_word' id='word_1_151' title='bbox 1255 2146 1369 2211; x_wconf 83' lang='lat' dir='ltr'><strong>Abbos</strong></span> <span class='ocrx_word' id='word_1_152' title='bbox 1389 2147 1478 2232; x_wconf 89' lang='lat' dir='ltr'><strong>quod</strong></span> 
     </span>
     <span class='ocr_line' id='line_1_18' title="bbox 371 2251 1477 2339; baseline -0.001 -23"><span class='ocrx_word' id='word_1_153' title='bbox 371 2253 470 2339; x_wconf 88' lang='lat' dir='ltr'><strong>Hugo</strong></span> <span class='ocrx_word' id='word_1_154' title='bbox 499 2251 529 2316; x_wconf 90' lang='lat' dir='ltr'><strong>ei</strong></span> <span class='ocrx_word' id='word_1_155' title='bbox 559 2251 745 2318; x_wconf 89' lang='lat' dir='ltr'><strong>warentizet</strong></span> <span class='ocrx_word' id='word_1_156' title='bbox 765 2251 770 2338; x_wconf 89' lang='grc' dir='ltr'>Ι</span> <span class='ocrx_word' id='word_1_157' title='bbox 789 2260 823 2317; x_wconf 86' lang='lat' dir='ltr'><strong>et</strong></span> <span class='ocrx_word' id='word_1_158' title='bbox 853 2251 914 2318; x_wconf 89' lang='lat' dir='ltr'><strong>hac</strong></span> <span class='ocrx_word' id='word_1_159' title='bbox 941 2252 1069 2318; x_wconf 89' lang='lat' dir='ltr'><strong>racione</strong></span> <span class='ocrx_word' id='word_1_160' title='bbox 1099 2252 1176 2339; x_wconf 87' lang='lat' dir='ltr'><strong>quia</strong></span> <span class='ocrx_word' id='word_1_161' title='bbox 1203 2251 1275 2338; x_wconf 87' lang='lat' dir='ltr'><strong>ipsa</strong></span> <span class='ocrx_word' id='word_1_162' title='bbox 1311 2259 1346 2316; x_wconf 88' lang='lat' dir='ltr'><strong>et</strong></span> <span class='ocrx_word' id='word_1_163' title='bbox 1375 2252 1477 2338; x_wconf 85' lang='lat' dir='ltr'><strong>Hugo</strong></span> 
     </span>
     <span class='ocr_line' id='line_1_19' title="bbox 369 2354 1006 2422; baseline 0.005 -3"><span class='ocrx_word' id='word_1_164' title='bbox 369 2354 491 2420; x_wconf 87' lang='lat' dir='ltr'><strong>habent</strong></span> <span class='ocrx_word' id='word_1_165' title='bbox 507 2355 703 2421; x_wconf 87' lang='lat' dir='ltr'><strong>escambium</strong></span> <span class='ocrx_word' id='word_1_166' title='bbox 719 2357 754 2421; x_wconf 92' lang='lat' dir='ltr'><strong>in</strong></span> <span class='ocrx_word' id='word_1_167' title='bbox 770 2355 1006 2422; x_wconf 79' lang='lat' dir='ltr'><strong>Humtesduna</strong></span> 
     </span>
     <span class='ocr_line' id='line_1_20' title="bbox 433 2460 1477 2549; baseline -0.001 -24"><span class='ocrx_word' id='word_1_168' title='bbox 433 2461 477 2525; x_wconf 86' lang='lat' dir='ltr'><strong>Et</strong></span> <span class='ocrx_word' id='word_1_169' title='bbox 504 2462 603 2549; x_wconf 86' lang='lat' dir='ltr'><strong>Hugo</strong></span> <span class='ocrx_word' id='word_1_170' title='bbox 633 2461 725 2526; x_wconf 90' lang='lat' dir='ltr'><strong>uenit</strong></span> <span class='ocrx_word' id='word_1_171' title='bbox 755 2470 789 2526; x_wconf 87' lang='lat' dir='ltr'><strong>et</strong></span> <span class='ocrx_word' id='word_1_172' title='bbox 819 2461 967 2527; x_wconf 89' lang='lat' dir='ltr'><strong>concedit</strong></span> <span class='ocrx_word' id='word_1_173' title='bbox 995 2461 1082 2547; x_wconf 89' lang='lat' dir='ltr'><strong>quod</strong></span> <span class='ocrx_word' id='word_1_174' title='bbox 1108 2470 1158 2526; x_wconf 90' lang='lat' dir='ltr'><strong>est</strong></span> <span class='ocrx_word' id='word_1_175' title='bbox 1186 2462 1283 2548; x_wconf 86' lang='lat' dir='ltr'><strong>plene</strong></span> <span class='ocrx_word' id='word_1_176' title='bbox 1312 2460 1411 2525; x_wconf 78' lang='lat' dir='ltr'><strong>etatis</strong></span> <span class='ocrx_word' id='word_1_177' title='bbox 1439 2469 1477 2524; x_wconf 88' lang='lat' dir='ltr'><strong>et</strong></span> 
     </span>
     <span class='ocr_line' id='line_1_21' title="bbox 368 2562 1476 2653; baseline 0 -25"><span class='ocrx_word' id='word_1_178' title='bbox 368 2564 530 2653; x_wconf 82' lang='lat' dir='ltr'><strong>cognoscit</strong></span> <span class='ocrx_word' id='word_1_179' title='bbox 556 2573 677 2630; x_wconf 85' lang='lat' dir='ltr'><strong>cartam</strong></span> <span class='ocrx_word' id='word_1_180' title='bbox 708 2573 741 2629; x_wconf 90' lang='lat' dir='ltr'><strong>et</strong></span> <span class='ocrx_word' id='word_1_181' title='bbox 770 2563 851 2629; x_wconf 91' lang='lat' dir='ltr'><strong>dicit</strong></span> <span class='ocrx_word' id='word_1_182' title='bbox 877 2563 963 2651; x_wconf 92' lang='lat' dir='ltr'><strong>quod</strong></span> <span class='ocrx_word' id='word_1_183' title='bbox 992 2587 1057 2628; x_wconf 91' lang='lat' dir='ltr'><strong>non</strong></span> <span class='ocrx_word' id='word_1_184' title='bbox 1086 2562 1184 2629; x_wconf 90' lang='lat' dir='ltr'><strong>debet</strong></span> <span class='ocrx_word' id='word_1_185' title='bbox 1209 2563 1241 2629; x_wconf 91' lang='lat' dir='ltr'><strong>ei</strong></span> <span class='ocrx_word' id='word_1_186' title='bbox 1266 2563 1476 2629; x_wconf 80' lang='lat' dir='ltr'><strong>warentizare</strong></span> 
     </span>
     <span class='ocr_line' id='line_1_22' title="bbox 367 2665 1476 2753; baseline -0.002 -21"><span class='ocrx_word' id='word_1_187' title='bbox 367 2668 445 2753; x_wconf 89' lang='lat' dir='ltr'><strong>quia</strong></span> <span class='ocrx_word' id='word_1_188' title='bbox 466 2668 565 2733; x_wconf 90' lang='lat' dir='ltr'><strong>nichil</strong></span> <span class='ocrx_word' id='word_1_189' title='bbox 587 2667 687 2732; x_wconf 87' lang='lat' dir='ltr'><strong>habet</strong></span> <span class='ocrx_word' id='word_1_190' title='bbox 709 2666 750 2732; x_wconf 90' lang='lat' dir='ltr'><strong>dc</strong></span> <span class='ocrx_word' id='word_1_191' title='bbox 772 2667 954 2732; x_wconf 85' lang='lat' dir='ltr'><strong>hereditate</strong></span> <span class='ocrx_word' id='word_1_192' title='bbox 976 2665 1115 2752; x_wconf 88' lang='lat' dir='ltr'><strong>predicti</strong></span> <span class='ocrx_word' id='word_1_193' title='bbox 1136 2667 1260 2731; x_wconf 87' lang='lat' dir='ltr'><strong>Albrici</strong></span> <span class='ocrx_word' id='word_1_194' title='bbox 1279 2674 1314 2731; x_wconf 88' lang='lat' dir='ltr'><strong>et</strong></span> <span class='ocrx_word' id='word_1_195' title='bbox 1334 2666 1476 2731; x_wconf 84' lang='lat' dir='ltr'><strong>Isabellc</strong></span> 
     </span>
     <span class='ocr_line' id='line_1_23' title="bbox 366 2769 1475 2856; baseline 0.001 -21"><span class='ocrx_word' id='word_1_196' title='bbox 366 2770 401 2836; x_wconf 91' lang='lat' dir='ltr'><strong>in</strong></span> <span class='ocrx_word' id='word_1_197' title='bbox 423 2770 576 2856; x_wconf 87' lang='lat' dir='ltr'><strong>predictis</strong></span> <span class='ocrx_word' id='word_1_198' title='bbox 597 2771 806 2837; x_wconf 89' lang='lat' dir='ltr'><strong>comitatibus</strong></span> <span class='ocrx_word' id='word_1_199' title='bbox 827 2780 862 2836; x_wconf 91' lang='lat' dir='ltr'><strong>et</strong></span> <span class='ocrx_word' id='word_1_200' title='bbox 881 2770 964 2836; x_wconf 89' lang='lat' dir='ltr'><strong>bene</strong></span> <span class='ocrx_word' id='word_1_201' title='bbox 986 2770 1170 2856; x_wconf 84' lang='lat' dir='ltr'><strong>dicitquod</strong></span> <span class='ocrx_word' id='word_1_202' title='bbox 1191 2769 1292 2834; x_wconf 87' lang='lat' dir='ltr'><strong>nichil</strong></span> <span class='ocrx_word' id='word_1_203' title='bbox 1311 2770 1413 2835; x_wconf 88' lang='lat' dir='ltr'><strong>habet</strong></span> <span class='ocrx_word' id='word_1_204' title='bbox 1432 2770 1475 2836; x_wconf 89' lang='lat' dir='ltr'><strong>de</strong></span> 
     </span>
     <span class='ocr_line' id='line_1_24' title="bbox 367 2873 1476 2961; baseline -0.002 -21"><span class='ocrx_word' id='word_1_205' title='bbox 367 2875 526 2940; x_wconf 85' lang='lat' dir='ltr'><strong>escambio</strong></span> <span class='ocrx_word' id='word_1_206' title='bbox 544 2884 578 2940; x_wconf 86' lang='lat' dir='ltr'><strong>et</strong></span> <span class='ocrx_word' id='word_1_207' title='bbox 598 2897 663 2940; x_wconf 91' lang='lat' dir='ltr'><strong>non</strong></span> <span class='ocrx_word' id='word_1_208' title='bbox 684 2875 805 2940; x_wconf 90' lang='lat' dir='ltr'><strong>dedicit</strong></span> <span class='ocrx_word' id='word_1_209' title='bbox 827 2875 879 2940; x_wconf 87' lang='lat' dir='ltr'><strong>ius</strong></span> <span class='ocrx_word' id='word_1_210' title='bbox 901 2875 1003 2961; x_wconf 88' lang='lat' dir='ltr'><strong>ipsius</strong></span> <span class='ocrx_word' id='word_1_211' title='bbox 1024 2873 1164 2940; x_wconf 90' lang='lat' dir='ltr'><strong>Isabelle</strong></span> <span class='ocrx_word' id='word_1_212' title='bbox 1187 2874 1287 2939; x_wconf 90' lang='lat' dir='ltr'><strong>immo</strong></span> <span class='ocrx_word' id='word_1_213' title='bbox 1309 2876 1476 2961; x_wconf 83' lang='lat' dir='ltr'><strong>cognoscit</strong></span> 
     </span>
     <span class='ocr_line' id='line_1_25' title="bbox 367 3002 542 3067; baseline 0.011 -23"><span class='ocrx_word' id='word_1_214' title='bbox 367 3002 418 3046; x_wconf 82' lang='lat' dir='ltr'><strong>rus</strong></span> <span class='ocrx_word' id='word_1_215' title='bbox 432 3003 542 3067; x_wconf 76' lang='lat' dir='ltr'><strong>ipsius„</strong></span> 
     </span>
     <span class='ocr_line' id='line_1_26' title="bbox 432 3081 1474 3171; baseline 0 -23"><span class='ocrx_word' id='word_1_216' title='bbox 432 3085 475 3148; x_wconf 86' lang='lat' dir='ltr'><strong>Et</strong></span> <span class='ocrx_word' id='word_1_217' title='bbox 490 3084 602 3149; x_wconf 86' lang='lat' dir='ltr'><strong>Ahbes</strong></span> <span class='ocrx_word' id='word_1_218' title='bbox 624 3083 805 3170; x_wconf 90' lang='lat' dir='ltr'><strong>dicitquod</strong></span> <span class='ocrx_word' id='word_1_219' title='bbox 824 3084 924 3171; x_wconf 85' lang='lat' dir='ltr'><strong>Hugo</strong></span> <span class='ocrx_word' id='word_1_220' title='bbox 946 3082 1047 3148; x_wconf 88' lang='lat' dir='ltr'><strong>habet</strong></span> <span class='ocrx_word' id='word_1_221' title='bbox 1068 3082 1206 3149; x_wconf 89' lang='lat' dir='ltr'><strong>tercium</strong></span> <span class='ocrx_word' id='word_1_222' title='bbox 1228 3081 1417 3148; x_wconf 85' lang='lat' dir='ltr'><strong>denarium⁸</strong></span> <span class='ocrx_word' id='word_1_223' title='bbox 1432 3082 1474 3148; x_wconf 89' lang='lat' dir='ltr'><strong>de</strong></span> 
     </span>
    </p>
   </div>
   <div class='ocr_carea' id='block_1_3' title="bbox 314 3187 1474 3898">
    <p class='ocr_par' dir='ltr' id='par_1_3' title="bbox 314 3187 1474 3898">
     <span class='ocr_line' id='line_1_27' title="bbox 314 3187 1473 3268; baseline 0.003 -18"><span class='ocrx_word' id='word_1_224' title='bbox 314 3254 318 3268; x_wconf 37' lang='lat'><strong>¹</strong></span> <span class='ocrx_word' id='word_1_225' title='bbox 366 3187 522 3253; x_wconf 91' lang='lat' dir='ltr'><strong>comitatu</strong></span> <span class='ocrx_word' id='word_1_226' title='bbox 539 3188 663 3254; x_wconf 85' lang='lat' dir='ltr'><strong>Oxonie</strong></span> <span class='ocrx_word' id='word_1_227' title='bbox 679 3197 713 3252; x_wconf 92' lang='lat' dir='ltr'><strong>et</strong></span> <span class='ocrx_word' id='word_1_228' title='bbox 733 3188 812 3252; x_wconf 89' lang='lat' dir='ltr'><strong>satie</strong></span> <span class='ocrx_word' id='word_1_229' title='bbox 832 3187 932 3252; x_wconf 87' lang='lat' dir='ltr'><strong>habet</strong></span> <span class='ocrx_word' id='word_1_230' title='bbox 952 3188 1039 3253; x_wconf 91' lang='lat' dir='ltr'><strong>unde</strong></span> <span class='ocrx_word' id='word_1_231' title='bbox 1054 3189 1241 3254; x_wconf 84' lang='lat' dir='ltr'><strong>warentizet</strong></span> <span class='ocrx_word' id='word_1_232' title='bbox 1261 3188 1296 3253; x_wconf 92' lang='lat' dir='ltr'><strong>in</strong></span> <span class='ocrx_word' id='word_1_233' title='bbox 1313 3189 1473 3254; x_wconf 88' lang='lat' dir='ltr'><strong>comitatu</strong></span> 
     </span>
     <span class='ocr_line' id='line_1_28' title="bbox 366 3291 1473 3378; baseline 0.001 -22"><span class='ocrx_word' id='word_1_234' title='bbox 366 3291 490 3356; x_wconf 88' lang='lat' dir='ltr'><strong>Kancie</strong></span> <span class='ocrx_word' id='word_1_235' title='bbox 510 3292 586 3357; x_wconf 89' lang='lat' dir='ltr'><strong>licet</strong></span> <span class='ocrx_word' id='word_1_236' title='bbox 606 3292 640 3356; x_wconf 90' lang='lat' dir='ltr'><strong>in</strong></span> <span class='ocrx_word' id='word_1_237' title='bbox 655 3291 812 3356; x_wconf 88' lang='lat' dir='ltr'><strong>comitatu</strong></span> <span class='ocrx_word' id='word_1_238' title='bbox 829 3291 954 3356; x_wconf 82' lang='lat' dir='ltr'><strong>Oxonie</strong></span> <span class='ocrx_word' id='word_1_239' title='bbox 968 3292 1069 3357; x_wconf 91' lang='lat' dir='ltr'><strong>nichil</strong></span> <span class='ocrx_word' id='word_1_240' title='bbox 1087 3291 1215 3370; x_wconf 82' lang='lat' dir='ltr'><strong>hebeat,</strong></span> <span class='ocrx_word' id='word_1_241' title='bbox 1229 3300 1265 3358; x_wconf 92' lang='lat' dir='ltr'><strong>et</strong></span> <span class='ocrx_word' id='word_1_242' title='bbox 1284 3292 1365 3357; x_wconf 91' lang='lat' dir='ltr'><strong>dicit</strong></span> <span class='ocrx_word' id='word_1_243' title='bbox 1386 3292 1473 3378; x_wconf 90' lang='lat' dir='ltr'><strong>quod</strong></span> 
     </span>
     <span class='ocr_line' id='line_1_29' title="bbox 366 3394 1474 3482; baseline 0 -21"><span class='ocrx_word' id='word_1_244' title='bbox 366 3394 539 3462; x_wconf 81' lang='lat' dir='ltr'><strong>Comitissa</strong></span> <span class='ocrx_word' id='word_1_245' title='bbox 550 3394 649 3459; x_wconf 87' lang='lat' dir='ltr'><strong>habet</strong></span> <span class='ocrx_word' id='word_1_246' title='bbox 664 3395 870 3472; x_wconf 82' lang='lat' dir='ltr'><strong>escambium,</strong></span> <span class='ocrx_word' id='word_1_247' title='bbox 886 3404 920 3461; x_wconf 91' lang='lat' dir='ltr'><strong>et</strong></span> <span class='ocrx_word' id='word_1_248' title='bbox 935 3395 1020 3482; x_wconf 89' lang='lat' dir='ltr'><strong>petit</strong></span> <span class='ocrx_word' id='word_1_249' title='bbox 1034 3395 1199 3463; x_wconf 90' lang='lat' dir='ltr'><strong>iudicium</strong></span> <span class='ocrx_word' id='word_1_250' title='bbox 1237 3397 1281 3460; x_wconf 91' lang='lat' dir='ltr'><strong>Et</strong></span> <span class='ocrx_word' id='word_1_251' title='bbox 1297 3396 1474 3463; x_wconf 74' lang='lat' dir='ltr'><strong>comitissa</strong></span> 
     </span>
     <span class='ocr_line' id='line_1_30' title="bbox 364 3496 1471 3585; baseline 0.001 -21"><span class='ocrx_word' id='word_1_252' title='bbox 364 3499 521 3574; x_wconf 88' lang='lat' dir='ltr'><strong>similiter,</strong></span> <span class='ocrx_word' id='word_1_253' title='bbox 534 3505 568 3562; x_wconf 88' lang='lat' dir='ltr'><strong>et</strong></span> <span class='ocrx_word' id='word_1_254' title='bbox 579 3496 659 3562; x_wconf 91' lang='lat' dir='ltr'><strong>dicit</strong></span> <span class='ocrx_word' id='word_1_255' title='bbox 674 3497 760 3583; x_wconf 92' lang='lat' dir='ltr'><strong>qnod</strong></span> <span class='ocrx_word' id='word_1_256' title='bbox 775 3497 875 3563; x_wconf 91' lang='lat' dir='ltr'><strong>nichil</strong></span> <span class='ocrx_word' id='word_1_257' title='bbox 890 3498 990 3564; x_wconf 84' lang='lat' dir='ltr'><strong>habet</strong></span> <span class='ocrx_word' id='word_1_258' title='bbox 1005 3500 1046 3564; x_wconf 90' lang='lat' dir='ltr'><strong>de</strong></span> <span class='ocrx_word' id='word_1_259' title='bbox 1060 3499 1228 3577; x_wconf 84' lang='lat' dir='ltr'><strong>escambio,</strong></span> <span class='ocrx_word' id='word_1_260' title='bbox 1239 3508 1274 3564; x_wconf 90' lang='lat' dir='ltr'><strong>et</strong></span> <span class='ocrx_word' id='word_1_261' title='bbox 1289 3499 1381 3585; x_wconf 83' lang='lat' dir='ltr'><strong>quia⁴</strong></span> <span class='ocrx_word' id='word_1_262' title='bbox 1395 3523 1471 3565; x_wconf 91' lang='lat' dir='ltr'><strong>con·</strong></span> 
     </span>
     <span class='ocr_line' id='line_1_31' title="bbox 364 3591 1471 3690; baseline 0.004 -24"><span class='ocrx_word' id='word_1_263' title='bbox 364 3602 488 3681; x_wconf 88' lang='lat' dir='ltr'><strong>tinetur</strong></span> <span class='ocrx_word' id='word_1_264' title='bbox 509 3601 544 3666; x_wconf 92' lang='lat' dir='ltr'><strong>in</strong></span> <span class='ocrx_word' id='word_1_265' title='bbox 564 3591 653 3666; x_wconf 87' lang='lat' dir='ltr'><strong>carta</strong></span> <span class='ocrx_word' id='word_1_266' title='bbox 672 3601 796 3667; x_wconf 80' lang='lat' dir='ltr'><strong>Albn&#39;ci</strong></span> <span class='ocrx_word' id='word_1_267' title='bbox 811 3602 852 3668; x_wconf 93' lang='lat' dir='ltr'><strong>de</strong></span> <span class='ocrx_word' id='word_1_268' title='bbox 870 3604 937 3668; x_wconf 88' lang='lat' dir='ltr'><strong>Ver</strong></span> <span class='ocrx_word' id='word_1_269' title='bbox 956 3613 991 3669; x_wconf 92' lang='lat' dir='ltr'><strong>et</strong></span> <span class='ocrx_word' id='word_1_270' title='bbox 1012 3605 1150 3670; x_wconf 83' lang='lat' dir='ltr'><strong>Isebelle</strong></span> <span class='ocrx_word' id='word_1_271' title='bbox 1169 3605 1277 3668; x_wconf 84' lang='lat' dir='ltr'><strong>uxoris</strong></span> <span class='ocrx_word' id='word_1_272' title='bbox 1296 3605 1368 3669; x_wconf 89' lang='lat' dir='ltr'><strong>eius</strong></span> <span class='ocrx_word' id='word_1_273' title='bbox 1382 3605 1471 3690; x_wconf 90' lang='lat' dir='ltr'><strong>quod</strong></span> 
     </span>
     <span class='ocr_line' id='line_1_32' title="bbox 362 3703 1471 3772; baseline 0.003 -3"><span class='ocrx_word' id='word_1_274' title='bbox 362 3703 523 3770; x_wconf 88' lang='lat' dir='ltr'><strong>dederunt</strong></span> <span class='ocrx_word' id='word_1_275' title='bbox 537 3713 656 3770; x_wconf 88' lang='lat' dir='ltr'><strong>terrem</strong></span> <span class='ocrx_word' id='word_1_276' title='bbox 672 3703 712 3770; x_wconf 87' lang='lat' dir='ltr'><strong>de</strong></span> <span class='ocrx_word' id='word_1_277' title='bbox 722 3704 913 3772; x_wconf 82' lang='lat' dir='ltr'><strong>Wacoduns</strong></span> <span class='ocrx_word' id='word_1_278' title='bbox 927 3707 962 3771; x_wconf 93' lang='lat' dir='ltr'><strong>in</strong></span> <span class='ocrx_word' id='word_1_279' title='bbox 976 3705 1174 3772; x_wconf 85' lang='lat' dir='ltr'><strong>escambium</strong></span> <span class='ocrx_word' id='word_1_280' title='bbox 1190 3713 1275 3771; x_wconf 88' lang='lat' dir='ltr'><strong>terre</strong></span> <span class='ocrx_word' id='word_1_281' title='bbox 1286 3706 1327 3771; x_wconf 88' lang='lat' dir='ltr'><strong>de</strong></span> <span class='ocrx_word' id='word_1_282' title='bbox 1337 3707 1471 3772; x_wconf 75' lang='lat' dir='ltr'><strong>Hildes-</strong></span> 
     </span>
     <span class='ocr_line' id='line_1_33' title="bbox 362 3807 1471 3898; baseline 0.005 -26"><span class='ocrx_word' id='word_1_283' title='bbox 362 3816 444 3872; x_wconf 88' lang='lat' dir='ltr'><strong>tuna</strong></span> <span class='ocrx_word' id='word_1_284' title='bbox 455 3807 533 3894; x_wconf 83' lang='lat' dir='ltr'><strong>quia</strong></span> <span class='ocrx_word' id='word_1_285' title='bbox 544 3817 630 3873; x_wconf 89' lang='lat' dir='ltr'><strong>terre</strong></span> <span class='ocrx_word' id='word_1_286' title='bbox 640 3807 793 3873; x_wconf 77' lang='lat' dir='ltr'><strong>Walteri⁸</strong></span> <span class='ocrx_word' id='word_1_287' title='bbox 804 3809 844 3874; x_wconf 87' lang='lat' dir='ltr'><strong>de</strong></span> <span class='ocrx_word' id='word_1_288' title='bbox 857 3810 996 3876; x_wconf 86' lang='lat' dir='ltr'><strong>Bolebec</strong></span> <span class='ocrx_word' id='word_1_289' title='bbox 1007 3818 1189 3876; x_wconf 80' lang='lat' dir='ltr'><strong>antecessor</strong></span> <span class='ocrx_word' id='word_1_290' title='bbox 1197 3808 1301 3897; x_wconf 90' lang='lat' dir='ltr'><strong>ipsius</strong></span> <span class='ocrx_word' id='word_1_291' title='bbox 1316 3811 1471 3898; x_wconf 87' lang='lat' dir='ltr'><strong>Hugonis</strong></span> 
     </span>
    </p>
   </div>
   <div class='ocr_carea' id='block_1_4' title="bbox 359 4005 1477 4515">
    <p class='ocr_par' dir='ltr' id='par_1_4' title="bbox 361 4005 1475 4134">
     <span class='ocr_line' id='line_1_34' title="bbox 394 4005 1475 4072; baseline 0.004 -18"><span class='ocrx_word' id='word_1_292' title='bbox 394 4005 484 4056; x_wconf 78' lang='lat' dir='ltr'><strong>1nerl</strong></span> <span class='ocrx_word' id='word_1_293' title='bbox 507 4005 536 4056; x_wconf 84' lang='lat' dir='ltr'><strong>os</strong></span> <span class='ocrx_word' id='word_1_294' title='bbox 563 4005 668 4070; x_wconf 78' lang='lat' dir='ltr'><strong>osferd,</strong></span> <span class='ocrx_word' id='word_1_295' title='bbox 697 4007 745 4058; x_wconf 91' lang='lat' dir='ltr'><strong>but</strong></span> <span class='ocrx_word' id='word_1_296' title='bbox 772 4011 820 4058; x_wconf 86' lang='lat' dir='ltr'><strong>not</strong></span> <span class='ocrx_word' id='word_1_297' title='bbox 846 4013 890 4072; x_wconf 78' lang='lat' dir='ltr'><strong>yet</strong></span> <span class='ocrx_word' id='word_1_298' title='bbox 971 4008 1055 4059; x_wconf 72' lang='lat' dir='ltr'><strong>’The</strong></span> <span class='ocrx_word' id='word_1_299' title='bbox 1072 4007 1143 4058; x_wconf 86' lang='lat' dir='ltr'><strong>third</strong></span> <span class='ocrx_word' id='word_1_300' title='bbox 1159 4011 1218 4071; x_wconf 81' lang='lat' dir='ltr'><strong>pert</strong></span> <span class='ocrx_word' id='word_1_301' title='bbox 1235 4007 1263 4057; x_wconf 78' lang='lat' dir='ltr'><strong>oi</strong></span> <span class='ocrx_word' id='word_1_302' title='bbox 1279 4005 1475 4070; x_wconf 74' lang='lat' dir='ltr'><strong>iheproiitsoi</strong></span> 
     </span>
     <span class='ocr_line' id='line_1_35' title="bbox 361 4071 1462 4134; baseline 0 -12"><span class='ocrx_word' id='word_1_303' title='bbox 361 4071 452 4122; x_wconf 76' lang='lat' dir='ltr'><strong>beliad.</strong></span> <span class='ocrx_word' id='word_1_304' title='bbox 940 4074 1065 4125; x_wconf 79' lang='lat' dir='ltr'><strong>thesbite</strong></span> <span class='ocrx_word' id='word_1_305' title='bbox 1075 4073 1160 4123; x_wconf 84' lang='lat' dir='ltr'><strong>which</strong></span> <span class='ocrx_word' id='word_1_306' title='bbox 1171 4071 1462 4134; x_wconf 79' lang='lat' dir='ltr'><strong>belongstotheEsrl.</strong></span> 
     </span>
    </p>

    <p class='ocr_par' dir='ltr' id='par_1_5' title="bbox 359 4135 1477 4515">
     <span class='ocr_line' id='line_1_36' title="bbox 394 4135 1477 4203; baseline 0.003 -17"><span class='ocrx_word' id='word_1_307' title='bbox 394 4135 492 4186; x_wconf 70' lang='lat' dir='ltr'><strong>&#39;Corn</strong></span> <span class='ocrx_word' id='word_1_308' title='bbox 509 4139 568 4201; x_wconf 81' lang='lat' dir='ltr'><strong>ipsi.</strong></span> <span class='ocrx_word' id='word_1_309' title='bbox 602 4137 654 4189; x_wconf 87' lang='lat' dir='ltr'><strong>But</strong></span> <span class='ocrx_word' id='word_1_310' title='bbox 677 4139 817 4203; x_wconf 81' lang='lat' dir='ltr'><strong>seemingly</strong></span> <span class='ocrx_word' id='word_1_311' title='bbox 834 4139 888 4189; x_wconf 87' lang='lat' dir='ltr'><strong>this</strong></span> <span class='ocrx_word' id='word_1_312' title='bbox 970 4140 1047 4202; x_wconf 68' lang='lat' dir='ltr'><strong>*Qu</strong></span> <span class='ocrx_word' id='word_1_313' title='bbox 1066 4139 1094 4187; x_wconf 92' lang='lat' dir='ltr'><strong>Is</strong></span> <span class='ocrx_word' id='word_1_314' title='bbox 1110 4139 1164 4188; x_wconf 91' lang='lat' dir='ltr'><strong>this</strong></span> <span class='ocrx_word' id='word_1_315' title='bbox 1180 4142 1238 4200; x_wconf 78' lang='lat' dir='ltr'><strong>pert</strong></span> <span class='ocrx_word' id='word_1_316' title='bbox 1256 4138 1285 4187; x_wconf 84' lang='lat' dir='ltr'><strong>oi</strong></span> <span class='ocrx_word' id='word_1_317' title='bbox 1304 4136 1350 4187; x_wconf 86' lang='lat' dir='ltr'><strong>the</strong></span> <span class='ocrx_word' id='word_1_318' title='bbox 1365 4138 1427 4201; x_wconf 87' lang='lat' dir='ltr'><strong>ples</strong></span> <span class='ocrx_word' id='word_1_319' title='bbox 1444 4141 1477 4189; x_wconf 85' lang='lat' dir='ltr'><strong>oi</strong></span> 
     </span>
     <span class='ocr_line' id='line_1_37' title="bbox 361 4201 1475 4266; baseline 0.004 -15"><span class='ocrx_word' id='word_1_320' title='bbox 361 4201 473 4253; x_wconf 84' lang='lat' dir='ltr'><strong>Isabelle</strong></span> <span class='ocrx_word' id='word_1_321' title='bbox 489 4201 520 4252; x_wconf 89' lang='lat' dir='ltr'><strong>de</strong></span> <span class='ocrx_word' id='word_1_322' title='bbox 536 4202 646 4252; x_wconf 88' lang='lat' dir='ltr'><strong>Bolebeo</strong></span> <span class='ocrx_word' id='word_1_323' title='bbox 663 4219 714 4253; x_wconf 84' lang='lat' dir='ltr'><strong>was</strong></span> <span class='ocrx_word' id='word_1_324' title='bbox 732 4204 789 4254; x_wconf 80' lang='lat' dir='ltr'><strong>wire</strong></span> <span class='ocrx_word' id='word_1_325' title='bbox 806 4204 833 4253; x_wconf 87' lang='lat' dir='ltr'><strong>oi</strong></span> <span class='ocrx_word' id='word_1_326' title='bbox 852 4219 886 4253; x_wconf 85' lang='lat' dir='ltr'><strong>sn</strong></span> <span class='ocrx_word' id='word_1_327' title='bbox 938 4203 982 4252; x_wconf 88' lang='lat' dir='ltr'><strong>the</strong></span> <span class='ocrx_word' id='word_1_328' title='bbox 992 4205 1137 4253; x_wconf 65' lang='lat' dir='ltr'><strong>Gonntesss</strong></span> <span class='ocrx_word' id='word_1_329' title='bbox 1170 4202 1285 4265; x_wconf 80' lang='lat' dir='ltr'><strong>Perhaps</strong></span> <span class='ocrx_word' id='word_1_330' title='bbox 1296 4205 1359 4266; x_wconf 76' lang='lat' dir='ltr'><strong>quic</strong></span> <span class='ocrx_word' id='word_1_331' title='bbox 1372 4203 1475 4255; x_wconf 82' lang='lat' dir='ltr'><strong>should</strong></span> 
     </span>
     <span class='ocr_line' id='line_1_38' title="bbox 360 4267 1100 4330; baseline -0.001 -13"><span class='ocrx_word' id='word_1_332' title='bbox 360 4269 424 4318; x_wconf 80' lang='lat' dir='ltr'><strong>Esrl</strong></span> <span class='ocrx_word' id='word_1_333' title='bbox 440 4267 546 4328; x_wconf 73' lang='lat' dir='ltr'><strong>Esboni,</strong></span> <span class='ocrx_word' id='word_1_334' title='bbox 566 4267 668 4330; x_wconf 78' lang='lat' dir='ltr'><strong>Hugh&#39;s</strong></span> <span class='ocrx_word' id='word_1_335' title='bbox 684 4268 776 4330; x_wconf 81' lang='lat' dir='ltr'><strong>father,</strong></span> <span class='ocrx_word' id='word_1_336' title='bbox 796 4271 843 4317; x_wconf 86' lang='lat' dir='ltr'><strong>not</strong></span> <span class='ocrx_word' id='word_1_337' title='bbox 860 4269 888 4318; x_wconf 85' lang='lat' dir='ltr'><strong>oi</strong></span> <span class='ocrx_word' id='word_1_338' title='bbox 937 4269 968 4318; x_wconf 92' lang='lat' dir='ltr'><strong>be</strong></span> <span class='ocrx_word' id='word_1_339' title='bbox 980 4268 1100 4318; x_wconf 87' lang='lat' dir='ltr'><strong>omitted.</strong></span> 
     </span>
     <span class='ocr_line' id='line_1_39' title="bbox 360 4333 1470 4398; baseline 0.005 -15"><span class='ocrx_word' id='word_1_340' title='bbox 360 4349 412 4398; x_wconf 81' lang='lat' dir='ltr'><strong>any</strong></span> <span class='ocrx_word' id='word_1_341' title='bbox 424 4333 488 4382; x_wconf 73' lang='lat' dir='ltr'><strong>Euri</strong></span> <span class='ocrx_word' id='word_1_342' title='bbox 496 4333 605 4394; x_wconf 75' lang='lat' dir='ltr'><strong>Anbrey.</strong></span> <span class='ocrx_word' id='word_1_343' title='bbox 634 4333 758 4382; x_wconf 83' lang='lat' dir='ltr'><strong>However</strong></span> <span class='ocrx_word' id='word_1_344' title='bbox 766 4333 886 4396; x_wconf 75' lang='lat' dir='ltr'><strong>thelegsi</strong></span> <span class='ocrx_word' id='word_1_345' title='bbox 968 4333 981 4365; x_wconf 79' lang='lat'>⁸</span> <span class='ocrx_word' id='word_1_346' title='bbox 1002 4333 1073 4384; x_wconf 81' lang='lat' dir='ltr'><strong>Gerr.</strong></span> <span class='ocrx_word' id='word_1_347' title='bbox 1104 4348 1180 4396; x_wconf 77' lang='lat' dir='ltr'><strong>quom</strong></span> <span class='ocrx_word' id='word_1_348' title='bbox 1207 4340 1300 4382; x_wconf 71' lang='lat' dir='ltr'><strong>terram</strong></span> <span class='ocrx_word' id='word_1_349' title='bbox 1329 4335 1470 4388; x_wconf 65' lang='lat' dir='ltr'><strong>rreum</strong></span> 
     </span>
     <span class='ocr_line' id='line_1_40' title="bbox 360 4395 1477 4462; baseline 0.004 -15"><span class='ocrx_word' id='word_1_350' title='bbox 360 4399 435 4462; x_wconf 91' lang='lat' dir='ltr'><strong>point</strong></span> <span class='ocrx_word' id='word_1_351' title='bbox 446 4397 469 4446; x_wconf 89' lang='lat' dir='ltr'><strong>is</strong></span> <span class='ocrx_word' id='word_1_352' title='bbox 482 4395 540 4446; x_wconf 85' lang='lat' dir='ltr'><strong>that</strong></span> <span class='ocrx_word' id='word_1_353' title='bbox 557 4397 601 4445; x_wconf 86' lang='lat' dir='ltr'><strong>the</strong></span> <span class='ocrx_word' id='word_1_354' title='bbox 618 4396 681 4446; x_wconf 86' lang='lat' dir='ltr'><strong>deod</strong></span> <span class='ocrx_word' id='word_1_355' title='bbox 698 4396 727 4446; x_wconf 86' lang='lat' dir='ltr'><strong>oi</strong></span> <span class='ocrx_word' id='word_1_356' title='bbox 742 4413 758 4448; x_wconf 86' lang='lat' dir='ltr'><strong>s</strong></span> <span class='ocrx_word' id='word_1_357' title='bbox 774 4398 886 4448; x_wconf 87' lang='lat' dir='ltr'><strong>married</strong></span> <span class='ocrx_word' id='word_1_358' title='bbox 936 4397 1035 4449; x_wconf 83' lang='lat' dir='ltr'><strong>Walter</strong></span> <span class='ocrx_word' id='word_1_359' title='bbox 1056 4398 1088 4448; x_wconf 91' lang='lat' dir='ltr'><strong>de</strong></span> <span class='ocrx_word' id='word_1_360' title='bbox 1109 4396 1218 4447; x_wconf 86' lang='lat' dir='ltr'><strong>Bolebee</strong></span> <span class='ocrx_word' id='word_1_361' title='bbox 1240 4413 1294 4448; x_wconf 74' lang='lat' dir='ltr'><strong>was</strong></span> <span class='ocrx_word' id='word_1_362' title='bbox 1315 4399 1427 4450; x_wconf 81' lang='lat' dir='ltr'><strong>brother</strong></span> <span class='ocrx_word' id='word_1_363' title='bbox 1442 4403 1477 4452; x_wconf 83' lang='lat' dir='ltr'><strong>oi</strong></span> 
     </span>
     <span class='ocr_line' id='line_1_41' title="bbox 359 4461 1195 4515; baseline -0.004 0"><span class='ocrx_word' id='word_1_364' title='bbox 359 4478 462 4515; x_wconf 76' lang='lat' dir='ltr'><strong>woman</strong></span> <span class='ocrx_word' id='word_1_365' title='bbox 474 4462 592 4512; x_wconf 84' lang='lat' dir='ltr'><strong>doesnot</strong></span> <span class='ocrx_word' id='word_1_366' title='bbox 604 4461 732 4511; x_wconf 87' lang='lat' dir='ltr'><strong>bindher.</strong></span> <span class='ocrx_word' id='word_1_367' title='bbox 936 4464 1063 4515; x_wconf 63' lang='lat' dir='ltr'><strong>Cenum</strong></span> <span class='ocrx_word' id='word_1_368' title='bbox 1074 4463 1195 4514; x_wconf 80' lang='lat' dir='ltr'><strong>Issbslls.</strong></span> 
     </span>
    </p>
   </div>
   <div class='ocr_carea' id='block_1_5' title="bbox 0 0 1676 5217">
    <p class='ocr_par' dir='ltr' id='par_1_6' title="bbox 0 0 1676 5217">
     <span class='ocr_line' id='line_1_42' title="bbox 0 0 1676 5217; baseline 0 5"><span class='ocrx_word' id='word_1_369' title='bbox 0 0 1676 5217; x_wconf 95' lang='lat' dir='ltr'><strong> </strong></span> 
     </span>
    </p>
   </div>
  </div>
 </body>
</html>
