3342 5217
495 334 646 394 nmium,
668 333 733 382 nn.
758 321 853 396 1231,
874 332 938 383 ss
962 322 1012 384 15.
1239 322 1301 383 455

196 504 308 592 Agnes
322 504 485 592 cognoscit
503 502 589 590 quod
610 503 813 591 mesnagium
833 502 917 568 illud
936 512 987 569 est
1001 504 1037 569 in
1051 504 1214 569 suburbio.
1258 504 1303 568 Et

196 608 269 675 ideo
287 617 421 695 teneant
443 608 474 673 ei
496 607 658 672 iusticiam
681 606 859 673 secundum
881 606 1149 672 consuetudinem
1169 606 1249 673 uille
1268 615 1304 672 et

196 713 353 778 liberetur
367 712 413 777 eis
427 711 549 779 breue¹.

137 875 144 888 .
260 816 470 903 ¹Prooeptum
486 817 549 883 fuit
564 816 748 881 uicecomiti
763 815 849 901 quod
864 816 985 881 feceret
1003 838 1073 881 esse
1094 815 1304 880 racionabiles

196 922 318 986 diuisas
337 921 425 986 inter
443 928 563 985 terrem
587 920 705 985 Prioris
726 920 766 985 de
789 920 924 985 Wenloc
946 920 981 984 in
1004 920 1105 984 Stohe
1127 927 1162 984 et
1183 927 1304 984 terrem

197 1024 334 1090 Walteri
348 1024 461 1088 Hcket
483 1031 517 1087 et
539 1023 722 1109 Mergemte
746 1023 854 1087 uxoris
876 1022 947 1087 eius
968 1022 1003 1086 in
1018 1021 1202 1088 Wethulla⁸
1219 1020 1305 1085 sicut

196 1150 266 1193 esse
291 1128 413 1193 debent
437 1135 471 1191 et
494 1127 599 1191 solent
629 1133 663 1190 et
692 1126 779 1191 unde
808 1126 897 1190 idem
923 1126 1014 1190 Prior
1042 1126 1189 1211 queritur
1217 1125 1305 1211 quod

196 1226 335 1311 predicti
349 1226 514 1291 Walterns
535 1233 570 1289 et
590 1225 775 1317 Murgurete
794 1224 869 1309 plus
887 1232 1093 1289 ettmxemnt
1110 1225 1152 1289 ed
1174 1226 1304 1290 feodum

196 1352 293 1398 suum
316 1351 414 1415 quem
437 1328 480 1393 sd
503 1328 588 1413 ipsos
612 1327 755 1413 pertinet
778 1328 966 1392 habendum
989 1326 1132 1392 circiter⁴
1155 1350 1211 1393 sex
1240 1350 1302 1394 scr.

196 1442 281 1499 terre
296 1454 370 1498 cum
385 1441 466 1519 pert
482 1441 516 1497 et
531 1439 650 1517 petunt
665 1432 738 1496 illes
752 1432 838 1496 sicut
851 1453 910 1517 per
924 1432 1024 1496 breue
1040 1429 1081 1495 de
1095 1439 1190 1497 recto

200 1592 204 1599 .
262 1538 305 1601 Et
320 1536 485 1601 Walterus
499 1558 557 1621 pro
572 1558 606 1601 se
621 1544 655 1601 et
671 1536 856 1622 Margareta
870 1556 969 1600 uxore
980 1535 1052 1599 eius
1062 1534 1202 1599 ueniunt
1212 1533 1304 1599 ³inde

195 1640 304 1705 uisum
319 1647 379 1705 etc
395 1648 430 1704 et
443 1639 576 1704 interim
592 1646 652 1703 etc.

1352 819 1430 869 Sellop

132 1804 140 1816 ,
261 1740 456 1807 ‘Johannee
471 1750 505 1807 et
520 1740 664 1806 Albrede
677 1763 758 1805 uxor
773 1740 843 1804 eius
858 1747 977 1826 petunt
991 1763 1106 1805 uersus
1121 1740 1303 1806 Wolterum
1383 1751 1396 1780 ⁰

196 1846 301 1911 lilium
316 1846 436 1933 Rogeri
450 1845 662 1909 medietatem
684 1845 729 1929 iij.
746 1867 806 1909 scr.
823 1854 858 1909 et
868 1845 893 1929 j.
916 1844 1059 1931 mesusg'
1076 1868 1151 1909 cum
1171 1852 1252 1931 pert.
1267 1846 1304 1911 in

196 1950 469 2015 Hunstenestuna
483 1958 522 2013 ut
536 1949 647 2013 dotem
662 1972 763 2015 suem.

261 2054 306 2117 Et
321 2052 485 2117 Walterus
499 2051 592 2117 uenit
608 2060 642 2116 et
657 2050 820 2138 cognoscit
835 2050 922 2137 quod
937 2052 1079 2116 uillenus
1093 2060 1143 2117 est
1158 2060 1193 2117 et
1210 2060 1304 2117 tenet

194 2156 230 2221 in
241 2155 418 2243 uillensgio
426 2156 467 2220 de
482 2155 632 2220 Johenne
645 2156 835 2241 Estreunge.
882 2156 926 2219 Et
936 2155 960 2219 J
960 2155 1104 2221 ohannes
1115 2164 1149 2221 et
1160 2156 1305 2221 Albrede

194 2283 260 2325 non
274 2259 490 2346 possunthoc
512 2258 658 2324 dedicere
677 2267 712 2323 et
733 2258 807 2323 ideo
822 2246 988 2324 Woltsms
1002 2260 1078 2325 inde
1101 2260 1171 2326 sine
1192 2260 1246 2326 die
1268 2269 1304 2327 et

195 2364 259 2450 ipsi
273 2364 462 2450 perquirant
477 2362 528 2429 se⁸
542 2372 603 2429 etc.

66 2480 81 2495 ”
132 2530 140 2543 ,
260 2464 469 2551 ⁹Preceptum
490 2464 553 2529 fuit
574 2464 699 2531 Abbati
722 2466 754 2530 S.
775 2465 961 2530 Esdmundi
980 2466 1085 2552 primo
1106 2474 1141 2532 et
1163 2466 1304 2532 secundo

194 2567 282 2655 quod
296 2567 454 2632 recordsli
469 2568 588 2632 feceret
599 2567 761 2653 loquelam
772 2588 836 2653 que
846 2566 910 2631 luit
925 2567 959 2631 in
974 2568 1065 2632 curis
1073 2569 1106 2633 S.
1118 2568 1305 2633 Eedmundi

194 2672 283 2737 inter
318 2671 499 2737 Robertum
535 2671 576 2735 de
614 2670 756 2758 Gouling
794 2672 992 2757 repellentem
1029 2681 1064 2738 et
1101 2672 1304 2738 Willelmum

195 2776 418 2862 Meuueyseyn
433 2774 636 2840 Willelmnm
653 2774 760 2839 filium
776 2776 847 2841 eius
861 2776 1045 2841 Walterum
1060 2777 1254 2864 Meuueysin
1269 2786 1304 2841 et

194 2880 351 2967 quosdam
366 2880 445 2943 slios
459 2879 616 2965 spelletos
630 2879 671 2944 de
682 2902 761 2965 poce
776 2881 871 2945 Dom.
887 2881 988 2967 Regis
1002 2879 1140 2946 inflecte
1150 2890 1184 2945 et
1199 2881 1304 2968 plagis

193 2982 283 3048 unde
303 3005 358 3047 eos
372 2982 538 3068 apellsuit,
553 2991 587 3048 et
602 2983 689 3048 unde
705 2984 868 3048 Robertus
882 2991 1017 3069 questus
1030 2984 1095 3049 fuit
1109 2985 1225 3049 salsum
1240 2984 1305 3049 sibi

126 3112 129 3118 ·
194 3091 230 3154 in
245 3088 360 3154 eedem
374 3088 465 3152 curie
479 3088 601 3152 fectum
617 3088 715 3153 fuisse
730 3087 889 3153 iudicium
903 3110 943 3152 eo
961 3087 1048 3173 quod
1069 3109 1144 3151 cum
1166 3087 1304 3172 predicti

192 3190 329 3276 apellati
349 3188 532 3275 posuissent
557 3211 591 3253 se
614 3211 712 3274 super
733 3189 873 3274 petriam
895 3189 930 3253 in
952 3189 1066 3253 eedem
1088 3188 1178 3253 curie
1197 3197 1231 3252 et
1245 3211 1305 3274 por

192 3294 335 3381 patrium
349 3292 555 3359 recessissent
564 3292 669 3379 quieti
679 3293 720 3359 de
736 3294 842 3380 apello
856 3294 913 3359 illo
927 3294 1014 3360 idem
1030 3294 1142 3359 Abhas
1152 3293 1304 3380 exigebat

226 3514 537 3567 ¹Seesboreces0577.
775 3514 963 3566 villein'slord.

227 3581 239 3613 ²
255 3580 286 3629 B.
298 3595 334 3629 m.
346 3583 370 3629 8.
807 3582 818 3614 ⁹
833 3581 905 3632 B.m.
916 3581 966 3630 ed.
983 3580 1304 3643 Forecrlierprooeedinge

226 3644 334 3695 ⁸Stolm
351 3644 390 3695 St.
408 3642 539 3707 Milbnrgh
553 3642 724 3695 cndWheot-
775 3660 816 3695 see
833 3646 913 3695 shore
930 3646 995 3695 cmc
1011 3646 1068 3702 511,
1086 3646 1153 3694 lrom
1174 3645 1259 3695 which
1281 3646 1304 3696 u

192 3710 253 3760 hill.
775 3724 859 3759 seems
870 3710 930 3759 thet
940 3710 1037 3760 Robert
1049 3715 1076 3761 et
1088 3725 1159 3759 some
1169 3711 1257 3772 period
1270 3726 1304 3768 ‚or

227 3776 239 3807 ¹
255 3774 373 3825 Between
385 3776 487 3823 circiter
497 3772 550 3823 end
565 3790 615 3834 sec,
634 3774 681 3824 but
695 3772 724 3822 in
775 3774 851 3823 other
861 3775 993 3824 withdrew
1004 3776 1071 3824 lrom
1081 3774 1124 3823 his
1136 3775 1188 3823 suit
1199 3775 1303 3834 against

194 3840 242 3890 the
252 3838 397 3900 marginis
411 3846 516 3888 tontum.
550 3838 616 3887 Itis
632 3841 679 3887 not
695 3838 724 3887 in
775 3840 924 3889 theAbbot.
956 3840 982 3889 It
997 3840 1021 3888 ie
1036 3846 1085 3890 not
1100 3845 1199 3902 eoeyto
1216 3839 1304 3891 decide

194 3906 225 3955 B.
261 3904 275 3953 I
297 3918 340 3952 em
362 3904 496 3953 uncertain
519 3903 634 3953 whether
655 3904 677 3954 it
701 3904 725 3953 is
775 3905 877 3968 exectly
893 3904 963 3955 whst
978 3904 1114 3967 happened
1133 3906 1174 3953 sor
1194 3919 1211 3954 s
1231 3910 1302 3967 post

195 3972 287 4019 meent
297 3972 325 4018 to
337 3968 367 4018 be
378 3968 406 4017 in
418 3968 464 4017 the
474 3972 537 4017 tert.
776 3970 856 4031 script
872 3984 907 4018 on
923 3985 958 4019 cn
975 3970 1066 4019 earlier
1082 3969 1131 4018 roll
1148 3984 1209 4032 moy
1224 3970 1256 4020 be
1275 3972 1305 4021 ol

228 4034 354 4096 ‘Supply
366 4041 390 4083 et
404 4039 502 4095 petunt,
519 4032 550 4081 Β.
585 4032 650 4083 This
666 4047 725 4083 oceo
774 4034 842 4083 luter
858 4034 918 4084 dete
934 4034 999 4084 then
1016 4034 1062 4083 tho
1077 4038 1199 4098 entryon
1215 4049 1232 4084 o
1244 4036 1302 4085 snb·

194 4099 219 4149 is
230 4098 298 4148 Fitz.
315 4100 390 4157 Vim,
401 4100 457 4149 173.
775 4103 884 4161 sequent
909 4099 967 4148 roll.
1001 4098 1116 4160 Perhaps
1142 4098 1188 4149 the
1208 4104 1304 4151 mutter

229 4163 241 4196 ⁶
256 4164 287 4215 Β.
301 4176 337 4211 m.
349 4162 398 4211 ed.
775 4179 827 4212 wes
839 4167 887 4213 not
897 4163 1007 4213 caused
1018 4167 1046 4213 to
1057 4164 1122 4227 drop
1136 4164 1245 4214 because
1257 4165 1303 4217 the

229 4229 240 4265 ⁷
257 4228 357 4291 Supply
367 4226 422 4289 rup‘
436 4226 468 4291 (l)
479 4226 512 4276 B.
775 4228 860 4278 Abbot
870 4228 923 4278 hod
935 4228 999 4278 been
1010 4228 1153 4292 infringing
1168 4229 1214 4281 the
1230 4232 1304 4294 royel

228 4294 240 4327 ⁸
256 4293 357 4355 Supply
372 4307 459 4341 uerno
475 4294 615 4343 domanam
636 4295 660 4341 ci
682 4308 724 4341 uo·
775 4292 898 4356 privilege
909 4294 938 4343 ol
947 4294 1006 4344 trial
1017 4294 1051 4357 by
1061 4293 1128 4358 jury.

197 4362 300 4418 luerim,
330 4356 362 4407 Β.
410 4356 482 4419 They
509 4362 579 4407 must
608 4372 653 4407 sue
681 4358 725 4407 thc
