<?xml version="1.0" encoding="UTF-8"?>
<!DOCTYPE html PUBLIC "-//W3C//DTD XHTML 1.0 Transitional//EN"
    "http://www.w3.org/TR/xhtml1/DTD/xhtml1-transitional.dtd">
<html xmlns="http://www.w3.org/1999/xhtml" xml:lang="en" lang="en">
 <head>
  <title>
</title>
<meta http-equiv="Content-Type" content="text/html;charset=utf-8" />
  <meta name='ocr-system' content='tesseract 3.04.00' />
  <meta name='ocr-capabilities' content='ocr_page ocr_carea ocr_par ocr_line ocrx_word'/>
</head>
<body>
  <div class='ocr_page' id='page_1' title='image "bractonsnoteboo01maitgoog_0271.png"; bbox 0 0 3342 5217; ppageno 0'>
   <div class='ocr_carea' id='block_1_1' title="bbox 484 449 1294 526">
    <p class='ocr_par' dir='ltr' id='par_1_1' title="bbox 484 449 1294 526">
     <span class='ocr_line' id='line_1_1' title="bbox 484 449 1294 526; baseline 0.002 -12"><span class='ocrx_word' id='word_1_1' title='bbox 484 465 624 526; x_wconf 75' lang='lat' dir='ltr'>unsar,</span> <span class='ocrx_word' id='word_1_2' title='bbox 647 465 713 516; x_wconf 71' lang='lat' dir='ltr'>sn.</span> <span class='ocrx_word' id='word_1_3' title='bbox 736 449 832 526; x_wconf 82' lang='lat'>1229,</span> <span class='ocrx_word' id='word_1_4' title='bbox 854 466 917 515; x_wconf 74' lang='lat' dir='ltr'>sa.</span> <span class='ocrx_word' id='word_1_5' title='bbox 941 453 992 516; x_wconf 83' lang='lat'>13.</span> <span class='ocrx_word' id='word_1_6' title='bbox 1231 453 1294 518; x_wconf 77' lang='lat'>265</span> 
     </span>
    </p>
   </div>
   <div class='ocr_carea' id='block_1_2' title="bbox 158 635 1299 1220">
    <p class='ocr_par' dir='ltr' id='par_1_2' title="bbox 158 635 1299 1136">
     <span class='ocr_line' id='line_1_2' title="bbox 253 635 1297 724; baseline -0.001 -21"><span class='ocrx_word' id='word_1_7' title='bbox 253 637 298 703; x_wconf 90' lang='lat' dir='ltr'>Et</span> <span class='ocrx_word' id='word_1_8' title='bbox 313 635 390 724; x_wconf 88' lang='lat' dir='ltr'>quia</span> <span class='ocrx_word' id='word_1_9' title='bbox 404 636 568 702; x_wconf 78' lang='lat' dir='ltr'>Robertus</span> <span class='ocrx_word' id='word_1_10' title='bbox 583 635 624 701; x_wconf 92' lang='lat' dir='ltr'>de</span> <span class='ocrx_word' id='word_1_11' title='bbox 648 635 821 723; x_wconf 82' lang='lat' dir='ltr'>Strslegha</span> <span class='ocrx_word' id='word_1_12' title='bbox 838 659 904 700; x_wconf 93' lang='lat' dir='ltr'>non</span> <span class='ocrx_word' id='word_1_13' title='bbox 924 636 1089 724; x_wconf 77' lang='lat' dir='ltr'>cognoscit</span> <span class='ocrx_word' id='word_1_14' title='bbox 1104 636 1191 722; x_wconf 94' lang='lat' dir='ltr'>quod</span> <span class='ocrx_word' id='word_1_15' title='bbox 1210 635 1297 702; x_wconf 89' lang='lat' dir='ltr'>idern</span> 
     </span>
     <span class='ocr_line' id='line_1_3' title="bbox 187 739 1299 827; baseline 0 -21"><span class='ocrx_word' id='word_1_16' title='bbox 187 741 351 806; x_wconf 86' lang='lat' dir='ltr'>Robertus</span> <span class='ocrx_word' id='word_1_17' title='bbox 373 740 414 806; x_wconf 91' lang='lat' dir='ltr'>de</span> <span class='ocrx_word' id='word_1_18' title='bbox 439 740 533 826; x_wconf 87' lang='lat' dir='ltr'>Moyz</span> <span class='ocrx_word' id='word_1_19' title='bbox 555 739 599 803; x_wconf 87' lang='lat' dir='ltr'>sit</span> <span class='ocrx_word' id='word_1_20' title='bbox 621 739 715 803; x_wconf 89' lang='lat' dir='ltr'>heres</span> <span class='ocrx_word' id='word_1_21' title='bbox 736 739 849 804; x_wconf 85' lang='lat' dir='ltr'>exiens</span> <span class='ocrx_word' id='word_1_22' title='bbox 870 739 910 804; x_wconf 89' lang='lat' dir='ltr'>de</span> <span class='ocrx_word' id='word_1_23' title='bbox 932 741 1149 827; x_wconf 88' lang='lat' dir='ltr'>primogenito</span> <span class='ocrx_word' id='word_1_24' title='bbox 1171 742 1238 806; x_wconf 93' lang='lat' dir='ltr'>filio</span> <span class='ocrx_word' id='word_1_25' title='bbox 1259 765 1299 806; x_wconf 90' lang='lat' dir='ltr'>eo</span> 
     </span>
     <span class='ocr_line' id='line_1_4' title="bbox 188 843 1299 932; baseline 0.001 -22"><span class='ocrx_word' id='word_1_26' title='bbox 188 845 275 931; x_wconf 90' lang='lat' dir='ltr'>quod</span> <span class='ocrx_word' id='word_1_27' title='bbox 289 853 383 931; x_wconf 86' lang='lat' dir='ltr'>peter</span> <span class='ocrx_word' id='word_1_28' title='bbox 401 867 479 910; x_wconf 89' lang='lat' dir='ltr'>suus</span> <span class='ocrx_word' id='word_1_29' title='bbox 497 844 561 908; x_wconf 89' lang='lat' dir='ltr'>fuit</span> <span class='ocrx_word' id='word_1_30' title='bbox 575 843 755 921; x_wconf 85' lang='lat' dir='ltr'>bastardus,</span> <span class='ocrx_word' id='word_1_31' title='bbox 771 853 805 908; x_wconf 90' lang='lat' dir='ltr'>et</span> <span class='ocrx_word' id='word_1_32' title='bbox 824 852 974 929; x_wconf 86' lang='lat' dir='ltr'>preterea</span> <span class='ocrx_word' id='word_1_33' title='bbox 995 845 1075 909; x_wconf 91' lang='lat' dir='ltr'>dicit</span> <span class='ocrx_word' id='word_1_34' title='bbox 1095 845 1182 931; x_wconf 92' lang='lat' dir='ltr'>quod</span> <span class='ocrx_word' id='word_1_35' title='bbox 1200 847 1299 932; x_wconf 89' lang='lat' dir='ltr'>primi</span> 
     </span>
     <span class='ocr_line' id='line_1_5' title="bbox 158 943 1299 1036; baseline 0.002 -23"><span class='ocrx_word' id='word_1_36' title='bbox 158 970 162 976; x_wconf 89' lang='lat'>·</span> <span class='ocrx_word' id='word_1_37' title='bbox 188 949 250 1013; x_wconf 89' lang='lat' dir='ltr'>filii</span> <span class='ocrx_word' id='word_1_38' title='bbox 268 943 413 1034; x_wconf 75' lang='lat' dir='ltr'>predicte</span> <span class='ocrx_word' id='word_1_39' title='bbox 434 947 523 1012; x_wconf 93' lang='lat' dir='ltr'>Isilie</span> <span class='ocrx_word' id='word_1_40' title='bbox 546 947 741 1012; x_wconf 89' lang='lat' dir='ltr'>remiserunt</span> <span class='ocrx_word' id='word_1_41' title='bbox 762 957 889 1033; x_wconf 81' lang='lat' dir='ltr'>partem</span> <span class='ocrx_word' id='word_1_42' title='bbox 912 971 975 1034; x_wconf 90' lang='lat' dir='ltr'>que</span> <span class='ocrx_word' id='word_1_43' title='bbox 997 949 1209 1036; x_wconf 88' lang='lat' dir='ltr'>contingebat</span> <span class='ocrx_word' id='word_1_44' title='bbox 1223 950 1299 1015; x_wconf 90' lang='lat' dir='ltr'>filiis</span> 
     </span>
     <span class='ocr_line' id='line_1_6' title="bbox 187 1048 1199 1136; baseline 0 -20"><span class='ocrx_word' id='word_1_45' title='bbox 187 1051 321 1116; x_wconf 90' lang='lat' dir='ltr'>secundi</span> <span class='ocrx_word' id='word_1_46' title='bbox 335 1050 407 1128; x_wconf 84' lang='lat' dir='ltr'>uiri,</span> <span class='ocrx_word' id='word_1_47' title='bbox 422 1049 660 1114; x_wconf 86' lang='lat' dir='ltr'>consideratum</span> <span class='ocrx_word' id='word_1_48' title='bbox 675 1059 725 1114; x_wconf 88' lang='lat' dir='ltr'>est</span> <span class='ocrx_word' id='word_1_49' title='bbox 740 1048 827 1135; x_wconf 91' lang='lat' dir='ltr'>quod</span> <span class='ocrx_word' id='word_1_50' title='bbox 841 1073 961 1136; x_wconf 88' lang='lat' dir='ltr'>magna</span> <span class='ocrx_word' id='word_1_51' title='bbox 974 1051 1075 1116; x_wconf 78' lang='lat' dir='ltr'><strong>assisa</strong></span> <span class='ocrx_word' id='word_1_52' title='bbox 1088 1052 1146 1116; x_wconf 85' lang='lat' dir='ltr'>fiat</span> <span class='ocrx_word' id='word_1_53' title='bbox 1156 1051 1174 1118; x_wconf 92' lang='lat'>¹.</span> <span class='ocrx_word' id='word_1_54' title='bbox 1193 1050 1199 1135; x_wconf 78' lang='grc' dir='ltr'>Ι</span> 
     </span>
    </p>

    <p class='ocr_par' dir='ltr' id='par_1_3' title="bbox 254 1153 1202 1220">
     <span class='ocr_line' id='line_1_7' title="bbox 254 1153 1202 1220; baseline 0.001 -1"><span class='ocrx_word' id='word_1_55' title='bbox 254 1155 333 1220; x_wconf 84' lang='lat' dir='ltr'>Dies</span> <span class='ocrx_word' id='word_1_56' title='bbox 348 1154 445 1219; x_wconf 90' lang='lat' dir='ltr'>datus</span> <span class='ocrx_word' id='word_1_57' title='bbox 461 1162 511 1217; x_wconf 97' lang='grc' dir='ltr'>εει</span> <span class='ocrx_word' id='word_1_58' title='bbox 526 1153 573 1218; x_wconf 90' lang='lat' dir='ltr'>eis</span> <span class='ocrx_word' id='word_1_59' title='bbox 588 1177 608 1218; x_wconf 90' lang='lat' dir='ltr'>a</span> <span class='ocrx_word' id='word_1_60' title='bbox 622 1153 675 1218; x_wconf 89' lang='lat' dir='ltr'>dic</span> <span class='ocrx_word' id='word_1_61' title='bbox 687 1153 798 1218; x_wconf 87' lang='lat' dir='ltr'>Pasch.</span> <span class='ocrx_word' id='word_1_62' title='bbox 814 1154 850 1218; x_wconf 92' lang='lat' dir='ltr'>in</span> <span class='ocrx_word' id='word_1_63' title='bbox 864 1177 967 1219; x_wconf 92' lang='lat' dir='ltr'>unum</span> <span class='ocrx_word' id='word_1_64' title='bbox 982 1178 1127 1220; x_wconf 89' lang='lat' dir='ltr'>mensem</span> <span class='ocrx_word' id='word_1_65' title='bbox 1142 1165 1202 1220; x_wconf 87' lang='lat' dir='ltr'>etc.</span> 
     </span>
    </p>
   </div>
   <div class='ocr_carea' id='block_1_3' title="bbox 129 1257 1396 1345">
    <p class='ocr_par' dir='ltr' id='par_1_4' title="bbox 129 1257 1396 1345">
     <span class='ocr_line' id='line_1_8' title="bbox 129 1257 1396 1345; baseline 0.001 -22"><span class='ocrx_word' id='word_1_66' title='bbox 129 1317 136 1330; x_wconf 84' lang='grc'><em>,</em></span> <span class='ocrx_word' id='word_1_67' title='bbox 254 1257 412 1323; x_wconf 82' lang='lat' dir='ltr'>&#39;Jurata³</span> <span class='ocrx_word' id='word_1_68' title='bbox 432 1257 525 1322; x_wconf 89' lang='lat' dir='ltr'>uenit</span> <span class='ocrx_word' id='word_1_69' title='bbox 547 1257 753 1344; x_wconf 78' lang='lat' dir='ltr'>recognitiua</span> <span class='ocrx_word' id='word_1_70' title='bbox 770 1266 882 1322; x_wconf 88' lang='lat' dir='ltr'>utrum</span> <span class='ocrx_word' id='word_1_71' title='bbox 899 1258 974 1323; x_wconf 75' lang='lat' dir='ltr'>dina</span> <span class='ocrx_word' id='word_1_72' title='bbox 990 1258 1071 1345; x_wconf 87' lang='lat' dir='ltr'>uirg.</span> <span class='ocrx_word' id='word_1_73' title='bbox 1090 1267 1175 1324; x_wconf 85' lang='lat' dir='ltr'>terre</span> <span class='ocrx_word' id='word_1_74' title='bbox 1194 1268 1229 1324; x_wconf 91' lang='lat' dir='ltr'>et</span> <span class='ocrx_word' id='word_1_75' title='bbox 1244 1260 1297 1344; x_wconf 82' lang='lat' dir='ltr'>vij.</span> <span class='ocrx_word' id='word_1_76' title='bbox 1365 1279 1396 1308; x_wconf 78' lang='lat'>¹²¹¹</span> 
     </span>
    </p>
   </div>
   <div class='ocr_carea' id='block_1_4' title="bbox 188 1359 1301 1760">
    <p class='ocr_par' dir='ltr' id='par_1_5' title="bbox 188 1359 1301 1760">
     <span class='ocr_line' id='line_1_9' title="bbox 188 1359 1299 1450; baseline 0 -22"><span class='ocrx_word' id='word_1_77' title='bbox 188 1385 250 1428; x_wconf 83' lang='lat' dir='ltr'>aer.</span> <span class='ocrx_word' id='word_1_78' title='bbox 266 1371 350 1427; x_wconf 83' lang='lat' dir='ltr'>terre</span> <span class='ocrx_word' id='word_1_79' title='bbox 366 1385 441 1427; x_wconf 90' lang='lat' dir='ltr'>cum</span> <span class='ocrx_word' id='word_1_80' title='bbox 455 1369 536 1446; x_wconf 91' lang='lat' dir='ltr'>pert.</span> <span class='ocrx_word' id='word_1_81' title='bbox 552 1360 587 1424; x_wconf 92' lang='lat' dir='ltr'>in</span> <span class='ocrx_word' id='word_1_82' title='bbox 602 1359 789 1426; x_wconf 85' lang='lat' dir='ltr'>Stauntona</span> <span class='ocrx_word' id='word_1_83' title='bbox 803 1361 870 1425; x_wconf 90' lang='lat' dir='ltr'>sint</span> <span class='ocrx_word' id='word_1_84' title='bbox 885 1361 988 1427; x_wconf 87' lang='lat' dir='ltr'>libera</span> <span class='ocrx_word' id='word_1_85' title='bbox 1003 1363 1178 1427; x_wconf 81' lang='lat' dir='ltr'>elemosina</span> <span class='ocrx_word' id='word_1_86' title='bbox 1198 1365 1299 1450; x_wconf 87' lang='lat' dir='ltr'>perti-</span> 
     </span>
     <span class='ocr_line' id='line_1_10' title="bbox 188 1463 1298 1554; baseline 0.003 -24"><span class='ocrx_word' id='word_1_87' title='bbox 188 1489 270 1530; x_wconf 92' lang='lat' dir='ltr'>nens</span> <span class='ocrx_word' id='word_1_88' title='bbox 290 1465 332 1530; x_wconf 88' lang='lat' dir='ltr'>ad</span> <span class='ocrx_word' id='word_1_89' title='bbox 354 1464 521 1530; x_wconf 79' lang='lat' dir='ltr'>ecclesiam</span> <span class='ocrx_word' id='word_1_90' title='bbox 543 1463 584 1528; x_wconf 92' lang='lat' dir='ltr'>de</span> <span class='ocrx_word' id='word_1_91' title='bbox 612 1463 772 1550; x_wconf 87' lang='lat' dir='ltr'>Sulingny</span> <span class='ocrx_word' id='word_1_92' title='bbox 794 1464 834 1529; x_wconf 93' lang='lat' dir='ltr'>de</span> <span class='ocrx_word' id='word_1_93' title='bbox 867 1465 1058 1544; x_wconf 86' lang='lat' dir='ltr'>Stauntona,</span> <span class='ocrx_word' id='word_1_94' title='bbox 1081 1475 1141 1531; x_wconf 88' lang='lat' dir='ltr'>aut</span> <span class='ocrx_word' id='word_1_95' title='bbox 1170 1468 1298 1554; x_wconf 88' lang='lat' dir='ltr'>laycum</span> 
     </span>
     <span class='ocr_line' id='line_1_11' title="bbox 188 1567 1300 1656; baseline 0.002 -22"><span class='ocrx_word' id='word_1_96' title='bbox 188 1569 320 1634; x_wconf 85' lang='lat' dir='ltr'>feodum</span> <span class='ocrx_word' id='word_1_97' title='bbox 349 1568 488 1633; x_wconf 90' lang='lat' dir='ltr'>Walteri</span> <span class='ocrx_word' id='word_1_98' title='bbox 518 1567 630 1646; x_wconf 88' lang='lat' dir='ltr'>Morel,</span> <span class='ocrx_word' id='word_1_99' title='bbox 652 1567 810 1633; x_wconf 90' lang='lat' dir='ltr'>Willelmi</span> <span class='ocrx_word' id='word_1_100' title='bbox 840 1569 989 1656; x_wconf 88' lang='lat' dir='ltr'>Poydras,</span> <span class='ocrx_word' id='word_1_101' title='bbox 1018 1579 1054 1634; x_wconf 91' lang='lat' dir='ltr'>et</span> <span class='ocrx_word' id='word_1_102' title='bbox 1075 1569 1212 1636; x_wconf 87' lang='lat' dir='ltr'>Roberti</span> <span class='ocrx_word' id='word_1_103' title='bbox 1240 1572 1300 1636; x_wconf 87' lang='lat' dir='ltr'>filii</span> 
     </span>
     <span class='ocr_line' id='line_1_12' title="bbox 188 1671 1301 1760; baseline 0.002 -22"><span class='ocrx_word' id='word_1_104' title='bbox 188 1673 329 1750; x_wconf 73' lang='lat' dir='ltr'>sicardi,</span> <span class='ocrx_word' id='word_1_105' title='bbox 345 1672 431 1737; x_wconf 88' lang='lat' dir='ltr'>unde</span> <span class='ocrx_word' id='word_1_106' title='bbox 446 1671 612 1737; x_wconf 85' lang='lat' dir='ltr'>Walterus</span> <span class='ocrx_word' id='word_1_107' title='bbox 629 1681 722 1737; x_wconf 87' lang='lat' dir='ltr'>tenet</span> <span class='ocrx_word' id='word_1_108' title='bbox 742 1673 816 1737; x_wconf 91' lang='lat' dir='ltr'>dim.</span> <span class='ocrx_word' id='word_1_109' title='bbox 834 1673 924 1759; x_wconf 68' lang='lat' dir='ltr'>uirg„</span> <span class='ocrx_word' id='word_1_110' title='bbox 945 1673 1130 1739; x_wconf 90' lang='lat' dir='ltr'>Willelmus</span> <span class='ocrx_word' id='word_1_111' title='bbox 1151 1673 1208 1760; x_wconf 91' lang='lat' dir='ltr'>iiij.</span> <span class='ocrx_word' id='word_1_112' title='bbox 1229 1697 1301 1752; x_wconf 78' lang='lat' dir='ltr'>aen,</span> 
     </span>
    </p>
   </div>
   <div class='ocr_carea' id='block_1_5' title="bbox 188 1774 1418 1844">
    <p class='ocr_par' dir='ltr' id='par_1_6' title="bbox 188 1774 1418 1844">
     <span class='ocr_line' id='line_1_13' title="bbox 188 1774 1418 1844; baseline 0.001 -3"><span class='ocrx_word' id='word_1_113' title='bbox 188 1785 225 1842; x_wconf 85' lang='lat' dir='ltr'>et</span> <span class='ocrx_word' id='word_1_114' title='bbox 247 1774 411 1839; x_wconf 86' lang='lat' dir='ltr'>Robertus</span> <span class='ocrx_word' id='word_1_115' title='bbox 434 1782 500 1838; x_wconf 85' lang='lat' dir='ltr'>tres</span> <span class='ocrx_word' id='word_1_116' title='bbox 522 1796 584 1840; x_wconf 85' lang='lat' dir='ltr'>scr.</span> <span class='ocrx_word' id='word_1_117' title='bbox 629 1775 673 1839; x_wconf 86' lang='lat' dir='ltr'>Et</span> <span class='ocrx_word' id='word_1_118' title='bbox 693 1775 899 1840; x_wconf 82' lang='lat' dir='ltr'>Willelmus‘</span> <span class='ocrx_word' id='word_1_119' title='bbox 920 1775 1083 1841; x_wconf 87' lang='lat' dir='ltr'>Robertus</span> <span class='ocrx_word' id='word_1_120' title='bbox 1104 1777 1244 1842; x_wconf 90' lang='lat' dir='ltr'>ueniunt</span> <span class='ocrx_word' id='word_1_121' title='bbox 1265 1788 1300 1844; x_wconf 90' lang='lat' dir='ltr'>et</span> <span class='ocrx_word' id='word_1_122' title='bbox 1348 1830 1352 1836; x_wconf 92' lang='lat'>.</span> <span class='ocrx_word' id='word_1_123' title='bbox 1415 1789 1418 1793; x_wconf 82' lang='lat'>&#39;</span> 
     </span>
    </p>
   </div>
   <div class='ocr_carea' id='block_1_6' title="bbox 189 1879 1349 2378">
    <p class='ocr_par' dir='ltr' id='par_1_7' title="bbox 189 1879 1349 2378">
     <span class='ocr_line' id='line_1_14' title="bbox 189 1879 1349 1968; baseline 0.003 -24"><span class='ocrx_word' id='word_1_124' title='bbox 189 1887 310 1944; x_wconf 86' lang='lat' dir='ltr'>uocant</span> <span class='ocrx_word' id='word_1_125' title='bbox 325 1879 401 1944; x_wconf 91' lang='lat' dir='ltr'>inde</span> <span class='ocrx_word' id='word_1_126' title='bbox 416 1879 459 1943; x_wconf 87' lang='lat' dir='ltr'>ad</span> <span class='ocrx_word' id='word_1_127' title='bbox 473 1888 654 1944; x_wconf 83' lang='lat' dir='ltr'>warantum</span> <span class='ocrx_word' id='word_1_128' title='bbox 669 1879 874 1945; x_wconf 86' lang='lat' dir='ltr'>Gilebcrtum</span> <span class='ocrx_word' id='word_1_129' title='bbox 894 1880 935 1944; x_wconf 91' lang='lat' dir='ltr'>de</span> <span class='ocrx_word' id='word_1_130' title='bbox 954 1881 1138 1946; x_wconf 85' lang='lat' dir='ltr'>Stauntona</span> <span class='ocrx_word' id='word_1_131' title='bbox 1156 1882 1214 1967; x_wconf 93' lang='lat' dir='ltr'>qui</span> <span class='ocrx_word' id='word_1_132' title='bbox 1227 1905 1299 1968; x_wconf 90' lang='lat' dir='ltr'>pre·</span> <span class='ocrx_word' id='word_1_133' title='bbox 1344 1907 1349 1915; x_wconf 90' lang='lat'>·</span> 
     </span>
     <span class='ocr_line' id='line_1_15' title="bbox 189 1983 1301 2072; baseline 0.002 -23"><span class='ocrx_word' id='word_1_134' title='bbox 189 2005 265 2050; x_wconf 87' lang='lat' dir='ltr'>sens</span> <span class='ocrx_word' id='word_1_135' title='bbox 280 1991 330 2047; x_wconf 93' lang='lat' dir='ltr'>est</span> <span class='ocrx_word' id='word_1_136' title='bbox 345 1991 380 2046; x_wconf 92' lang='grc' dir='ltr'>ει</span> <span class='ocrx_word' id='word_1_137' title='bbox 395 1983 442 2046; x_wconf 88' lang='lat' dir='ltr'>eis</span> <span class='ocrx_word' id='word_1_138' title='bbox 458 1983 652 2048; x_wconf 86' lang='lat' dir='ltr'>warentizat.</span> <span class='ocrx_word' id='word_1_139' title='bbox 697 1983 742 2046; x_wconf 91' lang='lat' dir='ltr'>Et</span> <span class='ocrx_word' id='word_1_140' title='bbox 764 1983 833 2069; x_wconf 90' lang='lat' dir='ltr'>ipse</span> <span class='ocrx_word' id='word_1_141' title='bbox 856 1991 891 2047; x_wconf 91' lang='grc' dir='ltr'>ει</span> <span class='ocrx_word' id='word_1_142' title='bbox 906 1983 1071 2049; x_wconf 85' lang='lat' dir='ltr'>Walterus</span> <span class='ocrx_word' id='word_1_143' title='bbox 1085 1984 1199 2050; x_wconf 89' lang='lat' dir='ltr'>dicunt</span> <span class='ocrx_word' id='word_1_144' title='bbox 1214 1987 1301 2072; x_wconf 91' lang='lat' dir='ltr'>quod</span> 
     </span>
     <span class='ocr_line' id='line_1_16' title="bbox 189 2084 1299 2172; baseline 0.002 -22"><span class='ocrx_word' id='word_1_145' title='bbox 189 2085 293 2150; x_wconf 81' lang='lat' dir='ltr'>assisa</span> <span class='ocrx_word' id='word_1_146' title='bbox 307 2107 372 2149; x_wconf 91' lang='lat' dir='ltr'>non</span> <span class='ocrx_word' id='word_1_147' title='bbox 387 2084 486 2150; x_wconf 85' lang='lat' dir='ltr'>debet</span> <span class='ocrx_word' id='word_1_148' title='bbox 500 2084 577 2148; x_wconf 91' lang='lat' dir='ltr'>inde</span> <span class='ocrx_word' id='word_1_149' title='bbox 592 2084 671 2161; x_wconf 87' lang='lat' dir='ltr'>fieri,</span> <span class='ocrx_word' id='word_1_150' title='bbox 686 2084 818 2170; x_wconf 88' lang='lat' dir='ltr'>quiade</span> <span class='ocrx_word' id='word_1_151' title='bbox 833 2084 947 2149; x_wconf 84' lang='lat' dir='ltr'>eadem</span> <span class='ocrx_word' id='word_1_152' title='bbox 962 2093 1050 2150; x_wconf 86' lang='lat' dir='ltr'>terra</span> <span class='ocrx_word' id='word_1_153' title='bbox 1063 2086 1128 2150; x_wconf 80' lang='lat' dir='ltr'>suit</span> <span class='ocrx_word' id='word_1_154' title='bbox 1141 2086 1299 2172; x_wconf 85' lang='lat' dir='ltr'>placitum</span> 
     </span>
     <span class='ocr_line' id='line_1_17' title="bbox 189 2186 1301 2274; baseline 0.001 -20"><span class='ocrx_word' id='word_1_155' title='bbox 189 2189 226 2254; x_wconf 92' lang='lat' dir='ltr'>in</span> <span class='ocrx_word' id='word_1_156' title='bbox 252 2189 410 2253; x_wconf 87' lang='lat' dir='ltr'>comitatu</span> <span class='ocrx_word' id='word_1_157' title='bbox 437 2187 691 2274; x_wconf 85' lang='lat' dir='ltr'>Huntingdunie</span> <span class='ocrx_word' id='word_1_158' title='bbox 720 2187 807 2252; x_wconf 88' lang='lat' dir='ltr'>inter</span> <span class='ocrx_word' id='word_1_159' title='bbox 836 2186 1016 2252; x_wconf 86' lang='lat' dir='ltr'>Robertum</span> <span class='ocrx_word' id='word_1_160' title='bbox 1045 2189 1087 2254; x_wconf 90' lang='lat' dir='ltr'>de</span> <span class='ocrx_word' id='word_1_161' title='bbox 1117 2189 1301 2256; x_wconf 81' lang='lat' dir='ltr'>Stauntona</span> 
     </span>
     <span class='ocr_line' id='line_1_18' title="bbox 189 2291 1300 2378; baseline 0.002 -23"><span class='ocrx_word' id='word_1_162' title='bbox 189 2300 318 2378; x_wconf 87' lang='lat' dir='ltr'>patrem</span> <span class='ocrx_word' id='word_1_163' title='bbox 340 2292 478 2378; x_wconf 79' lang='lat' dir='ltr'>predicti</span> <span class='ocrx_word' id='word_1_164' title='bbox 502 2291 662 2357; x_wconf 86' lang='lat' dir='ltr'>Gilcberti</span> <span class='ocrx_word' id='word_1_165' title='bbox 684 2291 776 2356; x_wconf 88' lang='lat' dir='ltr'>cuius</span> <span class='ocrx_word' id='word_1_166' title='bbox 798 2291 891 2355; x_wconf 89' lang='lat' dir='ltr'>heres</span> <span class='ocrx_word' id='word_1_167' title='bbox 912 2291 982 2376; x_wconf 91' lang='lat' dir='ltr'>ipse</span> <span class='ocrx_word' id='word_1_168' title='bbox 1005 2300 1055 2356; x_wconf 90' lang='lat' dir='ltr'>est</span> <span class='ocrx_word' id='word_1_169' title='bbox 1075 2299 1243 2378; x_wconf 88' lang='lat' dir='ltr'>petentem</span> <span class='ocrx_word' id='word_1_170' title='bbox 1266 2301 1300 2357; x_wconf 94' lang='lat' dir='ltr'>et</span> 
     </span>
    </p>
   </div>
   <div class='ocr_carea' id='block_1_7' title="bbox 190 2395 1450 2482">
    <p class='ocr_par' dir='ltr' id='par_1_8' title="bbox 190 2395 1450 2482">
     <span class='ocr_line' id='line_1_19' title="bbox 190 2395 1450 2482; baseline 0.002 -22"><span class='ocrx_word' id='word_1_171' title='bbox 190 2395 374 2482; x_wconf 85' lang='lat' dir='ltr'>predictum</span> <span class='ocrx_word' id='word_1_172' title='bbox 400 2395 583 2460; x_wconf 86' lang='lat' dir='ltr'>Walterum</span> <span class='ocrx_word' id='word_1_173' title='bbox 605 2395 708 2460; x_wconf 85' lang='lat' dir='ltr'>Morel</span> <span class='ocrx_word' id='word_1_174' title='bbox 730 2403 765 2460; x_wconf 88' lang='grc' dir='ltr'>ει</span> <span class='ocrx_word' id='word_1_175' title='bbox 786 2395 822 2459; x_wconf 92' lang='lat' dir='ltr'>in</span> <span class='ocrx_word' id='word_1_176' title='bbox 844 2403 975 2460; x_wconf 85' lang='lat' dir='ltr'>tanturn</span> <span class='ocrx_word' id='word_1_177' title='bbox 997 2396 1151 2481; x_wconf 83' lang='lat' dir='ltr'>processit</span> <span class='ocrx_word' id='word_1_178' title='bbox 1173 2396 1301 2482; x_wconf 87' lang='lat' dir='ltr'>loquela</span> <span class='ocrx_word' id='word_1_179' title='bbox 1438 2415 1450 2440; x_wconf 69' lang='lat'><em>0</em></span> 
     </span>
    </p>
   </div>
   <div class='ocr_carea' id='block_1_8' title="bbox 187 2497 1350 3492">
    <p class='ocr_par' dir='ltr' id='par_1_9' title="bbox 188 2497 1300 2894">
     <span class='ocr_line' id='line_1_20' title="bbox 190 2497 1300 2584; baseline 0.001 -22"><span class='ocrx_word' id='word_1_180' title='bbox 190 2498 278 2584; x_wconf 90' lang='lat' dir='ltr'>quod</span> <span class='ocrx_word' id='word_1_181' title='bbox 293 2497 439 2563; x_wconf 91' lang='lat' dir='ltr'>duellum</span> <span class='ocrx_word' id='word_1_182' title='bbox 453 2520 641 2584; x_wconf 89' lang='lat' dir='ltr'>percussum</span> <span class='ocrx_word' id='word_1_183' title='bbox 657 2499 721 2563; x_wconf 85' lang='lat' dir='ltr'>fuit</span> <span class='ocrx_word' id='word_1_184' title='bbox 735 2498 822 2563; x_wconf 90' lang='lat' dir='ltr'>inter</span> <span class='ocrx_word' id='word_1_185' title='bbox 839 2521 894 2562; x_wconf 90' lang='lat' dir='ltr'>eos</span> <span class='ocrx_word' id='word_1_186' title='bbox 913 2506 948 2562; x_wconf 91' lang='lat' dir='ltr'>et</span> <span class='ocrx_word' id='word_1_187' title='bbox 970 2498 1154 2562; x_wconf 86' lang='lat' dir='ltr'>concordati</span> <span class='ocrx_word' id='word_1_188' title='bbox 1168 2499 1300 2563; x_wconf 86' lang='lat' dir='ltr'>lirerunt</span> 
     </span>
     <span class='ocr_line' id='line_1_21' title="bbox 189 2601 1300 2689; baseline 0.002 -23"><span class='ocrx_word' id='word_1_189' title='bbox 189 2603 227 2667; x_wconf 91' lang='lat' dir='ltr'>in</span> <span class='ocrx_word' id='word_1_190' title='bbox 249 2623 363 2687; x_wconf 89' lang='lat' dir='ltr'>campo</span> <span class='ocrx_word' id='word_1_191' title='bbox 387 2602 456 2666; x_wconf 89' lang='lat' dir='ltr'>siue</span> <span class='ocrx_word' id='word_1_192' title='bbox 485 2602 603 2666; x_wconf 88' lang='lat' dir='ltr'>clamio</span> <span class='ocrx_word' id='word_1_193' title='bbox 625 2602 711 2687; x_wconf 92' lang='lat' dir='ltr'>quod</span> <span class='ocrx_word' id='word_1_194' title='bbox 736 2602 823 2667; x_wconf 90' lang='lat' dir='ltr'>idem</span> <span class='ocrx_word' id='word_1_195' title='bbox 853 2601 1019 2668; x_wconf 79' lang='lat' dir='ltr'>Galfridus</span> <span class='ocrx_word' id='word_1_196' title='bbox 1041 2603 1099 2689; x_wconf 92' lang='lat' dir='ltr'>qui</span> <span class='ocrx_word' id='word_1_197' title='bbox 1128 2612 1207 2668; x_wconf 92' lang='lat' dir='ltr'>tunc</span> <span class='ocrx_word' id='word_1_198' title='bbox 1235 2604 1300 2668; x_wconf 81' lang='lat' dir='ltr'>fuit</span> 
     </span>
     <span class='ocr_line' id='line_1_22' title="bbox 188 2704 1300 2791; baseline 0.004 -23"><span class='ocrx_word' id='word_1_199' title='bbox 188 2727 328 2791; x_wconf 88' lang='lat' dir='ltr'>persona</span> <span class='ocrx_word' id='word_1_200' title='bbox 355 2713 540 2790; x_wconf 90' lang='lat' dir='ltr'>apponeret,</span> <span class='ocrx_word' id='word_1_201' title='bbox 563 2711 597 2768; x_wconf 87' lang='grc' dir='ltr'>ει</span> <span class='ocrx_word' id='word_1_202' title='bbox 619 2704 695 2768; x_wconf 90' lang='lat' dir='ltr'>inde</span> <span class='ocrx_word' id='word_1_203' title='bbox 725 2704 811 2790; x_wconf 91' lang='lat' dir='ltr'>petit</span> <span class='ocrx_word' id='word_1_204' title='bbox 833 2704 991 2770; x_wconf 91' lang='lat' dir='ltr'>iudicium</span> <span class='ocrx_word' id='word_1_205' title='bbox 1012 2705 1041 2770; x_wconf 94' lang='lat' dir='ltr'>si</span> <span class='ocrx_word' id='word_1_206' title='bbox 1062 2707 1161 2771; x_wconf 79' lang='lat' dir='ltr'>assisa</span> <span class='ocrx_word' id='word_1_207' title='bbox 1182 2707 1300 2772; x_wconf 90' lang='lat' dir='ltr'>debeat</span> 
     </span>
     <span class='ocr_line' id='line_1_23' title="bbox 189 2807 559 2894; baseline -0.003 -22"><span class='ocrx_word' id='word_1_208' title='bbox 189 2830 291 2894; x_wconf 89' lang='lat' dir='ltr'>super</span> <span class='ocrx_word' id='word_1_209' title='bbox 304 2808 364 2872; x_wconf 84' lang='lat' dir='ltr'>hoc</span> <span class='ocrx_word' id='word_1_210' title='bbox 379 2807 559 2893; x_wconf 81' lang='lat' dir='ltr'>procedere.</span> 
     </span>
    </p>

    <p class='ocr_par' dir='ltr' id='par_1_10' title="bbox 187 2908 1350 3410">
     <span class='ocr_line' id='line_1_24' title="bbox 258 2908 1300 2999; baseline 0.003 -24"><span class='ocrx_word' id='word_1_211' title='bbox 258 2912 302 2975; x_wconf 87' lang='lat' dir='ltr'>Et</span> <span class='ocrx_word' id='word_1_212' title='bbox 328 2910 492 2976; x_wconf 81' lang='lat' dir='ltr'>Galfridus</span> <span class='ocrx_word' id='word_1_213' title='bbox 521 2908 614 2975; x_wconf 89' lang='lat' dir='ltr'>uenit</span> <span class='ocrx_word' id='word_1_214' title='bbox 643 2919 678 2975; x_wconf 87' lang='lat' dir='ltr'>et</span> <span class='ocrx_word' id='word_1_215' title='bbox 705 2912 789 2976; x_wconf 88' lang='lat' dir='ltr'>bene</span> <span class='ocrx_word' id='word_1_216' title='bbox 819 2913 983 2998; x_wconf 82' lang='lat' dir='ltr'>cognoscit</span> <span class='ocrx_word' id='word_1_217' title='bbox 1012 2911 1098 2999; x_wconf 88' lang='lat' dir='ltr'>quod</span> <span class='ocrx_word' id='word_1_218' title='bbox 1127 2921 1206 2978; x_wconf 86' lang='lat' dir='ltr'>tunc</span> <span class='ocrx_word' id='word_1_219' title='bbox 1236 2914 1300 2978; x_wconf 82' lang='lat' dir='ltr'>fuit</span> 
     </span>
     <span class='ocr_line' id='line_1_25' title="bbox 187 3012 1334 3102; baseline 0.001 -23"><span class='ocrx_word' id='word_1_220' title='bbox 187 3037 327 3102; x_wconf 87' lang='lat' dir='ltr'>persona</span> <span class='ocrx_word' id='word_1_221' title='bbox 348 3021 383 3078; x_wconf 85' lang='lat' dir='ltr'>et</span> <span class='ocrx_word' id='word_1_222' title='bbox 405 3013 491 3099; x_wconf 93' lang='lat' dir='ltr'>quod</span> <span class='ocrx_word' id='word_1_223' title='bbox 512 3022 589 3078; x_wconf 89' lang='lat' dir='ltr'>ante</span> <span class='ocrx_word' id='word_1_224' title='bbox 612 3012 759 3078; x_wconf 90' lang='lat' dir='ltr'>duellum</span> <span class='ocrx_word' id='word_1_225' title='bbox 788 3015 871 3080; x_wconf 92' lang='lat' dir='ltr'>illud</span> <span class='ocrx_word' id='word_1_226' title='bbox 892 3037 1079 3100; x_wconf 84' lang='lat' dir='ltr'>percussum</span> <span class='ocrx_word' id='word_1_227' title='bbox 1105 3016 1300 3102; x_wconf 74' lang='lat' dir='ltr'>perquisiuit</span> <span class='ocrx_word' id='word_1_228' title='bbox 1331 3075 1334 3101; x_wconf 73' lang='grc'>,</span> 
     </span>
     <span class='ocr_line' id='line_1_26' title="bbox 188 3114 1350 3204; baseline 0 -22"><span class='ocrx_word' id='word_1_229' title='bbox 188 3118 260 3203; x_wconf 86' lang='lat' dir='ltr'>ipse</span> <span class='ocrx_word' id='word_1_230' title='bbox 274 3115 374 3180; x_wconf 90' lang='lat' dir='ltr'>breue</span> <span class='ocrx_word' id='word_1_231' title='bbox 389 3114 430 3179; x_wconf 90' lang='lat' dir='ltr'>de</span> <span class='ocrx_word' id='word_1_232' title='bbox 445 3115 544 3180; x_wconf 86' lang='lat' dir='ltr'>assisa</span> <span class='ocrx_word' id='word_1_233' title='bbox 558 3115 643 3180; x_wconf 91' lang='lat' dir='ltr'>sicut</span> <span class='ocrx_word' id='word_1_234' title='bbox 661 3124 695 3180; x_wconf 89' lang='lat' dir='ltr'>et</span> <span class='ocrx_word' id='word_1_235' title='bbox 715 3139 811 3194; x_wconf 88' lang='lat' dir='ltr'>nunc,</span> <span class='ocrx_word' id='word_1_236' title='bbox 826 3116 875 3181; x_wconf 86' lang='lat' dir='ltr'>ita</span> <span class='ocrx_word' id='word_1_237' title='bbox 889 3118 975 3203; x_wconf 92' lang='lat' dir='ltr'>quod</span> <span class='ocrx_word' id='word_1_238' title='bbox 993 3116 1085 3182; x_wconf 89' lang='lat' dir='ltr'>dedit</span> <span class='ocrx_word' id='word_1_239' title='bbox 1104 3118 1198 3182; x_wconf 71' lang='lat' dir='ltr'>Dona</span> <span class='ocrx_word' id='word_1_240' title='bbox 1214 3116 1299 3204; x_wconf 83' lang='lat' dir='ltr'>Regi</span> <span class='ocrx_word' id='word_1_241' title='bbox 1328 3132 1350 3196; x_wconf 51' lang='grc' dir='ltr'>,ν’</span> 
     </span>
     <span class='ocr_line' id='line_1_27' title="bbox 187 3219 1298 3307; baseline 0 -21"><span class='ocrx_word' id='word_1_242' title='bbox 187 3245 242 3286; x_wconf 84' lang='lat' dir='ltr'>xx.</span> <span class='ocrx_word' id='word_1_243' title='bbox 265 3221 320 3286; x_wconf 90' lang='lat' dir='ltr'>sol.</span> <span class='ocrx_word' id='word_1_244' title='bbox 342 3243 401 3306; x_wconf 92' lang='lat' dir='ltr'>pro</span> <span class='ocrx_word' id='word_1_245' title='bbox 422 3220 572 3284; x_wconf 88' lang='lat' dir='ltr'>habenda</span> <span class='ocrx_word' id='word_1_246' title='bbox 596 3219 705 3284; x_wconf 88' lang='lat' dir='ltr'>iurata</span> <span class='ocrx_word' id='word_1_247' title='bbox 732 3221 773 3286; x_wconf 92' lang='lat' dir='ltr'>de</span> <span class='ocrx_word' id='word_1_248' title='bbox 797 3221 955 3285; x_wconf 84' lang='lat' dir='ltr'>comitatu</span> <span class='ocrx_word' id='word_1_249' title='bbox 979 3243 1082 3307; x_wconf 90' lang='lat' dir='ltr'>nsque</span> <span class='ocrx_word' id='word_1_250' title='bbox 1107 3221 1150 3285; x_wconf 88' lang='lat' dir='ltr'>cd</span> <span class='ocrx_word' id='word_1_251' title='bbox 1174 3221 1298 3286; x_wconf 90' lang='lat' dir='ltr'>curiam</span> 
     </span>
     <span class='ocr_line' id='line_1_28' title="bbox 188 3323 1088 3410; baseline 0 -21"><span class='ocrx_word' id='word_1_252' title='bbox 188 3325 285 3390; x_wconf 74' lang='lat' dir='ltr'>Dona</span> <span class='ocrx_word' id='word_1_253' title='bbox 301 3325 409 3410; x_wconf 85' lang='lat' dir='ltr'>Regis,</span> <span class='ocrx_word' id='word_1_254' title='bbox 425 3332 459 3388; x_wconf 90' lang='lat' dir='ltr'>et</span> <span class='ocrx_word' id='word_1_255' title='bbox 473 3324 566 3409; x_wconf 89' lang='lat' dir='ltr'>ponit</span> <span class='ocrx_word' id='word_1_256' title='bbox 580 3346 614 3388; x_wconf 90' lang='lat' dir='ltr'>se</span> <span class='ocrx_word' id='word_1_257' title='bbox 630 3345 727 3409; x_wconf 90' lang='lat' dir='ltr'>super</span> <span class='ocrx_word' id='word_1_258' title='bbox 740 3323 911 3389; x_wconf 85' lang='lat' dir='ltr'>recordum</span> <span class='ocrx_word' id='word_1_259' title='bbox 923 3324 1011 3388; x_wconf 89' lang='lat' dir='ltr'>curie</span> <span class='ocrx_word' id='word_1_260' title='bbox 1027 3332 1088 3389; x_wconf 88' lang='lat' dir='ltr'>etc.</span> 
     </span>
    </p>

    <p class='ocr_par' dir='ltr' id='par_1_11' title="bbox 258 3425 1298 3492">
     <span class='ocr_line' id='line_1_29' title="bbox 258 3425 1298 3492; baseline 0.001 -2"><span class='ocrx_word' id='word_1_261' title='bbox 258 3426 301 3490; x_wconf 88' lang='grc' dir='ltr'>Ει</span> <span class='ocrx_word' id='word_1_262' title='bbox 311 3425 476 3490; x_wconf 87' lang='lat' dir='ltr'>Walterus</span> <span class='ocrx_word' id='word_1_263' title='bbox 491 3435 525 3490; x_wconf 88' lang='lat' dir='ltr'>ct</span> <span class='ocrx_word' id='word_1_264' title='bbox 540 3425 726 3490; x_wconf 83' lang='lat' dir='ltr'>Gilcbcrtus</span> <span class='ocrx_word' id='word_1_265' title='bbox 740 3425 801 3490; x_wconf 91' lang='lat' dir='ltr'>hoc</span> <span class='ocrx_word' id='word_1_266' title='bbox 815 3435 924 3490; x_wconf 90' lang='lat' dir='ltr'>totum</span> <span class='ocrx_word' id='word_1_267' title='bbox 938 3426 1120 3491; x_wconf 84' lang='lat' dir='ltr'>defendunt</span> <span class='ocrx_word' id='word_1_268' title='bbox 1135 3433 1170 3490; x_wconf 88' lang='lat' dir='ltr'>ct</span> <span class='ocrx_word' id='word_1_269' title='bbox 1183 3425 1298 3492; x_wconf 89' lang='lat' dir='ltr'>dicunt</span> 
     </span>
    </p>
   </div>
   <div class='ocr_carea' id='block_1_9' title="bbox 187 3527 1299 4131">
    <p class='ocr_par' dir='ltr' id='par_1_12' title="bbox 187 3527 1299 4028">
     <span class='ocr_line' id='line_1_30' title="bbox 187 3527 1298 3616; baseline 0.002 -24"><span class='ocrx_word' id='word_1_270' title='bbox 187 3527 279 3616; x_wconf 92' lang='lat' dir='ltr'>quod</span> <span class='ocrx_word' id='word_1_271' title='bbox 295 3550 462 3613; x_wconf 83' lang='lat' dir='ltr'>nunquam</span> <span class='ocrx_word' id='word_1_272' title='bbox 482 3551 540 3593; x_wconf 91' lang='lat' dir='ltr'>nec</span> <span class='ocrx_word' id='word_1_273' title='bbox 563 3537 639 3593; x_wconf 88' lang='lat' dir='ltr'>ante</span> <span class='ocrx_word' id='word_1_274' title='bbox 662 3551 722 3593; x_wconf 90' lang='lat' dir='ltr'>nec</span> <span class='ocrx_word' id='word_1_275' title='bbox 737 3537 810 3614; x_wconf 89' lang='lat' dir='ltr'>post</span> <span class='ocrx_word' id='word_1_276' title='bbox 833 3529 980 3594; x_wconf 89' lang='lat' dir='ltr'>ducllum</span> <span class='ocrx_word' id='word_1_277' title='bbox 993 3529 1189 3615; x_wconf 85' lang='lat' dir='ltr'>perquisiuit</span> <span class='ocrx_word' id='word_1_278' title='bbox 1210 3530 1298 3595; x_wconf 88' lang='lat' dir='ltr'>idem</span> 
     </span>
     <span class='ocr_line' id='line_1_31' title="bbox 188 3630 1297 3718; baseline 0.001 -21"><span class='ocrx_word' id='word_1_279' title='bbox 188 3632 356 3698; x_wconf 87' lang='lat' dir='ltr'>Galllidus</span> <span class='ocrx_word' id='word_1_280' title='bbox 382 3632 512 3717; x_wconf 88' lang='lat' dir='ltr'>aliquod</span> <span class='ocrx_word' id='word_1_281' title='bbox 537 3631 645 3709; x_wconf 89' lang='lat' dir='ltr'>breue,</span> <span class='ocrx_word' id='word_1_282' title='bbox 668 3654 727 3696; x_wconf 88' lang='lat' dir='ltr'>nec</span> <span class='ocrx_word' id='word_1_283' title='bbox 750 3631 827 3696; x_wconf 86' lang='lat' dir='ltr'>inde</span> <span class='ocrx_word' id='word_1_284' title='bbox 850 3630 982 3718; x_wconf 87' lang='lat' dir='ltr'>aliquod</span> <span class='ocrx_word' id='word_1_285' title='bbox 1004 3631 1163 3717; x_wconf 86' lang='lat' dir='ltr'>placitum</span> <span class='ocrx_word' id='word_1_286' title='bbox 1185 3633 1297 3699; x_wconf 89' lang='lat' dir='ltr'>mouit.</span> 
     </span>
     <span class='ocr_line' id='line_1_32' title="bbox 189 3734 1299 3821; baseline -0.001 -20"><span class='ocrx_word' id='word_1_287' title='bbox 189 3736 236 3802; x_wconf 86' lang='lat' dir='ltr'>Et</span> <span class='ocrx_word' id='word_1_288' title='bbox 254 3743 367 3821; x_wconf 85' lang='lat' dir='ltr'>postea</span> <span class='ocrx_word' id='word_1_289' title='bbox 381 3735 458 3821; x_wconf 84' lang='lat' dir='ltr'>quia</span> <span class='ocrx_word' id='word_1_290' title='bbox 476 3735 614 3820; x_wconf 88' lang='lat' dir='ltr'>predicti</span> <span class='ocrx_word' id='word_1_291' title='bbox 628 3734 793 3800; x_wconf 88' lang='lat' dir='ltr'>Walterus</span> <span class='ocrx_word' id='word_1_292' title='bbox 814 3743 849 3799; x_wconf 92' lang='grc' dir='ltr'>ει</span> <span class='ocrx_word' id='word_1_293' title='bbox 869 3735 1056 3800; x_wconf 84' lang='lat' dir='ltr'>Gilehertus</span> <span class='ocrx_word' id='word_1_294' title='bbox 1077 3757 1142 3798; x_wconf 92' lang='lat' dir='ltr'>non</span> <span class='ocrx_word' id='word_1_295' title='bbox 1163 3745 1299 3820; x_wconf 83' lang='lat' dir='ltr'>possunt</span> 
     </span>
     <span class='ocr_line' id='line_1_33' title="bbox 188 3839 1299 3926; baseline 0 -20"><span class='ocrx_word' id='word_1_296' title='bbox 188 3841 340 3906; x_wconf 84' lang='lat' dir='ltr'>dedicere</span> <span class='ocrx_word' id='word_1_297' title='bbox 356 3840 436 3926; x_wconf 91' lang='lat' dir='ltr'>quin</span> <span class='ocrx_word' id='word_1_298' title='bbox 450 3839 609 3926; x_wconf 87' lang='lat' dir='ltr'>placitum</span> <span class='ocrx_word' id='word_1_299' title='bbox 624 3847 750 3904; x_wconf 83' lang='lat' dir='ltr'>motum</span> <span class='ocrx_word' id='word_1_300' title='bbox 770 3847 864 3916; x_wconf 83' lang='lat' dir='ltr'>esset,</span> <span class='ocrx_word' id='word_1_301' title='bbox 880 3839 1129 3905; x_wconf 83' lang='lat' dir='ltr'>Consideratum</span> <span class='ocrx_word' id='word_1_302' title='bbox 1147 3841 1299 3926; x_wconf 85' lang='lat' dir='ltr'>estquod</span> 
     </span>
     <span class='ocr_line' id='line_1_34' title="bbox 189 3941 469 4028; baseline -0.007 -20"><span class='ocrx_word' id='word_1_303' title='bbox 189 3943 294 4008; x_wconf 82' lang='lat' dir='ltr'>assisa</span> <span class='ocrx_word' id='word_1_304' title='bbox 308 3941 469 4028; x_wconf 89' lang='lat' dir='ltr'>procedat.</span> 
     </span>
    </p>

    <p class='ocr_par' dir='ltr' id='par_1_13' title="bbox 258 4043 1299 4131">
     <span class='ocr_line' id='line_1_35' title="bbox 258 4043 1299 4131; baseline 0 -21"><span class='ocrx_word' id='word_1_305' title='bbox 258 4045 427 4110; x_wconf 81' lang='lat' dir='ltr'>Juratores</span> <span class='ocrx_word' id='word_1_306' title='bbox 456 4044 570 4110; x_wconf 84' lang='lat' dir='ltr'>dicunt</span> <span class='ocrx_word' id='word_1_307' title='bbox 599 4044 687 4129; x_wconf 86' lang='lat' dir='ltr'>quod</span> <span class='ocrx_word' id='word_1_308' title='bbox 722 4044 856 4131; x_wconf 87' lang='lat' dir='ltr'>quidam</span> <span class='ocrx_word' id='word_1_309' title='bbox 893 4043 1079 4109; x_wconf 83' lang='lat' dir='ltr'>Leonardus</span> <span class='ocrx_word' id='word_1_310' title='bbox 1115 4053 1299 4110; x_wconf 83' lang='lat' dir='ltr'>antecessor</span> 
     </span>
    </p>
   </div>
   <div class='ocr_carea' id='block_1_10' title="bbox 189 4226 1297 4540">
    <p class='ocr_par' dir='ltr' id='par_1_14' title="bbox 189 4226 1297 4540">
     <span class='ocr_line' id='line_1_36' title="bbox 225 4226 1077 4295; baseline -0.002 -18"><span class='ocrx_word' id='word_1_311' title='bbox 225 4227 280 4277; x_wconf 77' lang='grc' dir='ltr'>1Ιι</span> <span class='ocrx_word' id='word_1_312' title='bbox 292 4227 337 4277; x_wconf 78' lang='lat' dir='ltr'>the</span> <span class='ocrx_word' id='word_1_313' title='bbox 351 4227 450 4290; x_wconf 83' lang='lat' dir='ltr'>parties</span> <span class='ocrx_word' id='word_1_314' title='bbox 465 4241 508 4278; x_wconf 87' lang='lat' dir='ltr'>are</span> <span class='ocrx_word' id='word_1_315' title='bbox 522 4227 722 4291; x_wconf 68' lang='lat' dir='ltr'>conssaeedlyof</span> <span class='ocrx_word' id='word_1_316' title='bbox 804 4226 975 4277; x_wconf 79' lang='lat' dir='ltr'>¹A.m.7d.</span> <span class='ocrx_word' id='word_1_317' title='bbox 1073 4289 1077 4295; x_wconf 15' lang='grc' dir='ltr'><em>ῃ</em></span> 
     </span>
     <span class='ocr_line' id='line_1_37' title="bbox 190 4290 1297 4355; baseline -0.001 -11"><span class='ocrx_word' id='word_1_318' title='bbox 190 4293 238 4344; x_wconf 76' lang='lat' dir='ltr'>the</span> <span class='ocrx_word' id='word_1_319' title='bbox 250 4307 322 4342; x_wconf 80' lang='lat' dir='ltr'>same</span> <span class='ocrx_word' id='word_1_320' title='bbox 333 4293 407 4342; x_wconf 82' lang='lat' dir='ltr'>stoclr</span> <span class='ocrx_word' id='word_1_321' title='bbox 418 4292 471 4343; x_wconf 86' lang='lat' dir='ltr'>and</span> <span class='ocrx_word' id='word_1_322' title='bbox 491 4307 566 4355; x_wconf 76' lang='lat' dir='ltr'>agree</span> <span class='ocrx_word' id='word_1_323' title='bbox 580 4293 660 4342; x_wconf 78' lang='lat' dir='ltr'>about</span> <span class='ocrx_word' id='word_1_324' title='bbox 676 4293 720 4342; x_wconf 82' lang='lat' dir='ltr'>the</span> <span class='ocrx_word' id='word_1_325' title='bbox 802 4291 929 4349; x_wconf 61' lang='lat' dir='ltr'>*lumea</span> <span class='ocrx_word' id='word_1_326' title='bbox 939 4291 969 4349; x_wconf 78' lang='lat' dir='ltr'>A,</span> <span class='ocrx_word' id='word_1_327' title='bbox 980 4291 1028 4341; x_wconf 76' lang='lat' dir='ltr'>but</span> <span class='ocrx_word' id='word_1_328' title='bbox 1037 4290 1071 4341; x_wconf 82' lang='lat' dir='ltr'>hs</span> <span class='ocrx_word' id='word_1_329' title='bbox 1081 4290 1139 4340; x_wconf 82' lang='lat' dir='ltr'>who</span> <span class='ocrx_word' id='word_1_330' title='bbox 1147 4291 1237 4342; x_wconf 82' lang='lat' dir='ltr'>scored</span> <span class='ocrx_word' id='word_1_331' title='bbox 1250 4293 1297 4343; x_wconf 78' lang='lat' dir='ltr'>the</span> 
     </span>
     <span class='ocr_line' id='line_1_38' title="bbox 189 4356 1155 4423; baseline 0.001 -17"><span class='ocrx_word' id='word_1_332' title='bbox 189 4358 310 4423; x_wconf 78' lang='lat' dir='ltr'>pedigrss</span> <span class='ocrx_word' id='word_1_333' title='bbox 332 4358 403 4408; x_wconf 81' lang='lat' dir='ltr'>there</span> <span class='ocrx_word' id='word_1_334' title='bbox 424 4372 473 4408; x_wconf 86' lang='lat' dir='ltr'>can</span> <span class='ocrx_word' id='word_1_335' title='bbox 494 4358 526 4407; x_wconf 89' lang='lat' dir='ltr'>be</span> <span class='ocrx_word' id='word_1_336' title='bbox 551 4372 587 4406; x_wconf 90' lang='lat' dir='ltr'>no</span> <span class='ocrx_word' id='word_1_337' title='bbox 609 4357 669 4407; x_wconf 86' lang='lat' dir='ltr'>duel</span> <span class='ocrx_word' id='word_1_338' title='bbox 690 4373 720 4407; x_wconf 93' lang='lat' dir='ltr'>or</span> <span class='ocrx_word' id='word_1_339' title='bbox 771 4356 1049 4408; x_wconf 75' lang='lat' dir='ltr'>rollhassubstr&#39;tutcd</span> <span class='ocrx_word' id='word_1_340' title='bbox 1059 4360 1155 4408; x_wconf 66' lang='lat' dir='ltr'>Ardea.</span> 
     </span>
     <span class='ocr_line' id='line_1_39' title="bbox 189 4422 1017 4537; baseline 0 -65"><span class='ocrx_word' id='word_1_341' title='bbox 189 4423 280 4537; x_wconf 64' lang='lat' dir='ltr'>[rrarrql1</span> <span class='ocrx_word' id='word_1_342' title='bbox 295 4423 387 4476; x_wconf 77' lang='lat' dir='ltr'>assiae.</span> <span class='ocrx_word' id='word_1_343' title='bbox 422 4422 475 4472; x_wconf 85' lang='lat' dir='ltr'>But</span> <span class='ocrx_word' id='word_1_344' title='bbox 495 4423 554 4473; x_wconf 82' lang='lat' dir='ltr'>that</span> <span class='ocrx_word' id='word_1_345' title='bbox 571 4422 595 4472; x_wconf 91' lang='lat' dir='ltr'>is</span> <span class='ocrx_word' id='word_1_346' title='bbox 611 4427 658 4472; x_wconf 87' lang='lat' dir='ltr'>not</span> <span class='ocrx_word' id='word_1_347' title='bbox 674 4423 719 4472; x_wconf 83' lang='lat' dir='ltr'>the</span> <span class='ocrx_word' id='word_1_348' title='bbox 804 4423 1017 4486; x_wconf 74' lang='lat' dir='ltr'>*Supplyet,A.</span> 
     </span>
     <span class='ocr_line' id='line_1_40' title="bbox 189 4503 332 4540; baseline -0.028 0"><span class='ocrx_word' id='word_1_349' title='bbox 189 4505 250 4540; x_wconf 83' lang='lat' dir='ltr'>case</span> <span class='ocrx_word' id='word_1_350' title='bbox 281 4503 332 4538; x_wconf 86' lang='lat' dir='ltr'>ere.</span> 
     </span>
    </p>
   </div>
   <div class='ocr_carea' id='block_1_11' title="bbox 0 0 1676 5217">
    <p class='ocr_par' dir='ltr' id='par_1_15' title="bbox 0 0 1676 5217">
     <span class='ocr_line' id='line_1_41' title="bbox 0 0 1676 5217; baseline 0 0"><span class='ocrx_word' id='word_1_351' title='bbox 0 0 1676 5217; x_wconf 95' lang='lat' dir='ltr'> </span> 
     </span>
    </p>
   </div>
  </div>
 </body>
</html>
