3342 5217
712 220 724 293 i

703 380 740 481 n.
765 419 858 494 1229,
881 435 945 484 cn.
969 423 1104 486 13-14.
1246 423 1309 486 aaa

187 611 265 676 inde
294 607 380 694 cepit
409 597 559 689 explent
591 591 702 696 Consu
735 611 863 668 eratum
892 613 942 669 est
971 604 1057 690 quod
1085 605 1232 691 Rogerus
1262 628 1310 669 rc·

188 713 358 800 cuperauit
372 709 521 776 seisinam
536 721 629 767 suam
643 704 677 762 et
742 708 904 772 uerwinug
918 707 953 772 in
967 708 1189 774 misefiffirdja

257 816 301 880 Et
323 814 478 878 iuratores
493 808 606 872 dicunt
622 821 682 884 sup
712 833 737 872 ·r
751 821 989 876 sacramentum
1003 834 1099 876 suum
1120 811 1205 898 quod
1222 811 1309 876 idem

190 921 339 1006 Rogerus
353 915 452 982 habet
467 912 644 995 dampnum
658 923 681 986 p
707 935 732 976 r
746 913 947 980 disseisinam
962 915 1052 980 illam
1067 915 1109 980 ad
1128 916 1309 981 ualenciam

191 1046 245 1088 xx.
272 1021 326 1086 soi
353 1018 430 1106 quia
454 1010 633 1080 disseisitus
658 1005 686 1069 ii
744 1017 808 1081 fuit
831 1018 871 1083 de
894 1041 961 1083 una
980 1041 1041 1083 aar,
1065 1027 1149 1083 terre
1179 1019 1246 1084 scil.
1268 1017 1309 1081 de

748 1120 943 1207 Preceptum
963 1129 1013 1186 est
1031 1121 1117 1207 quod
1131 1120 1309 1185 satisfaciat

194 1227 229 1292 ei
242 1227 326 1292 inira
340 1222 538 1311 quindenam
578 1224 686 1288 edam
714 1245 763 1288 n0.

130 1402 139 1416 ·
264 1330 429 1430 Walterus
444 1283 635 1408 datiifford
655 1350 696 1413 pe
711 1327 745 1392 it
765 1351 877 1393 versus
897 1328 1054 1393 Thomam
1077 1351 1246 1414 personam
1266 1328 1307 1392 de
1407 1361 1421 1389 ο

80 1431 82 1436 ’
197 1429 390 1501 Watfordia¹
409 1427 496 1520 quod
525 1433 639 1498 reddat
669 1420 913 1600 eiQRobertum
943 1431 1047 1497 filium
1084 1441 1119 1497 et
1155 1431 1306 1497 heredem

197 1539 331 1604 Ricardi
360 1538 400 1604 de
427 1537 602 1604 Channdos
631 1535 705 1606 cuiu
748 1535 896 1600 custodia
918 1534 1093 1620 adipsum
1123 1534 1306 1599 Waltcrum

196 1643 343 1729 pertinet
362 1665 401 1706 eo
421 1640 508 1727 quod
530 1639 876 1774 predictuspRicardus
898 1640 1007 1706 tenuit
1029 1648 1148 1704 terram
1170 1662 1263 1704 suam
1282 1639 1287 1726 Ι

196 1767 257 1831 per
271 1743 447 1809 seruicium
461 1743 603 1807 militare
618 1749 677 1806 etc.
710 1789 714 1796 -

265 1850 309 1914 Et
336 1849 476 1912 Thomas
502 1845 595 1911 uenit
619 1853 653 1910 et
678 1868 696 1909 c
762 1845 843 1909 osuit
868 1846 955 1932 quod
978 1846 1079 1911 habet
1104 1847 1139 1911 in
1161 1847 1308 1912 custodia

196 1952 380 2018 Robertum
406 1950 512 2014 filium
541 1957 576 2013 et
601 1948 700 2012 hered
721 1971 754 2012 m
779 1949 918 2033 predicti
944 1949 1075 2014 Ricardi
1098 1951 1184 2015 sicut
1213 1951 1306 2016 illum

197 2079 297 2142 quern
326 2055 414 2120 idem
444 2053 602 2118 Ricardus
632 2052 664 2116 ei
693 2023 828 2118 tiadidit
858 2075 917 2138 per
945 2053 1196 2118 conuencionem
1221 2054 1308 2118 inter

196 2182 254 2225 eos
269 2160 388 2224 factam
403 2168 438 2222 et
453 2157 539 2243 quod
553 2157 661 2242 ipsum
676 2131 846 2236 meditanit
860 2156 989 2221 cuidam
1011 2156 1077 2221 filie
1092 2180 1159 2234 sue,
1175 2166 1209 2222 et
1223 2157 1306 2221 bene

196 2263 363 2350 cognoscit
378 2261 465 2347 quod
480 2260 637 2326 Ricardus
650 2268 745 2346 pater
764 2259 866 2345 ipsius
888 2260 1024 2326 Roberti
1046 2261 1155 2325 tenuit
1176 2260 1217 2325 de
1237 2261 1307 2346 ipso

196 2367 346 2432 Waltero
361 2374 395 2431 et
411 2365 495 2452 quod
511 2363 599 2429 idem
614 2363 779 2429 Walterus
791 2364 911 2429 habeat
923 2365 1103 2430 custodiam
1115 2365 1307 2430 hereditatis

197 2473 303 2559 ipsius
329 2469 460 2535 Ricardi
482 2478 517 2534 et
538 2468 714 2555 requisitus
735 2467 828 2532 cuius
850 2469 948 2532 etatis
969 2469 1013 2533 sit
1035 2469 1122 2534 idem
1145 2469 1307 2534 Robertus

197 2574 281 2640 dicit
310 2573 397 2659 quod
426 2573 484 2659 iiij.
513 2593 679 2636 annorum.
726 2571 769 2634 Et
798 2571 876 2656 quia
904 2571 1057 2657 cognouit
1092 2573 1178 2658 quod
1207 2573 1307 2637 habet

198 2676 380 2742 custodiam
396 2676 533 2762 predicti
548 2675 684 2740 Roberti
705 2683 739 2740 et
756 2674 856 2739 nichil
878 2675 1021 2740 ostendit
1040 2698 1138 2762 quare
1161 2677 1308 2741 custodia

198 2780 289 2846 illius
315 2787 400 2843 terre
423 2779 454 2845 ei
475 2801 641 2844 remanere
664 2778 781 2844 debeat
804 2787 838 2844 et
861 2779 938 2864 quia
965 2780 1129 2866 cognoscit
1157 2780 1308 2846 similiter

199 2883 288 2968 quod
317 2881 483 2968 predictus
505 2881 662 2946 Ricardus
686 2881 794 2946 tenuit
816 2881 858 2946 de
880 2881 1025 2967 predicto
1047 2882 1200 2960 waltero,
1223 2883 1306 2950 Con-

198 2985 380 3050 sideratum
410 2993 461 3049 est
490 2983 577 3070 quod
605 2983 770 3069 predictus
799 2983 940 3048 Thomas
974 2984 1089 3050 reddat
1125 2986 1308 3072 predictum

200 3089 382 3154 Robertum
402 3087 508 3152 eidem
524 3085 669 3150 Waltero
691 3094 725 3150 et
747 3085 792 3150 sit
813 3086 848 3149 in
869 3085 1087 3173 misericordia
1108 3110 1166 3174 pro
1187 3088 1311 3153 iniusta

199 3191 401 3258 detencione.

79 3321 97 3336 ·
130 3365 141 3380 ο
267 3295 451 3359 Herbertus
480 3316 616 3380 persona
644 3293 684 3358 de
720 3293 877 3358 Stoctona
913 3293 1130 3358 summonitus
1166 3295 1230 3359 fnit
1266 3294 1309 3360 ad
1420 3331 1439 3361 ι.

200 3395 462 3483 respondendum
478 3395 606 3460 Eudoni
620 3395 661 3460 de
681 3396 772 3460 Bello
792 3395 916 3480 Campo
936 3418 1036 3481 quare
1059 3419 1123 3461 non
1145 3398 1310 3483 permittit

201 3524 279 3568 eum
293 3510 479 3588 presentare
494 3501 653 3587 ydoneam
668 3523 837 3586 personam
852 3501 894 3564 ad
914 3501 1071 3586 capellam
1092 3501 1133 3566 de
1153 3502 1309 3589 Lerding-

200 3604 372 3690 donaque
395 3611 492 3668 uacat
516 3611 550 3667 et
572 3601 615 3668 ad
636 3625 728 3668 suam
750 3611 878 3688 spectat
904 3603 1113 3668 donacionem
1139 3613 1199 3669 etc.
1223 3605 1309 3670 unde

200 3707 353 3795 queritur
377 3706 465 3794 quod
490 3707 611 3772 iniuste
634 3707 772 3792 impedit
798 3729 875 3772 eum
899 3715 958 3772 etc.
989 3716 1024 3771 et
1053 3707 1204 3772 similiter
1225 3708 1311 3794 quod

198 3820 334 3877 secutus
361 3820 411 3875 est
439 3810 597 3896 placitum
619 3810 654 3874 in
676 3810 766 3875 curia
787 3810 1013 3875 cristianitatis
1034 3811 1075 3875 de
1097 3811 1311 3876 aduocacione

199 3915 350 3982 eiusdem
366 3917 496 4002 capelle.
1051 3961 1056 3970 -

270 4019 314 4084 Et
336 4021 519 4086 Herbertus
542 4020 635 4086 uenit
657 4029 691 4085 et
713 4021 793 4086 dicit
813 4021 900 4107 quod
920 4020 1006 4085 iuste
1028 4021 1167 4107 impedit
1181 4044 1311 4107 presen-

199 4123 365 4190 tacionem
391 4124 499 4189 suam*
524 4124 645 4189 dictam
671 4125 827 4210 capellam
850 4123 929 4210 quia
950 4125 1019 4210 ipse
1042 4133 1092 4190 est
1113 4147 1250 4210 persona
1271 4125 1311 4189 de

236 4327 367 4378 ¹SecBr.
379 4327 398 4376 s.
410 4328 459 4378 205
470 4327 495 4379 b.
532 4327 694 4378 Fordefanlt
710 4329 738 4378 oi
787 4329 880 4391 simple
892 4328 998 4390 scisura,
1011 4328 1058 4378 but
1069 4327 1101 4378 he
1112 4333 1184 4379 must
1194 4334 1241 4379 not
1252 4330 1314 4380 take

200 4392 301 4444 service
317 4392 364 4443 the
380 4393 437 4443 lord
453 4393 594 4455 mayseiza
611 4393 656 4444 the
673 4394 737 4444 land
788 4393 944 4456 theprofits.
1192 4403 1199 4408 ”

199 4461 232 4508 in
247 4459 353 4520 simplex
370 4461 490 4517 numium,
502 4459 536 4508 he
552 4473 614 4522 may
625 4459 701 4510 make
720 4475 736 4510 a
820 4459 830 4489 ²
848 4459 947 4522 supply
958 4461 998 4511 nd.

294 4575 330 4624 M.
1186 4563 1226 4622 19
