3342 5217
377 404 444 477 ⁷14
612 407 1141 483 mcfflm,un.1224‚un
1165 409 1259 475 8-9.

373 594 406 660 ei
418 595 460 661 lx.
476 602 513 664 et
525 598 640 681 poetee
652 592 783 680 quando
797 594 868 681 ipee
882 593 1027 663 reddidit
1045 616 1081 661 ee
1101 595 1251 685 religioni
1270 596 1490 683 implnoitnuit

372 697 1491 787 ipeeeumdexxmereiereeiduieetillnnreouperenitueeeue

373 824 459 869 eum.

438 905 483 971 Et
496 904 652 971 Yeobello
664 904 760 971 uenit
773 914 810 972 et
823 904 972 972 defendit
981 906 1069 995 quod
1082 906 1272 973 deuoreium
1285 906 1490 973 eelebrntnm

371 1030 540 1095 nunquam
554 1009 619 1074 fuit
632 1009 720 1075 inter
734 1033 789 1076 eoo
803 1019 839 1077 et
853 1011 941 1098 quod
960 1034 1129 1099 nunquam
1143 1012 1231 1098 oepit
1245 1012 1288 1077 eb
1301 1034 1341 1077 eo
1354 1012 1490 1077 nomine

372 1112 458 1178 dotis
471 1112 545 1178 illue
558 1112 645 1199 iiij¹¹.
660 1135 794 1191 mercen,
808 1121 860 1181 eet
875 1136 991 1181 renero
1003 1114 1134 1201 quando
1148 1114 1328 1179 Nicholeun
1342 1114 1396 1179 uir
1407 1136 1491 1179 suun

370 1215 515 1282 reddidit
539 1238 574 1282 ee
602 1216 754 1304 religioni
778 1239 837 1304 pro
864 1217 980 1284 timore
1006 1239 1105 1305 quem
1130 1218 1249 1283 hebuit
1273 1217 1315 1283 de
1337 1218 1434 1283 Dom
1456 1218 1490 1284 J.

372 1321 464 1409 Rege
485 1328 521 1387 et
540 1322 707 1388 Willelmo
725 1321 768 1387 de
787 1322 1001 1401 Wroteham¹‚
1020 1322 1094 1409 ipse
1111 1322 1303 1389 mclemnuit
1325 1332 1361 1388 et
1380 1324 1492 1389 noluit

372 1425 562 1512 permittere
576 1426 684 1512 ipeum
698 1425 834 1492 oeddere
849 1448 884 1492 ee
898 1426 1057 1515 religioni,
1072 1427 1191 1515 etipse
1211 1427 1391 1493 Nicholnue
1405 1436 1490 1494 tune

373 1528 531 1595 eonoeeeit
549 1529 581 1594 ei
602 1528 646 1595 ed
664 1530 868 1595 ermtentend’
888 1530 961 1595 illos
979 1530 1138 1609 denudes,
1152 1531 1202 1595 ite.
1216 1530 1303 1617 quod
1316 1553 1489 1618 nunquam

371 1634 503 1701 nomine
524 1633 611 1699 dotie
629 1634 754 1722 reeepit
772 1643 808 1701 et
827 1635 889 1701 hoe
908 1634 1004 1701 offert
1023 1642 1084 1703 ete.
1099 1634 1272 1701 defendere
1288 1635 1373 1701 siout
1394 1635 1490 1701 curie

372 1736 632 1804 eoneidernuerit

317 1896 324 1911 .
437 1837 639 1905 ‘Willelmue
663 1837 705 1905 de
735 1838 920 1905 Holendele
949 1847 985 1905 et
1012 1840 1071 1905 elii
1099 1839 1190 1905 minei
1214 1838 1257 1905 ed
1282 1839 1487 1906 Willelmum

372 1940 484 2007 Mende
498 1941 597 2007 simul
610 1964 686 2007 cum
699 1941 867 2008 Willelmo
880 1942 1016 2009 Burton'
1031 1942 1074 2009 od
1086 1943 1287 2009 audiendum
1301 1964 1400 2030 quem
1414 1942 1489 2030 ipee

372 2046 559 2112 Willelmue
578 2054 743 2113 autorum
764 2047 868 2113 uellet
889 2070 1003 2113 uersus
1024 2048 1206 2114 Henrieum
1220 2048 1263 2114 de
1277 2048 1362 2115 Roin
1376 2048 1420 2114 de
1442 2049 1489 2135 pl'

372 2148 467 2215 fneti⁸
479 2150 620 2217 ueniunt
634 2158 669 2216 et
683 2150 798 2217 dieunt
811 2151 901 2238 quod
915 2174 1086 2239 percurens
1099 2162 1151 2219 eet
1170 2154 1310 2240 paralysi
1329 2154 1379 2219 ite
1397 2152 1487 2241 quod

373 2278 439 2321 non
467 2262 577 2341 potest
610 2254 700 2340 loqui
733 2254 826 2333 bene,
855 2263 907 2321 set
935 2256 1021 2323 sieut
1049 2256 1159 2343 potuit
1187 2256 1294 2343 loqui‘
1321 2258 1391 2323 loeo
1425 2280 1487 2323 eno

373 2358 592 2445 Regionldum
627 2358 731 2423 filium
766 2382 872 2426 suum.
917 2360 977 2427 Set
1010 2384 1078 2428 non
1110 2361 1300 2429 admittitur
1327 2384 1366 2429 eo
1395 2362 1484 2450 quod

373 2460 495 2526 milites
508 2468 674 2526 testentur
687 2462 773 2548 quod
789 2462 974 2529 Willelmus
988 2486 1054 2529 non
1074 2472 1184 2551 potest
1203 2466 1293 2553 loqui
1315 2474 1366 2532 set
1385 2465 1486 2531 dntue

373 2572 424 2629 eet
437 2562 545 2629 eidem
565 2563 708 2633 Hemioo
726 2563 797 2631 dieo
810 2565 852 2631 de
866 2565 1029 2632 audiendo
1042 2566 1163 2633 iudicio
1176 2590 1235 2633 suo
1249 2590 1271 2633 a
1282 2566 1338 2634 die
1352 2569 1386 2635 s
1402 2568 1485 2634 Hill.

372 2668 409 2733 in
423 2690 527 2733 unum
540 2690 687 2734 mensem
701 2677 737 2735 et
754 2669 882 2735 dietum
901 2678 952 2736 eet
972 2670 1155 2759 Reginaldo
1173 2670 1262 2758 quod
1283 2679 1363 2737 tune
1383 2672 1486 2738 faeiat

372 2771 485 2837 uenire
498 2777 627 2858 putrem
640 2794 746 2840 enum

249 2874 321 2937 933.
437 2876 566 2943 'Asine
592 2876 697 2963 xxiiij.
719 2876 762 2943 ed
789 2877 1001 2945 eonuinoend’
1023 2878 1079 2965 xij.
1100 2878 1195 2945 uenit
1225 2879 1433 2967 recognitum
1457 2879 1486 2945 ei

264 2973 316 3015 Μ
374 2980 521 3068 Rogemus
534 2980 684 3046 Bumnrd
697 2980 819 3047 iniuste
834 2990 870 3048 et
884 2982 954 3049 sine
969 2982 1089 3049 iudicio
1103 2982 1281 3050 dieeeisiuit
1300 2984 1484 3050 Robertum

372 3084 416 3150 de
444 3085 612 3150 Euertone
638 3082 680 3151 de
709 3106 883 3152 commune
910 3094 1043 3174 pesture
1072 3110 1130 3153 sue
1159 3088 1195 3153 in
1224 3088 1391 3154 Euertone
1419 3111 1485 3176 que

373 3187 518 3275 pertinet
532 3187 575 3254 ed
589 3186 728 3255 liberum
748 3195 975 3256 tenementum
995 3214 1091 3257 suum
1113 3191 1149 3257 in
1170 3191 1284 3257 eedem
1306 3192 1387 3258 uilln
1406 3201 1485 3279 poet

374 3291 480 3357 ultim’
494 3300 555 3357 eto
570 3291 658 3358 unde
672 3292 819 3381 Rogems
832 3293 982 3380 queritur
996 3294 1083 3382 quod
1102 3294 1260 3361 iuratores
1279 3294 1377 3361 eeeiee
1396 3318 1485 3363 noue

373 3396 541 3461 dimisine
569 3418 633 3482 que
662 3396 861 3463 summonite
888 3398 953 3463 fuit
977 3406 1013 3464 et
1038 3405 1135 3485 cepte
1159 3420 1265 3465 comm
1290 3398 1416 3465 Thomu
1442 3400 1484 3467 de

211 3510 362 3599 ffiffl·
375 3500 511 3587 Eydono
530 3504 566 3565 et
587 3500 681 3566 sociis
701 3500 770 3566 suis
794 3501 982 3568 iuetieien'ie
1003 3501 1175 3590 assignetis
1197 3502 1240 3567 ed
1260 3501 1375 3568 emises
1395 3523 1483 3568 noue

212 3606 316 3655 “¹¹¹¹
374 3601 542 3669 dieseieine
577 3602 750 3690 capiendos
785 3604 875 3691 epud
911 3606 1143 3692 Dunstapliem
1179 3606 1298 3671 salsum
1333 3606 1484 3672 seeenmt

373 3716 621 3774 eemnmentum

440 3812 484 3877 Et
497 3810 661 3877 Robertus
675 3811 769 3877 uenit
782 3821 818 3877 et
831 3834 944 3878 omnes
958 3812 1013 3899 xij.
1030 3798 1128 3899 primi
1141 3812 1357 3899 recognitores
1370 3820 1483 3899 preter

374 3938 477 3981 unum
505 3915 655 3994 ueniunt,
683 3923 737 3981 eet
764 3915 807 3981 de
836 3916 937 4002 xxiiij.
966 3914 1128 3981 militibus
1156 3937 1221 3980 non
1248 3915 1390 3981 ueniunt
1418 3916 1482 3981 niei

374 4029 504 4087 tuntum
528 4016 638 4105 xviiij„
659 4026 710 4085 eet
732 4019 881 4107 Rogeme
906 4018 1051 4085 Bemerd
1072 4027 1108 4084 et
1130 4018 1291 4085 Roberttu
1312 4027 1348 4085 et
1368 4042 1481 4085 omnes

374 4122 512 4212 predicti
533 4121 587 4208 xij.
606 4122 704 4209 primi
725 4122 942 4210 reeognitores
963 4122 1103 4189 ueniunt
1122 4130 1159 4187 et
1180 4130 1307 4209 ponunt
1327 4144 1362 4189 ee
1384 4144 1482 4210 super

408 4239 656 4292 ¹John’numinl.
688 4240 903 4293 llioholneeeeme
985 4240 1421 4361 'demdepleeitoffiniesoettk

376 4310 405 4356 to
420 4305 487 4357 here
503 4306 569 4359 been
580 4306 728 4361 entitur.
760 4307 810 4359 eoo
819 4306 903 4359 Index
986 4307 997 4340 ⁴
1013 4306 1113 4371 Supply
1118 4311 1214 4373 poeste,
1227 4336 1228 4339 =

375 4370 587 4488 to¹Rptglffl
986 4372 997 4405 ⁸
1012 4370 1044 4423 A.
1055 4386 1091 4423 m.
1103 4374 1144 4425 29.
