3342 5217
217 139 438 207 maritandum
454 161 530 205 eum
544 139 611 206 filie
625 161 684 205 sue
698 136 850 217 Albrede‚
864 138 913 204 ita
927 136 1014 225 quod
1028 135 1120 203 dedit
1139 136 1171 203 ei
1191 136 1324 203 terciam

217 251 344 330 partem
373 244 519 309 omnium
547 251 707 309 terrarum
736 265 868 309 suarum
897 241 940 308 ad
973 241 1153 308 dotandum
1188 240 1324 307 eandem

216 348 394 413 Albredam
408 369 467 434 per
481 355 604 414 cartam
618 347 721 435 ipsius
736 344 871 412 Henrici
887 368 985 434 quam
999 347 1120 432 profert
1136 353 1170 411 et
1186 366 1249 433 que
1264 345 1324 411 hoc
1442 370 1443 375 ¹

216 459 364 519 testatur.

281 558 326 622 Et
345 557 529 623 Willelmus
548 579 607 645 per
626 564 828 623 attometum
848 577 943 622 suum
964 555 1044 621 dicit
1066 554 1152 643 quod
1173 576 1238 620 non
1261 555 1325 620 fuit

214 660 389 726 maritatus
414 669 560 747 tempore
584 660 725 747 predicti
754 660 891 725 Henrici
915 680 976 725 nec
1004 658 1110 725 adhuc
1135 656 1256 725 nubilis
1285 680 1324 724 eo

216 760 302 850 quod
330 763 464 829 minoris
493 765 591 830 etatis
620 774 680 843 est,
703 772 738 829 et
762 764 831 830 filie
862 764 965 851 ipsius
993 763 1154 830 Johannis
1186 770 1236 829 est
1265 762 1326 849 iiij.

215 888 373 932 annorum
388 868 442 931 uel
457 889 486 933 v.
531 867 575 932 Et
590 868 663 934 ideo
677 868 775 934 datus
792 877 843 933 est
863 868 910 934 eis
924 864 993 934 dies
1008 877 1068 934 etc.
1084 875 1118 933 et
1133 866 1324 933 dictumest

215 969 322 1035 eidem
351 970 496 1037 Johcnni
524 972 610 1058 quod
634 981 715 1038 tunc
750 973 871 1039 habeat
904 972 1087 1059 predictum
1120 972 1323 1038 Willelmum

215 1095 321 1141 coram
344 1074 530 1141 iusticiariis
547 1083 581 1141 et
603 1076 805 1163 prohibitum
828 1087 878 1142 est
901 1078 932 1142 ei
954 1077 1041 1164 quod
1062 1099 1128 1142 non
1150 1076 1324 1142 maritetur

216 1176 257 1243 de
271 1186 379 1245 cetero
392 1180 457 1245 nisi
471 1180 645 1246 maritatus
659 1180 713 1248 sit.

158 1343 166 1359 ,
281 1282 465 1349 Willelmus
479 1284 566 1350 filius
579 1284 993 1373 Rogeriathachietusfirit
1008 1283 1050 1350 nd
1064 1281 1324 1371 respondendnm
1429 1302 1446 1332 r·

215 1386 380 1454 Willelmo
396 1388 527 1475 Fairfay
541 1410 640 1475 quare
655 1387 790 1454 intrusit
809 1410 844 1454 se
863 1388 898 1454 in
920 1388 939 1454 l.
960 1396 1123 1454 conterre
1145 1410 1220 1454 oum
1242 1394 1325 1475 pert.

215 1492 252 1557 in
265 1492 432 1558 Askeham
446 1493 610 1559 occasione
625 1493 666 1559 xl,
682 1514 743 1559 aer.
759 1501 845 1558 terre
860 1515 935 1557 cum
955 1499 1035 1578 pert
1056 1492 1092 1557 in
1111 1492 1224 1558 eadem
1245 1490 1327 1556 uilla
1423 1544 1425 1547 .

215 1604 252 1662 et
276 1596 414 1662 duarum
440 1596 586 1683 parcium
613 1598 711 1663 unius
736 1598 896 1685 mesuagii
921 1620 994 1663 cum
1020 1606 1103 1684 pert.
1127 1618 1208 1683 quas
1237 1596 1325 1662 idem

216 1699 402 1766 Willelmus
415 1700 503 1766 filius
517 1702 638 1789 Rogeri
657 1724 765 1768 coram
784 1702 970 1768 iusticicriis
989 1702 1219 1767 itinerantibus
1237 1700 1325 1788 apud

216 1803 443 1870 Dancastriam
457 1807 662 1892 recuperauit
677 1830 790 1874 uersus
798 1806 981 1894 predictum
990 1806 1192 1873 Willelmum
1207 1806 1325 1891 Farfay

215 1932 275 1997 per
295 1910 428 1975 assisam
446 1912 561 1977 mortis
580 1912 789 1978 antecessoris
810 1911 933 1977 ibidem
955 1911 1116 1977 intereos
1137 1916 1266 1997 captam
1290 1917 1325 1975 et

216 2013 304 2080 unde
319 2014 468 2100 queritur
482 2012 568 2103 qnod
582 2037 641 2102 per
659 2015 873 2081 intrusionem
893 2015 984 2081 illam
1005 2014 1254 2101 dampnificatus
1274 2022 1325 2079 eet

216 2118 259 2184 cd
273 2120 454 2184 ualenciam
469 2142 518 2185 rr.
535 2142 629 2187 marc.
647 2129 682 2185 et
695 2120 756 2185 hoc
770 2120 865 2185 offert
880 2128 940 2187 etc.
959 2118 965 2207 Ι

280 2224 326 2288 Εὴ
341 2224 524 2289 Willelmus
538 2225 625 2290 filius
640 2225 760 2312 Rogeri
779 2224 873 2290 uenit
896 2232 930 2289 et
950 2223 1096 2290 defendit
1111 2222 1324 2291 intrusionem
1375 2222 1453 2275 ΠΜ]

216 2334 251 2393 et
273 2326 353 2393 dicit
375 2327 462 2414 quod
483 2328 584 2394 nichil
606 2336 699 2395 tenet
721 2329 786 2395 nisi
811 2328 898 2416 quod
923 2329 955 2395 ei
979 2328 1153 2395 liberatum
1177 2328 1241 2393 fuit
1266 2348 1326 2414 per

215 2430 374 2497 iuratores
401 2433 547 2519 predicte
577 2434 675 2499 assiae
704 2440 756 2500 set
788 2432 873 2499 bene
910 2433 1073 2520 cognoscit
1110 2431 1196 2521 quod
1232 2439 1325 2496 tenet

216 2535 380 2622 predictas
394 2537 436 2601 xl.
451 2558 513 2601 aer.
530 2544 565 2602 et
578 2546 729 2624 preterea
742 2538 763 2603 l.
777 2560 839 2603 scr.
855 2545 894 2603 nt
914 2538 1116 2624 pertinentes
1136 2537 1178 2602 ed
1194 2536 1323 2602 easdem

216 2638 258 2703 xl.
273 2660 335 2704 eor.
379 2638 424 2704 Et
445 2640 523 2726 quia
544 2640 564 2706 1.
586 2662 648 2707 scr.
672 2664 738 2706 non
759 2642 927 2729 pertinent
949 2642 991 2707 ad
1012 2641 1174 2728 predictus
1192 2641 1233 2705 xl.
1254 2663 1324 2719 scr„
1337 2644 1489 2743 fgfffiw

215 2751 407 2830 preceptum
436 2752 488 2810 est
522 2744 708 2811 uicecomiti
744 2746 832 2832 quod
868 2747 966 2812 faciet
995 2747 1147 2813 seisinam
1179 2744 1325 2832 predicto
1337 2740 1478 2827 {ww

215 2846 382 2913 Willelmo
402 2848 469 2915 filio
491 2848 611 2936 Rogeri
633 2849 674 2915 de
696 2850 824 2916 duabus
843 2851 992 2938 pertibus
1011 2850 1170 2937 mesnagii
1187 2848 1325 2936 predicti
1338 2835 1489 2968 ffissffi·

216 2957 253 3016 et
273 2950 315 3017 de
336 2951 378 3017 xi
401 2975 461 3018 acr.
486 2975 560 3018 cum
581 2954 676 3020 bosco
699 2962 733 3020 et
751 2963 885 3041 pastura
905 2964 939 3021 et
959 2963 1052 3041 prato
1069 2954 1192 3020 eisdem
1207 2953 1247 3019 xi
1263 2952 1323 3018 acr.
1338 2978 1476 3063 {epasmo

215 3055 465 3143 pertinentibus,
489 3056 588 3123 etde
615 3066 685 3123 toto
710 3059 840 3124 residuo
864 3059 962 3125 faciat
984 3059 1136 3124 seisinam
1161 3057 1326 3123 Willelmo
1339 3073 1375 3167 ξιον
1390 3070 1475 3157 effic

216 3160 355 3247 Fairfay,
370 3168 405 3226 et
424 3161 466 3227 ad
488 3161 574 3227 diem
597 3172 632 3227 et
654 3164 760 3228 locum
782 3186 881 3249 quern
904 3163 952 3229 W.
976 3162 1017 3228 de
1040 3160 1198 3228 Eboraco²
1219 3162 1326 3227 eidem
1338 3166 1476 3260 difficit

216 3264 402 3330 uicecomiti
416 3266 496 3331 scire
511 3266 608 3331 faciet
625 3267 723 3331 faciat
742 3266 855 3332 uenire
876 3289 982 3332 coram
998 3290 1036 3332 eo
1051 3266 1104 3353 xij.
1122 3274 1190 3333 tam
1205 3266 1326 3331 milites
1338 3258 1487 3353 fflssffi

144 3401 146 3404 ·
216 3375 278 3433 etc.
307 3368 349 3433 de
378 3368 507 3435 uisneto
536 3369 577 3435 de
613 3369 793 3435 Alkeham⁸
823 3372 865 3435 ed
902 3370 1194 3458 recognoscendum
1231 3352 1489 3457 supermitte

217 3482 457 3538 sacramentum
478 3496 575 3540 suum
597 3497 661 3561 qne
683 3474 826 3561 dampna
846 3474 1031 3540 Willelmus
1057 3474 1188 3562 Fairfay
1211 3474 1328 3539 habuit

217 3598 278 3663 per
301 3576 480 3663 predictam
506 3576 720 3644 intrusionem
750 3585 785 3643 et
814 3578 856 3644 ed
887 3578 974 3644 diem
1003 3578 1098 3644 illum
1127 3578 1208 3644 scire
1230 3579 1328 3645 faciat

252 3802 264 3835 ¹
280 3800 336 3851 The
346 3799 437 3851 sherifl
452 3802 476 3852 is
487 3805 516 3854 to
526 3804 584 3865 give
598 3806 747 3869 possession
798 3808 1006 3871 oppurtenances
1018 3805 1047 3856 of
1055 3805 1142 3857 arsble
1153 3804 1225 3856 land.

219 3867 597 3931 tothepersondispossassed.
627 3872 749 3922 Onescre
831 3870 1009 3923 'Oneotthe
1023 3871 1138 3935 justices.
1173 3868 1328 3922 &terwsrds

221 3935 320 3983 cannot
340 3932 372 3982 bs
388 3937 565 3996 sppurtensnt
582 3939 611 3985 to
626 3936 746 3997 another,
799 3938 840 4001 Bp
852 3937 881 3986 of
890 3936 1032 4000 scnshury.

220 3999 269 4049 but
289 3998 395 4060 pastura
416 3997 470 4049 and
491 3998 628 4051 woodland
649 4016 698 4052 ean
717 4002 748 4052 be
830 4002 843 4035 ⁸
860 4002 932 4053 Gorr.
944 4004 1074 4054 delectam.
