3342 5217
363 411 428 475 202
668 421 806 488 marna,
827 425 893 476 nn.
918 411 1012 487 122⁷,
1033 427 1096 476 nn
1121 417 1171 479 ll.

361 606 481 684 petunt
495 617 607 662 uorsus
621 595 730 662 Adam
744 595 785 662 de
801 595 899 661 Nouo
913 596 1058 663 Meresto
1072 599 1320 664 aduocacionem
1337 597 1470 663 ecclesio

361 699 403 766 de
425 697 574 764 Hatfeud
595 721 671 765 cnm
690 699 901 786 pertinenciis
919 709 959 765 ut
978 700 1030 765 ius
1049 725 1171 779 eorum,
1185 701 1273 766 unde
1286 701 1471 766 Willelmus

361 803 479 871 Comes
494 803 656 868 Warenne
670 811 854 867 antecessor
867 825 946 868 suus
965 805 1030 869 fuit
1049 805 1181 871 saisitus
1199 815 1240 870 ut
1258 805 1300 870 de
1321 805 1414 870 feodo
1434 812 1469 869 et

360 906 402 972 do
416 908 486 972 iure
501 915 647 993 temporo
661 907 704 971 Η.
720 907 820 994 Regis
834 908 928 984 senis,
942 909 1066 974 scilicet
1081 933 1166 976 anno
1181 919 1216 976 et
1229 911 1284 976 die
1299 933 1363 996 quo
1378 909 1469 986 obiit,

360 1010 410 1076 ita
428 1011 515 1096 quod
536 1010 783 1076 aduocacionem
802 1009 894 1074 illam
908 1010 1001 1077 dedit
1020 1012 1149 1078 cuidam
1164 1013 1298 1078 Ankero
1311 1012 1415 1076 Prion'
1428 1008 1470 1077 de

360 1115 480 1194 Lewes,
502 1123 537 1180 et
565 1115 653 1180 idem
675 1115 827 1179 Ankerus
848 1122 922 1200 post
944 1115 1066 1179 donum
1091 1115 1173 1182 illud
1201 1117 1406 1204 presentauit
1426 1113 1469 1180 ad

360 1221 527 1286 ecclesiam
556 1219 660 1306 ipsam
690 1217 852 1306 quendam
881 1218 1057 1284 Ricardum
1086 1221 1127 1286 de
1157 1221 1327 1286 Besewilla
1348 1221 1405 1306 qui
1426 1219 1470 1284 ad

360 1325 633 1412 presentationem
649 1345 742 1388 suam
756 1322 821 1388 fuit
835 1321 994 1387 admissus
1007 1322 1165 1407 capiendo
1183 1323 1260 1388 inde
1275 1324 1407 1410 expleta
1427 1323 1468 1388 ad

360 1427 541 1494 ualenciam
559 1448 584 1491 c.
600 1425 654 1490 sol.
671 1433 731 1490 etc.
752 1460 755 1465 ·
1361 1497 1366 1506 .

426 1533 470 1598 Et
484 1531 592 1597 Adam
609 1531 700 1596 uenit
715 1539 749 1596 et
764 1530 910 1596 defendit
929 1531 999 1596 uim
1015 1538 1050 1596 et
1064 1530 1217 1597 iniuriam
1232 1553 1319 1597 nuno
1334 1540 1369 1597 et
1388 1531 1470 1597 alias

361 1636 490 1723 quando
505 1644 540 1701 st
561 1635 619 1700 ubi
638 1635 746 1713 debet,
760 1643 796 1699 et
818 1635 898 1700 dicit
917 1636 1005 1721 quod
1026 1657 1092 1700 non
1110 1635 1211 1701 debet
1224 1637 1331 1702 eidem
1347 1637 1472 1703 Comiti

360 1741 552 1828 respondere
567 1740 645 1828 quia
658 1741 774 1806 Comes
789 1742 953 1826 cognoscit
968 1740 1055 1826 quod
1074 1749 1258 1806 antecessor
1278 1764 1357 1807 suus
1377 1741 1470 1806 dedit

360 1846 516 1932 quicquid
544 1846 625 1910 iuris
653 1843 771 1910 habuit
800 1845 837 1909 in
864 1846 1013 1931 predicta
1040 1846 1264 1924 ηάηοθθθὶοηθ,
1283 1846 1372 1911 unde
1399 1846 1472 1932 ipse

360 1951 460 2016 nichil
489 1959 600 2037 petere
629 1957 745 2036 potest
789 1949 842 2014 De
864 1950 935 2014 iura
958 1949 1077 2015 Prioris
1098 1950 1288 2037 dicitquod
1309 1950 1392 2017 illud
1413 1950 1471 2014 de·

359 2054 463 2119 fendit
499 2053 629 2139 precise,
659 2061 694 2118 et
723 2052 815 2138 ponit
844 2075 879 2118 so
907 2053 944 2118 in
972 2076 1125 2140 magnam
1154 2055 1288 2120 assisam
1317 2063 1353 2119 st
1381 2053 1470 2139 petit

358 2153 612 2240 recognicionem
641 2151 719 2228 fieri,
743 2161 855 2216 utrum
884 2152 952 2238 ipse
982 2153 1088 2217 maius
1116 2154 1168 2218 ius
1197 2153 1319 2218 habeat
1346 2154 1383 2218 in
1411 2152 1470 2218 ad·

359 2258 530 2323 uocaoione
544 2257 602 2322 illa
618 2265 656 2321 ut
676 2256 711 2320 in
730 2256 788 2320 illa
808 2279 872 2342 que
894 2257 1038 2342 pertinet
1057 2258 1099 2323 ad
1121 2267 1348 2324 tenementum
1369 2280 1467 2323 suum

360 2361 445 2448 quod
460 2369 553 2427 tenet
566 2360 608 2425 de
623 2359 751 2426 Oomite
767 2359 929 2425 Warenne
944 2383 988 2425 an
1001 2360 1089 2426 idem
1107 2361 1197 2426 Prior
1211 2370 1246 2426 et
1260 2361 1395 2426 ecclesia
1409 2380 1471 2425 sua

359 2464 494 2530 tenendi
514 2487 586 2529 sam
608 2465 643 2530 in
664 2465 831 2530 dominico.
876 2466 921 2530 Et
944 2465 1060 2532 Comes
1074 2466 1237 2553 cognoscit
1251 2467 1339 2552 quod
1355 2487 1472 2532 reuera

358 2569 458 2636 nichil
473 2571 592 2635 clamat
612 2569 647 2634 in
666 2571 723 2635 illa
744 2571 958 2637 aduocacione
980 2573 1043 2637 nisi
1064 2581 1104 2637 ut
1125 2573 1302 2638 aduocatos
1324 2571 1471 2637 eiusdem

359 2672 477 2739 Prioris
498 2671 539 2738 ds
561 2673 774 2740 aduocacions
796 2673 862 2740 illa
905 2676 950 2740 Et
970 2675 1043 2741 ideo
1063 2677 1302 2741 consideratum
1317 2675 1471 2762 estquod

359 2799 479 2864 magna
497 2774 597 2841 assisa
616 2775 676 2840 fiat
694 2776 782 2841 inter
801 2775 910 2862 ipsum
924 2777 1032 2843 Adam
1054 2787 1089 2844 et
1111 2778 1294 2864 pradictum
1316 2777 1469 2842 Priorem

359 2879 440 2945 Dies
454 2879 551 2945 datus
565 2888 615 2944 est
635 2880 681 2944 eis
701 2880 755 2946 die
773 2880 935 2946 dominica
955 2889 1033 2946 ante
1055 2882 1304 2948 Asscencionem
1325 2883 1471 2960 Domini,

360 2991 396 3049 et
410 2992 488 3049 tunc
503 2983 640 3048 ueniant
654 2982 724 3070 iiij.¹
739 2991 774 3048 et
788 2983 895 3048 Adam
916 2984 1010 3070 ponit
1029 2986 1098 3049 loco
1116 3007 1175 3050 suo
1197 2985 1305 3050 Etiam
1326 2986 1470 3052 Paruum

359 3086 510 3152 clericum
525 3108 621 3151 snum
636 3086 690 3150 uel
706 3087 883 3172 Hugonem
897 3086 939 3151 ds
953 3087 1094 3153 Sesatai

238 3215 310 3279 249⁰
424 3189 633 3273 ’Preceptum
662 3188 726 3253 fuit
749 3189 936 3254 uiceoomiti
956 3190 1043 3276 quod
1064 3189 1150 3256 iuste
1172 3198 1233 3256 etc.
1255 3213 1326 3256 esse
1347 3191 1470 3257 faceret

197 3315 341 3358 commata
359 3292 569 3358 racionabilss
590 3291 713 3357 diuisas
737 3292 825 3357 inter
846 3300 967 3358 terram
988 3291 1120 3357 Ricardi
1141 3292 1183 3358 de
1205 3293 1412 3380 Leuingtona
1432 3295 1468 3360 in

359 3395 566 3482 Leuingtona
594 3404 629 3460 et
658 3405 777 3460 temam
804 3396 894 3461 Petri
915 3396 957 3462 de
978 3396 1084 3481 Tyllol
1105 3395 1140 3460 in
1163 3397 1273 3462 Scales
1293 3397 1379 3462 sicut
1400 3421 1470 3464 esse

359 3501 482 3566 debent
496 3509 530 3566 et
541 3500 655 3576 solent,
667 3500 754 3565 unde
768 3500 856 3566 idom
871 3500 1030 3566 Ricardus
1044 3501 1191 3587 queritur
1202 3501 1288 3587 quod
1302 3502 1469 3588 predictus

359 3603 477 3670 Petrus
501 3603 576 3690 plus
601 3603 705 3668 trahit
729 3603 804 3668 inde
834 3603 879 3669 ad
905 3603 1037 3670 feodum
1066 3627 1163 3670 suum
1191 3628 1290 3692 quam
1319 3606 1362 3671 ad
1391 3629 1468 3671 eum

358 3707 504 3793 pertinet
522 3706 716 3772 habendum.
762 3707 807 3771 Et
828 3729 926 3793 super
947 3707 1007 3772 hoc
1029 3708 1123 3773 uenit
1143 3707 1231 3772 idem
1253 3707 1411 3774 Ricardus
1433 3721 1470 3776 et

359 3811 507 3898 queritur
534 3813 621 3898 quod
650 3813 739 3878 idam
768 3813 885 3878 Petrus
911 3813 1034 3878 iniuste
1054 3813 1193 3877 attraxit
1213 3813 1257 3878 ad
1285 3835 1361 3878 eum
1383 3815 1471 3880 circa

359 3915 416 4003 iiij.
437 3925 602 3982 carucatas
624 3924 710 3982 terre
732 3939 806 3982 cum
828 3916 1038 4002 pertinenciis
1058 3917 1100 3980 de
1122 3916 1236 3981 eodem
1258 3915 1403 3981 manerio
1424 3917 1468 3985 de

360 4019 533 4097 Scalesde
548 4029 714 4106 quaterna
727 4021 880 4096 Richirus
899 4044 982 4086 auus
1000 4021 1104 4106 patris
1124 4021 1177 4085 sui
1196 4021 1261 4085 fuit
1281 4021 1413 4087 seisitus
1432 4023 1472 4088 in

359 4123 518 4189 dominico
547 4147 605 4190 suo
634 4133 669 4190 et
697 4134 737 4191 ut
766 4125 806 4192 ds
836 4125 907 4190 iure
936 4135 1082 4212 tempore
1104 4126 1147 4190 Η
1171 4124 1272 4211 Regis
1293 4126 1349 4190 aui
1371 4127 1468 4192 Dom.

359 4227 467 4316 Regis,
488 4227 644 4314 capiendo
665 4226 741 4294 inde
770 4231 902 4315 expleta
929 4229 972 4296 ad
1001 4229 1182 4294 nalenciam
1204 4228 1338 4294 dimidie
1360 4252 1471 4296 marce

390 4383 400 4422 ¹
418 4387 488 4466 Four
502 4387 611 4454 knights
629 4393 657 4440 to
678 4389 773 4442 choos·
794 4389 885 4441 trralra
967 4389 1143 4444 'Gratata

358 4457 527 4518 recognitors.
966 4454 1025 4504 ιΒ.
1037 4469 1073 4504 ιη.
1085 4456 1110 4506 4.
