3342 5217
493 413 647 476 remur,
670 415 735 464 nn.
761 402 854 475 1231,
877 415 939 463 nn
965 405 1014 463 15.
1245 405 1309 468 463

203 581 293 646 cione
319 589 557 648 antecessorum
580 583 683 668 ipsius
705 583 864 648 Willelmi
885 584 926 649 de
949 585 1172 673 Metingehem
1194 587 1226 651 ei
1247 609 1310 652 wa-

203 683 360 748 rentizare
377 707 440 749 non
456 684 555 750 debet
566 684 583 747 ¹.

269 788 312 852 Et
328 789 511 854 Willelms
525 788 566 853 de
582 788 806 875 Metingeham
821 789 1003 876 dicitquod
1023 791 1122 856 debet
1143 792 1175 856 ei
1190 815 1310 857 weren-

203 891 302 957 tizere
324 893 402 978 quia
427 893 514 958 idem
541 891 726 958 Gilebertus
748 901 799 957 est
821 893 857 957 in
877 893 997 958 seisina
1018 894 1059 958 de
1081 894 1231 982 homagio
1253 919 1311 962 suo

203 1004 237 1059 et
252 997 387 1061 semicio
401 1005 436 1061 et
450 997 533 1062 hene
546 997 691 1062 defendit
702 997 789 1083 quod
800 1019 884 1062 auus
897 1020 976 1063 snus
986 1020 1154 1084 nunquam
1165 1001 1311 1064 feoffeuit

202 1121 303 1164 auum
331 1099 471 1185 predicti
493 1099 651 1166 ll'illelmi
673 1100 703 1164 le
725 1101 866 1184 Enueys’
889 1109 924 1165 et
945 1100 1022 1165 inde
1044 1101 1137 1186 ponit
1157 1125 1192 1168 se
1214 1126 1312 1190 super

202 1204 349 1288 petriam.
396 1203 439 1268 Et
454 1204 601 1290 quesitus
623 1204 650 1269 si
673 1204 793 1268 hebeat
814 1213 937 1269 sectum
957 1206 1011 1270 uel
1032 1205 1121 1271 eliud
1141 1205 1183 1271 ed
1203 1216 1309 1272 osten-

201 1307 345 1374 dendum
361 1307 429 1384 hoc,
444 1307 525 1372 dicit
541 1305 626 1392 quod
641 1329 713 1370 non.

267 1413 311 1477 Et
326 1411 512 1477 Gilebertus
532 1412 591 1476 hoc
613 1421 720 1476 totum
736 1412 883 1477 defendit
902 1421 952 1477 set
972 1413 1136 1499 cognoscit
1151 1413 1237 1499 quod
1259 1423 1310 1480 est

201 1515 297 1581 homo
312 1537 390 1581 suus
404 1523 454 1580 set
474 1515 515 1580 de
535 1515 599 1578 elio
619 1523 813 1580 tenemento,
859 1516 905 1580 Et
926 1516 1004 1602 quia
1023 1517 1110 1581 idem
1126 1517 1310 1583 Willelmus

201 1619 242 1684 de
258 1619 481 1706 Metingeham
496 1619 596 1684 nichil
617 1619 761 1684 ostendit
776 1621 863 1706 quod
882 1621 926 1684 sit
947 1619 1042 1685 homo
1063 1621 1202 1706 predicti
1221 1621 1308 1686 Gile-

201 1723 286 1788 berti
311 1723 352 1787 de
376 1731 564 1788 tenemento
587 1722 652 1800 illo,
675 1731 711 1787 et
735 1731 885 1809 preterea
907 1723 1007 1788 nichil
1033 1719 1176 1790 ostendit
1198 1735 1310 1790 contra

201 1829 307 1913 ipsum
328 1829 530 1894 Willelmum
554 1827 746 1912 levEnneys'
762 1827 849 1913 quod
870 1836 1088 1892 antecessores
1110 1829 1212 1914 ipsius
1227 1829 1308 1894 Wil-

200 1931 289 1995 lelmi
312 1930 342 1995 le
364 1929 503 2016 Enueys'
524 1953 589 1994 non
611 1939 719 1994 essent
737 1929 860 1994 seoffati
882 1929 925 1994 eb
945 1952 1009 1994 eno
1031 1931 1133 2016 ipsius
1151 1932 1309 1997 Willelmi

199 2035 241 2100 de
253 2033 485 2120 Metingeham,
497 2041 531 2097 et
544 2041 612 2096 tem
624 2032 810 2096 Gilebertus
822 2055 920 2117 quam
929 2032 1114 2098 Willelmus
1124 2033 1155 2098 le
1168 2034 1308 2121 Enneys'

199 2146 397 2225 cognoscunt
418 2137 504 2223 quod
531 2157 612 2200 suns
634 2135 736 2221 ipsius
759 2135 917 2200 Willelmi
940 2136 981 2200 de
1008 2137 1232 2224 Metingehsm
1257 2139 1306 2203 in·

199 2241 384 2307 cumbrauit
398 2240 576 2326 predictam
590 2247 708 2303 terrem
721 2238 869 2303 donando
881 2261 953 2304 eam
964 2261 1027 2304 suo
1037 2239 1139 2326 ipsius
1150 2241 1307 2306 Willelmi

200 2347 230 2412 le
251 2345 398 2431 Enueys¹‚
414 2352 448 2408 et
465 2343 553 2408 idern
572 2342 754 2407 Willelmue
774 2342 873 2407 nichil
894 2343 1037 2408 ostendit
1056 2343 1092 2408 in
1109 2347 1305 2412 contrarium

199 2457 322 2514 certem
334 2449 387 2514 uel
398 2448 497 2523 eliud,
509 2446 757 2512 Consideretum
769 2445 917 2532 estquod
929 2446 1113 2512 Willelmus
1124 2448 1154 2512 le
1166 2449 1305 2536 Enueys'

199 2552 405 2640 recuperauit
416 2551 567 2616 seisinem
579 2573 671 2616 suem
683 2573 796 2615 nereus
807 2551 1008 2616 Willelmum
1020 2551 1061 2618 de
1072 2553 1306 2640 Metingeham‚

199 2667 235 2723 et
257 2657 440 2722 Willelmus
462 2655 502 2719 de
529 2653 753 2740 Metingehem
777 2654 812 2718 in
835 2655 1054 2721 misericordia
1076 2666 1112 2722 et
1133 2658 1231 2723 faciet
1256 2682 1304 2724 es-
1350 2683 1355 2690 ·

199 2761 362 2827 cambium
379 2759 420 2824 sd
435 2758 616 2824 uelenciam
632 2758 777 2844 predicto
790 2759 922 2837 Jacobo,
931 2768 966 2824 et
978 2761 1164 2826 Gilebertus
1174 2763 1305 2848 quietus

199 2863 240 2930 de
255 2861 418 2928 warantis

141 3030 148 3044 ,
265 2967 443 3032 Nicholeus
460 2965 501 3030 de
517 2963 650 3029 Verdun
669 2987 727 3051 per
745 2973 947 3030 ettomatum
970 2989 1065 3032 suum
1085 2968 1171 3053 petit
1192 2991 1305 3034 uersus

199 3072 362 3138 Andreem
393 3071 434 3136 de
461 3069 673 3134 Brsdeshulla
694 3069 784 3154 xliiij.
808 3070 881 3136 den.
902 3071 1049 3136 redditus
1070 3095 1145 3138 cum
1166 3082 1249 3160 pert.
1270 3073 1305 3139 in

200 3175 414 3240 Bredeshulla
428 3182 467 3238 ut
481 3173 532 3237 ius
547 3195 643 3237 suum
659 3181 692 3238 et
708 3181 746 3237 ut
762 3173 856 3238 illum
871 3174 1034 3239 redditum
1049 3175 1084 3239 in
1099 3198 1197 3261 quem
1218 3177 1305 3242 idem

199 3280 347 3346 Andreas
368 3301 433 3343 non
455 3278 555 3342 hebet
577 3277 757 3364 ingressum
779 3276 843 3341 nisi
859 3300 918 3362 per
932 3277 1106 3343 Ricardum
1125 3279 1165 3344 de
1181 3280 1305 3345 Kaum-

200 3382 281 3448 uille
296 3392 330 3448 et
345 3382 556 3447 Eustachium
572 3404 705 3446 uxorem
721 3380 790 3446 eins
806 3380 863 3466 qui
878 3388 998 3445 terrem
1018 3381 1107 3446 illem
1128 3390 1305 3449 tenuerunt

200 3487 235 3550 in
257 3486 367 3550 dotem
390 3484 492 3570 ipsius
512 3483 687 3548 Eustochio
702 3483 743 3547 de
759 3482 843 3547 dono
862 3482 965 3567 ipsius
979 3482 1102 3548 Thome
1118 3485 1158 3550 de
1179 3485 1304 3550 Kaum-

199 3589 299 3654 uills²
313 3588 421 3652 fratris
436 3587 645 3674 primogeniti
659 3587 761 3672 ipsius
777 3585 929 3652 Nicholei
949 3595 983 3651 et
1003 3587 1100 3672 primi
1120 3587 1185 3653 uiri
1204 3589 1305 3675 ipsius
1350 3651 1355 3662 ,

200 3688 376 3755 Eustachie
393 3698 452 3753 etc.

265 3795 310 3858 Et
335 3793 484 3858 Andreas
507 3792 600 3857 uenit
624 3801 658 3856 et
679 3791 827 3858 defendit
852 3793 904 3857 ius
926 3815 1022 3857 suum
1048 3801 1082 3857 et
1111 3793 1191 3858 dicit
1219 3794 1306 3879 quod

199 3907 292 3964 tenet
306 3905 424 3962 terrem
440 3919 537 3982 quern
553 3896 653 3962 hebet
669 3897 703 3962 in
718 3897 832 3962 eedem
848 3897 928 3961 uilla
941 3905 976 3961 et
990 3895 1153 3961 redditum
1165 3895 1206 3962 de
1222 3897 1305 3962 dono

198 4001 337 4089 predicti
358 4001 510 4066 Nicholei
529 4001 570 4066 de
590 4000 724 4066 Verdun
743 4023 801 4086 per
818 4008 940 4064 cartem
960 4021 1053 4063 suem
1068 4021 1166 4084 quem
1183 4000 1305 4085 profert

198 4115 317 4191 etque
340 4113 482 4170 testatur
499 4103 585 4191 quod
607 4104 698 4170 dedit
720 4103 877 4168 concessit
899 4110 934 4165 et
955 4100 1160 4166 confirmauit
1174 4101 1305 4166 Andree

232 4261 242 4293 ¹
259 4259 303 4308 Br.
316 4259 335 4307 f.
345 4259 399 4308 391.
778 4255 813 4318 (1)
830 4253 944 4302 Thomas
960 4252 992 4302 de
1008 4251 1119 4310 ilerden,
1138 4252 1173 4315 (2)
1190 4253 1304 4303 Richsrd

231 4323 385 4384 ’Probably
402 4323 442 4372 for
459 4323 489 4372 de
507 4323 658 4372 Kanruur'lln
677 4335 726 4370 oue
777 4319 809 4368 de
826 4319 959 4367 Csmville.
993 4318 1075 4380 Dugd.
1095 4319 1190 4369 Baron.
1209 4320 1259 4368 rol.
1278 4323 1301 4381 1,

199 4388 294 4438 should
311 4386 372 4437 resd
391 4389 420 4437 de
441 4389 550 4436 t'erdun.
584 4385 727 4435 Eustochio
778 4399 803 4446 p.
816 4383 873 4432 628.

200 4453 329 4514 daughter
345 4453 374 4500 of
391 4453 492 4502 (tilbert
508 4453 600 4500 Bosset
617 4451 727 4500 married
