3342 5217
354 423 396 488 32
539 437 668 487 unsrun
690 437 763 486 mn
785 437 936 499 rnrrrrr,
959 435 1021 485 nn.
1047 423 1141 497 1219,
1164 436 1227 485 nu
1253 423 1279 485 3.

184 632 276 709 Qum,
352 613 393 680 xl.
409 612 490 678 acris
505 621 589 678 terre
605 619 639 677 et
655 611 707 698 vij.
724 609 806 676 soris
819 609 907 697 preti
920 631 995 675 cum
1009 609 1217 695 pertinenciis
1231 609 1266 674 in
1286 608 1460 696 Corteseye

205 727 271 756 ⁰⁰⁰²*
352 715 441 780 etde
457 715 547 800 xliiij.
559 716 641 780 ocris
652 723 737 779 terre
752 735 826 778 cum
841 712 1050 798 pertinenciis
1062 712 1099 775 in
1114 711 1282 776 Eweshem
1297 720 1358 777 etc.
1372 712 1460 776 unde

351 817 438 882 idem
464 817 622 882 Ricardus
644 818 766 903 profert
789 823 911 882 eertum
934 813 1037 900 ipsius
1060 813 1209 879 Godwini
1232 835 1296 900 que
1319 821 1461 878 testatur

351 918 438 1005 quod
452 917 520 1004 ipse
536 917 678 982 reddidit
692 917 835 1004 plenarie
853 916 992 981 Ricardo
1006 915 1073 981 filio
1093 923 1128 980 ct
1147 915 1259 982 heredi
1278 938 1336 982 suo
1355 925 1459 982 totam

352 1031 471 1086 tenum
500 1043 593 1086 suam
622 1043 697 1085 cum
726 1019 935 1106 pertinenciis
963 1018 1012 1082 ita
1036 1027 1149 1082 temen
1174 1019 1261 1104 quod
1285 1019 1355 1104 ipse
1379 1018 1461 1083 dues

351 1134 460 1211 portes
479 1133 564 1189 terre
583 1125 671 1190 illius
691 1125 726 1188 in
746 1147 845 1189 manu
865 1146 925 1189 sua
943 1131 1071 1188 teneret
1090 1124 1242 1190 omnibus
1260 1123 1376 1189 diebus
1390 1124 1460 1188 uite

352 1250 409 1293 sue
431 1227 473 1293 ed
494 1249 529 1292 se
551 1227 800 1292 sustentandum
820 1227 869 1291 ite
889 1225 975 1312 quod
995 1235 1115 1292 terram
1135 1227 1226 1291 illem
1243 1249 1303 1292 nec
1317 1227 1460 1312 aliquem

288 1343 289 1348 ’
352 1339 477 1418 partem
493 1339 577 1395 terre
593 1331 680 1396 illius
694 1331 770 1396 dere
791 1330 845 1394 uel
865 1330 1007 1395 uendere
1026 1331 1081 1394 uel
1101 1330 1268 1398 inuadiure
1283 1331 1337 1395 uel
1351 1331 1460 1416 aliquo

352 1434 446 1499 modo
461 1433 601 1498 alienare
616 1441 724 1519 posset
739 1431 825 1497 unde
841 1433 1005 1518 predictus
1020 1433 1178 1498 Ricardus
1191 1434 1246 1498 uel
1261 1433 1395 1499 heredes
1409 1435 1461 1499 sui

352 1539 387 1602 in
401 1538 510 1624 aliquo
530 1546 637 1602 essent
657 1536 829 1623 perdentes
849 1544 922 1622 post
942 1536 1068 1601 obitum
1086 1537 1188 1622 ipsius
1202 1535 1359 1612 Godwini,
1373 1537 1461 1602 unde

352 1637 439 1701 idem
454 1636 612 1702 Ricardus
626 1636 774 1722 queritur
788 1635 875 1721 quod
888 1644 1001 1700 contra
1019 1643 1141 1700 certem
1161 1643 1196 1699 et
1210 1636 1460 1700 conuencionem

352 1739 441 1804 illem
462 1738 612 1803 uendidit
632 1738 701 1823 ipse
722 1737 866 1802 Johenni
885 1737 1050 1802 Permario
1065 1737 1090 1822 j.
1110 1738 1330 1824 messuagium
1350 1748 1385 1802 et
1406 1739 1461 1824 vij.

352 1865 441 1908 eorus
456 1851 540 1908 tene
555 1843 590 1907 in
606 1842 778 1929 Corteseye
793 1849 827 1906 et
837 1841 975 1918 ‘Werino
993 1841 1034 1905 dc
1050 1841 1229 1927 Gheleseye
1242 1842 1308 1927 viij.
1323 1863 1412 1906 acres
1426 1852 1461 1907 et

348 1947 373 2032 j.
391 1969 498 2012 acram
520 1945 607 2032 prati
628 1953 663 2010 et
685 1946 782 2009 Petro
803 1944 845 2009 de
868 1943 1052 2009 Poddehule
1069 1943 1094 2029 j.
1117 1945 1336 2031 messuagium
1358 1954 1393 2010 et
1415 1946 1459 2031 iij.

352 2072 441 2116 uerus
462 2059 547 2116 terre
570 2058 604 2115 et
621 2051 646 2136 j.
662 2072 768 2114 acrum
788 2049 875 2135 prati
894 2056 930 2113 et
950 2049 1090 2113 Renulfo
1105 2048 1146 2113 de
1161 2048 1298 2113 Stonore
1312 2049 1357 2135 iij.
1372 2073 1462 2114 ecms

352 2154 438 2240 preti
463 2162 498 2218 et
523 2154 688 2218 Willelmo
712 2152 891 2238 presbitero
915 2152 941 2237 j.
966 2174 1072 2217 acram
1098 2159 1192 2228 terre,
1218 2161 1253 2216 et
1277 2153 1461 2217 inuedieuit

353 2258 493 2323 Radulfo
511 2257 626 2322 clerico
646 2265 712 2321 tres
736 2279 825 2322 acras
846 2265 930 2320 terre
950 2257 993 2321 ed
1012 2255 1189 2320 terminum
1209 2279 1239 2321 x.
1253 2278 1411 2322 annorum
1427 2266 1461 2321 et

354 2361 431 2425 inde
446 2359 595 2445 producit
609 2366 731 2424 sectam
745 2367 804 2424 etc
925 2397 928 2402 ·

419 2465 594 2530 Godwinus
620 2464 713 2529 uenit
738 2473 773 2528 et
802 2463 965 2550 cognoscit
994 2470 1116 2528 certem
1146 2471 1182 2528 ct
1210 2463 1461 2529 conuencionem

353 2567 452 2646 illam,
467 2577 501 2633 et
516 2568 602 2653 quod
617 2575 717 2632 terras
732 2568 804 2632 illes
819 2568 968 2632 uendidit
988 2576 1022 2632 et
1042 2567 1225 2633 inuadieuit
1245 2577 1295 2632 set
1310 2569 1370 2634 hoc
1385 2568 1462 2633 fecit

355 2672 396 2736 ob
410 2679 636 2757 paupertatem
656 2693 748 2736 suam
763 2679 798 2736 et
816 2671 894 2757 quic
912 2672 1051 2758 putebat
1071 2671 1157 2758 quod
1176 2671 1237 2737 hoc
1256 2673 1339 2737 benc
1358 2673 1462 2737 fecere

354 2781 470 2858 posset

59 2881 63 2894 '
191 2899 248 2938 soe
421 2875 668 2943 Considerutum
684 2885 734 2942 est
749 2877 835 2964 quod
850 2876 988 2964 predicti
1008 2867 1274 2943 summoueantur
1292 2876 1379 2964 quod
1396 2879 1463 2942 sint

190 2945 322 3078 ἓὶἓξζὺξὲξξ
356 3003 377 3046 e
398 2980 450 3046 die
473 2981 506 3048 S.
529 2981 626 3048 Mich.
648 2981 683 3046 in
706 3004 756 3047 xv.
779 2981 848 3046 dies
869 2982 1029 3046 ostensuri
1050 2981 1210 3068 quomodo
1231 2980 1366 3067 ingressi
1385 2988 1463 3045 sunt

190 3085 346 3171 gggffiffl
357 3092 458 3148 terres
486 3083 647 3169 predictus
675 3093 788 3149 contra
815 3084 1065 3150 conuencionem
1102 3087 1220 3150 factem
1257 3086 1343 3150 inter
1378 3085 1464 3172 ipsos

191 3176 346 3310 {iigssffiim
358 3186 550 3252 Godwinum
566 3195 601 3251 et
615 3187 791 3252 Ricardum
805 3209 865 3274 per
878 3197 1000 3253 certem
1015 3189 1116 3274 ipsius
1131 3187 1280 3254 Godwini
1294 3195 1354 3253 etc.

191 3283 220 3320 ‘³¹¹
250 3279 298 3356 (Μ
421 3288 547 3353 'Assisa
563 3289 656 3354 uenit
671 3290 876 3376 recognitum
895 3289 922 3354 si
942 3289 1125 3355 Willelmus
1144 3290 1175 3355 le
1196 3290 1345 3357 Senescel
1360 3312 1463 3356 auun-

190 3321 328 3404 guttum

191 3411 288 3450 uendere
357 3393 448 3457 culus
478 3391 630 3456 Roheisie
660 3392 768 3456 uxoris
801 3392 943 3456 Simonis
974 3392 1015 3457 de
1048 3393 1137 3457 Kim'
1169 3394 1232 3458 fuit
1266 3393 1392 3459 scisita⁸
1428 3394 1464 3458 in

234 3478 292 3598 Q
356 3493 515 3560 dominico
552 3517 611 3560 suo
648 3504 686 3558 ut
724 3493 764 3558 de
803 3495 896 3559 feodo
932 3495 972 3559 de
1009 3496 1073 3581 xxj.
1102 3495 1231 3560 bouatis
1268 3505 1352 3560 terre
1389 3518 1464 3560 cum

292 3587 297 3598 '
356 3597 563 3683 pertinenciis
586 3598 620 3662 in
642 3597 829 3683 Appeltone
851 3597 903 3662 die
930 3619 994 3683 quo
1019 3599 1101 3663 obiit
1126 3608 1186 3665 etc.
1208 3609 1244 3664 et
1269 3599 1297 3665 si
1324 3609 1385 3668 etc.
1407 3623 1466 3688 per

237 3718 243 3729 ·
355 3702 454 3766 breue
475 3701 635 3767 «iohannis
655 3701 754 3788 Regis
773 3701 861 3766 unde
881 3701 1043 3766 Robertus
1063 3701 1103 3766 de
1121 3703 1299 3768 Munceeus
1314 3713 1407 3770 tenet
1421 3706 1464 3790 xj.

355 3805 491 3870 bouetas
506 3814 540 3868 et
556 3804 656 3888 Hugo
671 3804 711 3868 de
727 3803 826 3890 Leley
841 3827 870 3869 x.
886 3804 1022 3868 bouates
1042 3813 1127 3869 terre
1145 3815 1180 3870 et
1194 3806 1356 3873 Robertus
1371 3810 1465 3874 uenit

355 3911 391 3968 et
405 3903 485 3968 dicit
499 3901 586 3988 quod
600 3925 665 3966 non
680 3902 777 3966 debet
793 3902 869 3966 inde
888 3903 1080 3988 respondere
1101 3903 1178 3990 quie
1197 3903 1265 3990 ipse
1285 3927 1350 3970 non
1372 3915 1465 3972 tenet

355 4008 431 4074 inde
462 4030 491 4072 x.
515 4008 653 4072 bouetes
681 4007 759 4092 quic
786 4006 942 4071 moniales
967 4007 1008 4071 de
1033 4006 1220 4092 Appeltone
1244 4017 1359 4074 tenent
1380 4012 1405 4097 j.
1429 4020 1464 4076 et

356 4118 534 4176 tenuerunt
563 4118 739 4194 antequem
767 4108 892 4193 aliquid
921 4108 997 4174 inde
1026 4109 1169 4188 heberet,
1196 4111 1273 4196 quie
1300 4113 1465 4198 predictus

387 4303 396 4336 ¹
414 4303 512 4366 Supply
523 4318 605 4366 quom.
936 4302 1000 4356 such
1017 4321 1079 4357 esc
1095 4303 1154 4357 writ
1170 4305 1199 4357 of
1213 4303 1291 4368 right,
1302 4321 1352 4357 one
1367 4313 1465 4358 cannot

387 4369 496 4426 Ξ01111,
514 4370 557 4417 Br.
575 4370 593 4420 1.
615 4371 670 4427 113,
689 4383 718 4420 es
735 4371 763 4420 of
781 4368 884 4434 Trinity
935 4372 1001 4421 have
1012 4388 1129 4423 recourse
1141 4377 1168 4421 to
1180 4387 1196 4423 u
1210 4387 1359 4436 possessory
1370 4374 1462 4424 ussine.

354 4435 422 4484 A.R.
436 4437 458 4483 3.
493 4435 565 4484 After
581 4451 597 4484 u
613 4436 880 4499 proprieturycctiou.
967 4437 1066 4487 ³Corr.
1078 4441 1187 4488 reicitur.
