3342 5217
369 467 433 532 2³6
543 461 685 548 [Hilaro
705 459 774 526 aad
794 460 921 538 Ecstor,
943 476 1011 529 aa,
1033 465 1127 542 1228,
1150 477 1213 529 aa
1237 464 1299 548 la]

366 650 532 738 predictus
545 650 731 716 Willelmus
745 650 866 716 clamat
880 657 1000 714 terram
1015 649 1106 714 illam
1126 658 1237 715 tenere
1258 649 1300 714 de
1322 649 1472 715 Johannc

367 756 407 820 dc
423 756 669 841 Maupertcsale,
684 755 770 842 petit
784 754 944 819 iudicium
958 755 986 820 si
1000 754 1119 819 debeat
1133 755 1209 819 inde
1229 755 1426 840 respondere

432 861 476 926 Et
494 861 678 924 Willelmus
697 859 861 946 cognoscit
885 859 971 945 quod
990 859 1096 924 Adam
1112 867 1205 923 tenet
1218 859 1260 923 de
1275 858 1367 922 Dom.
1381 858 1471 943 Rege

365 966 400 1032 in
420 966 527 1052 capite
547 989 606 1052 per
626 965 762 1030 ballium
785 965 886 1051 Regis
906 965 1045 1030 Ricardi
1089 966 1133 1029 Et
1147 965 1221 1031 ideo
1235 967 1471 1032 consideratum

365 1068 516 1154 estquod
535 1091 600 1132 non
620 1067 814 1153 respondeat
835 1068 905 1132 sine
927 1067 1059 1152 speciali
1080 1068 1235 1134 mandato
1257 1070 1349 1134 Dom
1371 1071 1471 1157 Regis

364 1181 436 1250 etc„
451 1181 486 1238 et
505 1172 579 1237 ideo
599 1172 669 1237 sine
691 1172 744 1236 die
767 1181 838 1250 eta,
853 1181 888 1236 et
910 1172 1096 1237 Willelmus
1116 1173 1282 1260 perquirat
1303 1197 1337 1240 se
1359 1197 1472 1240 uersus

364 1275 489 1362 Regem
505 1277 535 1342 si
547 1276 695 1342 uoluerit

430 1382 591 1446 Beatrieia
604 1404 667 1467 que
683 1381 747 1446 fuit
766 1405 848 1447 uxor
869 1381 1000 1447 Ricardi
1023 1381 1168 1448 Corbicu'
1188 1406 1246 1469 per
1268 1393 1469 1449 attornatum

364 1507 460 1550 suum
489 1485 586 1570 petiit
615 1507 728 1550 uersus
748 1485 858 1549 Adam
879 1485 981 1550 filiam
1003 1485 1139 1550 Henrici
1161 1485 1202 1550 de
1224 1486 1347 1551 Sancta
1367 1487 1471 1552 Elena

364 1589 498 1654 terciam
512 1587 653 1674 partem¹
668 1589 709 1654 lx.
726 1597 760 1653 et
775 1613 805 1654 x.
820 1590 882 1654 acr’
898 1598 983 1654 terre
998 1597 1033 1654 et
1048 1613 1100 1654 xx.
1114 1588 1178 1654 acr'
1193 1591 1280 1675 prati
1299 1614 1373 1656 cum
1387 1601 1469 1678 pert.

363 1704 397 1761 et
412 1695 469 1781 iiij.
485 1693 542 1759 sol.
558 1692 705 1758 redditus
720 1702 754 1758 et
770 1716 873 1758 unum
889 1693 1093 1780 mesuagium
1113 1692 1279 1779 integrum
1297 1715 1371 1758 cum
1387 1704 1467 1780 pert.

363 1799 398 1864 in
419 1800 551 1863 Lutona
571 1807 610 1862 ut
627 1798 736 1862 dotem
759 1821 861 1874 suam,
887 1805 921 1861 et
945 1797 1053 1862 Adam
1078 1805 1173 1862 uocat
1197 1796 1273 1861 inde
1289 1806 1468 1862 warantum

364 1904 520 1969 Thomam
535 1903 575 1967 de
593 1903 729 1968 Ardem’
745 1903 801 1990 qui
816 1901 910 1966 uenit
925 1910 959 1967 et
974 1903 1006 1966 ei
1020 1902 1211 1966 warantizat
1226 1911 1260 1966 et
1274 1902 1350 1968 inde
1372 1912 1469 1968 uocat

363 2008 403 2073 ud
412 2015 592 2072 warantum
603 2008 767 2072 Abbatem
778 2007 819 2072 de
833 2005 1023 2072 Straffordia
1033 2007 1090 2092 qui
1101 2007 1193 2071 uenit
1201 2029 1259 2093 per
1267 2016 1468 2072 attornatum

363 2135 458 2177 suum
473 2120 507 2176 et
522 2111 625 2199 exigit
641 2111 727 2198 quod
739 2110 889 2176 ostendat
902 2110 933 2174 ei
947 2133 1006 2196 per
1019 2111 1106 2197 quod
1120 2110 1238 2176 debeat
1252 2111 1468 2176 warantizare.

364 2217 407 2280 Et
422 2217 562 2281 Thomas
577 2218 697 2303 profert
712 2225 835 2282 cartam
850 2216 952 2302 ipsius
972 2216 1113 2281 Abbatis
1131 2238 1194 2302 que
1218 2225 1360 2281 testatur
1380 2217 1468 2302 quod

362 2321 517 2386 concessit
532 2321 720 2407 Radulph0¹
729 2329 763 2385 et
774 2320 949 2386 heredibus
961 2319 1029 2385 suis
1038 2321 1148 2407 plures
1159 2329 1261 2385 terras
1275 2330 1310 2386 et
1324 2322 1469 2387 contine-

362 2432 419 2488 tur
439 2425 473 2488 iu
497 2433 586 2489 carta
609 2425 696 2511 quod
719 2433 853 2490 tenetur
874 2425 1084 2489 warantizare
1108 2424 1214 2489 eidem
1239 2425 1412 2512 Radulpho
1433 2435 1468 2492 et

363 2528 535 2593 heredibus
555 2528 622 2592 suis
636 2527 797 2613 predictas
812 2536 915 2593 terras
928 2537 966 2592 et
978 2528 1130 2615 homagia
1143 2551 1207 2614 que
1222 2528 1254 2592 ei
1268 2537 1467 2595 concesserat

362 2655 440 2719 erga
453 2633 627 2698 Ricardum
643 2633 815 2699 Corbicum
831 2642 866 2698 et
880 2633 1015 2698 heredes
1029 2656 1111 2698 suos

428 2737 472 2800 Et
486 2737 597 2801 Abbas
612 2737 691 2802 dicit
707 2737 793 2824 quod
807 2760 873 2802 non
887 2737 986 2802 debet
1000 2737 1207 2802 warantizare
1221 2738 1327 2803 eidem
1342 2737 1466 2803 Thome

362 2849 482 2906 terram
504 2840 594 2905 illam
616 2851 728 2907 contra
749 2843 853 2928 ipsam
875 2841 1079 2918 Beatrieiam‚
1093 2841 1219 2908 desicut
1240 2843 1312 2929 ipsa
1333 2866 1398 2908 non
1415 2851 1467 2908 est

362 2943 519 3008 Ricardus
534 2967 593 3008 nec
608 2945 701 3008 heres
715 2967 793 3008 suus
808 2953 843 3009 et
857 2945 942 3029 petit
957 2944 1032 3008 inde
1047 2945 1217 3010 iudicium.

428 3047 472 3110 Et
501 3047 640 3112 Thomas
669 3047 748 3112 dicit
785 3047 871 3133 quod
907 3048 982 3134 ipse
1012 3048 1123 3113 Abbas
1152 3049 1301 3113 feoffatus
1329 3047 1396 3113 fuit
1422 3048 1464 3113 ab

361 3149 616 3215 antecessoribus
638 3149 781 3235 ipsorum
810 3149 977 3235 heredum,
1005 3159 1040 3216 et
1068 3151 1155 3215 idem
1184 3151 1296 3216 Abbas
1319 3151 1464 3216 feoffauit

362 3251 572 3338 Radulphum
602 3259 728 3336 patrem
757 3253 860 3338 ipsius
887 3254 1010 3319 Thome
1039 3276 1097 3341 per
1133 3255 1311 3340 predictam
1341 3263 1464 3320 cartam

362 3365 396 3419 et
411 3355 497 3440 petit
511 3354 586 3418 inde
601 3353 765 3418 iudicium.

428 3459 471 3521 Et
486 3457 563 3542 quia
576 3457 761 3522 continetur
774 3458 808 3522 iu
826 3467 916 3523 carta
936 3459 1038 3545 ipsius
1061 3460 1201 3525 Abbatis
1223 3460 1309 3547 quod
1333 3469 1466 3526 tenetur

362 3561 568 3625 warantizare
583 3570 694 3626 contra
708 3561 884 3628 Ricardum
899 3573 932 3628 et
948 3564 1081 3628 heredes
1091 3586 1165 3629 suos
1177 3573 1211 3629 et
1221 3565 1292 3650 ipsa
1302 3565 1466 3630 Beatricia

361 3688 426 3730 non
448 3673 498 3729 est
519 3667 612 3730 heres
633 3666 786 3744 Ricardi,³
808 3669 1045 3734 consideratum
1067 3671 1224 3755 estquod
1245 3693 1310 3734 non
1333 3679 1466 3736 tenetur

361 3769 576 3846 svarantizare,
606 3777 640 3832 et
669 3769 741 3834 ideo
771 3771 890 3836 habeat
920 3773 1081 3838 Beatricia
1116 3773 1267 3838 saisinam
1299 3797 1393 3839 suam
1429 3783 1464 3839 et

361 3870 501 3936 Thomas
515 3869 613 3934 faciat
627 3871 823 3935 escambium
834 3872 979 3956 predicto
990 3874 1062 3939 Ade
1071 3873 1113 3938 ad
1122 3876 1307 3940 walenciam
1318 3877 1464 3962 predicte

362 3971 459 4038 tercie
485 3971 586 4056 partis
608 3971 751 4056 predicte
773 3981 857 4036 tene
879 3982 913 4038 et
934 3975 1072 4060 predicti
1094 3977 1252 4062 mesuagii
1276 3977 1405 4065 integri,
1428 3989 1465 4044 et

364 4077 501 4140 Thomas
515 4076 550 4139 in
564 4073 780 4139 misericordia
794 4083 829 4140 et
844 4075 950 4140 Adam
966 4085 1077 4141 teneat
1092 4079 1290 4144 escambium
1305 4089 1376 4145 tota
1392 4081 1467 4146 uita

362 4178 463 4265 ipsius
477 4178 637 4243 Beatricie
652 4187 686 4243 et
697 4186 770 4264 post
781 4179 947 4273 decessum
958 4203 1054 4245 suum
1065 4182 1172 4247 Adam
1182 4184 1301 4249 habeat
1312 4185 1464 4251 saisinam

395 4355 523 4402 ltercium
531 4361 637 4416 purtem,
651 4355 779 4416 repeated.
969 4357 1053 4408 ’The
1063 4359 1152 4410 widow
1162 4361 1286 4424 claiming
1294 4362 1378 4412 dower
1385 4364 1410 4413 is
1417 4369 1466 4415 not

395 4418 505 4480 ²Ralph
521 4418 605 4468 father
620 4420 648 4468 of
663 4419 785 4480 Thomas,
801 4439 830 4473 us
845 4439 888 4486 ap·
940 4426 1017 4474 heres.
1044 4425 1196 4477 Astothese
1204 4428 1465 4480 limiteduarrautics

362 4497 435 4546 pcars
446 4482 534 4532 below.
599 4560 602 4572 1
939 4505 980 4539 see
991 4489 1035 4539 Br.
1047 4490 1066 4540 f.
1078 4491 1109 4541 37
1121 4490 1145 4542 b.
