3342 5217
359 417 422 482 198
662 427 800 490 mersu,
822 427 888 476 sn.
911 411 1006 486 1227,
1027 425 1091 475 aa
1118 373 1186 476 11.'

426 605 512 669 Item
524 605 562 668 'in
576 610 698 690 puncto
712 602 768 667 illo
783 601 842 666 ubi
856 599 1065 666 recordantur
1075 601 1161 686 quod
1176 601 1338 666 Robertus
1349 603 1468 667 iterato

359 707 491 772 consilio
509 714 603 792 capto
623 705 716 770 uenit
737 712 772 768 et
789 702 937 768 defendit
958 702 1010 767 ius
1031 726 1127 768 suum
1149 711 1184 768 et
1206 713 1313 769 totum
1335 713 1394 769 etc.
1411 727 1470 792 per

361 831 475 896 corpus
497 818 557 874 etc.
574 817 608 874 et
624 808 709 895 quod
729 808 790 873 hoc
806 806 883 872 fecit
902 807 1006 894 gratis
1027 816 1207 894 spontanea
1227 809 1397 874 uoluntate
1419 833 1469 874 re·

361 913 477 978 cedens
503 936 523 977 a
544 914 650 999 prima
670 911 875 998 responsione
898 933 966 988 sua,
988 911 1069 976 dicit
1090 911 1177 977 idem
1200 913 1361 978 Robertus
1383 914 1469 1000 quod

360 1018 396 1081 in
411 1016 471 1082 hoc
484 1017 570 1082 male
584 1016 801 1092 recondantur,
815 1016 893 1100 quia
907 1014 1032 1080 dictum
1047 1016 1111 1080 fuit
1129 1017 1161 1082 ei
1180 1017 1215 1082 in
1233 1017 1390 1082 comitatu
1412 1015 1470 1080 iilo

361 1142 419 1206 pro
439 1119 558 1186 iudicio
579 1120 704 1206 prolato
725 1143 784 1205 per
805 1141 841 1183 os
862 1118 1023 1184 Johannis
1043 1118 1085 1183 de
1106 1118 1293 1206 Westwyke
1313 1120 1399 1206 quod
1420 1143 1470 1184 re·

361 1223 489 1308 sponsio
503 1245 562 1288 sua
576 1223 667 1288 nulla
680 1223 753 1298 fuit,
764 1231 798 1288 et
813 1223 877 1287 nisi
890 1223 980 1288 aliud
995 1221 1125 1299 diceret,
1136 1223 1304 1289 amitteret
1318 1223 1469 1288 seisinam

362 1326 505 1412 predicte
521 1335 614 1404 terre,
630 1335 664 1392 et
682 1326 727 1392 sic
745 1327 870 1391 inuitus
890 1333 925 1391 et
947 1333 1039 1390 metu
1062 1334 1192 1390 coactus
1212 1327 1356 1390 mutauit
1376 1349 1469 1390 suam

361 1429 609 1515 responsionem,
621 1439 655 1495 et
670 1430 753 1495 dixit
768 1429 970 1496 defendendo
984 1429 1036 1495 ius
1050 1452 1146 1494 suum
1161 1430 1209 1493 ita
1222 1429 1310 1516 quod
1324 1429 1470 1494 duellum

363 1531 532 1598 uadiatum
548 1532 611 1597 fuit
634 1532 720 1596 inter
741 1554 795 1596 eos
816 1540 857 1596 ut
878 1531 1060 1618 predictum
1084 1540 1141 1596 est.
1187 1531 1232 1595 Et
1253 1529 1294 1595 ad
1317 1531 1377 1595 hoc
1398 1553 1470 1616 pro-

363 1634 507 1700 bandum
537 1637 690 1722 produxit
720 1645 821 1702 testes
850 1637 910 1701 iur’
932 1659 967 1701 se
996 1636 1056 1701 hoc
1085 1636 1248 1700 audiuisse
1277 1645 1313 1700 ct
1342 1635 1471 1713 uidisse,

293 1791 299 1801 .
364 1747 398 1803 et
427 1738 560 1823 insuper
584 1737 638 1803 et¹
660 1737 720 1802 hoc
741 1738 863 1823 optulit
885 1738 1082 1802 ditacionare
1104 1759 1299 1824 percorpus
1327 1747 1388 1803 etc.
1413 1739 1470 1824 qui

365 1849 444 1906 tunc
465 1865 597 1927 presens
619 1842 682 1906 suit
704 1842 739 1906 in
761 1843 920 1907 comitatu
942 1851 977 1906 et
998 1843 1059 1906 hoc
1082 1841 1168 1906 uidit
1189 1851 1225 1906 et
1247 1841 1376 1906 audiuit
1401 1842 1471 1906 siue

364 1945 528 2029 probando
551 1967 609 2030 per
629 1967 745 2031 corpus
767 1945 912 2009 eiusdem
935 1944 1021 2030 quod
1042 1945 1088 2009 sic
1109 1945 1174 2009 fuit
1194 1945 1279 2010 sicut
1302 1945 1394 2022 dixit,
1415 1947 1470 2010 uei

363 2049 565 2114 defendendo
579 2049 746 2113 recordum
761 2046 843 2112 illud
858 2047 944 2133 quod
958 2047 1008 2112 ita
1027 2069 1091 2111 non
1106 2047 1170 2111 fuit
1189 2047 1276 2111 sicut
1297 2048 1473 2113 comitatus

365 2153 453 2228 dicit,
469 2152 553 2216 sicut
568 2151 657 2216 curie
672 2150 888 2216 consideraret
896 2150 916 2214 ⁹.

431 2253 476 2318 Et
497 2252 671 2318 comitatus
692 2275 751 2338 per
771 2253 933 2338 predictos
957 2252 1015 2336 iiij.
1042 2251 1165 2317 milites
1188 2252 1359 2339 ⁸presente
1384 2253 1473 2318 uice·

365 2356 498 2421 comite⁸
509 2357 603 2422 offert
617 2356 751 2443 probare
767 2357 821 2420 uel
835 2355 1009 2420 defendere
1023 2356 1119 2420 modo
1133 2355 1277 2441 predicto
1289 2379 1473 2444 percorpus

365 2459 438 2525 ete⁴
453 2459 509 2545 qui
524 2481 655 2546 presens
670 2460 733 2524 fuit
748 2467 809 2524 etc.
824 2459 909 2523 sicut
924 2459 1013 2524 cun'a
1027 2467 1086 2524 etc

432 2563 548 2628 Postea
569 2585 676 2628 coram
698 2561 884 2627 iusticiariis
912 2569 995 2646 aput
1023 2560 1349 2628 westmonasterium
1378 2563 1474 2628 uenit

366 2669 550 2734 Willelmus
565 2667 595 2732 le
611 2668 710 2732 Neuu
725 2675 760 2731 et
773 2666 856 2730 dicit
870 2665 957 2752 quod
971 2666 1138 2752 legitimus
1151 2676 1202 2731 est
1217 2677 1252 2732 et
1268 2667 1310 2733 de
1324 2669 1474 2755 legitimo

366 2771 570 2838 matrimonio
585 2771 670 2836 sicut
684 2771 724 2836 de
740 2793 841 2834 uxore
854 2769 1070 2855 desponsata⁸
1088 2780 1123 2836 et
1143 2771 1205 2836 hoc
1222 2773 1319 2837 offert
1337 2773 1474 2859 probare

366 2876 424 2942 ubi
438 2885 472 2940 et
487 2873 615 2960 quando
630 2874 765 2960 probare
781 2873 922 2938 debebit.

432 2981 476 3044 Et
490 2979 674 3044 Willelmus
688 2977 775 3042 filius
785 2977 917 3042 Ricardi
930 2978 1025 3042 uenit
1039 2987 1074 3042 et
1089 2978 1149 3043 hoc
1168 2979 1316 3044 defendit
1333 2989 1368 3044 et
1387 2981 1475 3066 petit

365 3085 442 3150 inde
464 3081 633 3160 iuratnm‘,
649 3091 683 3147 et
701 3081 779 3168 quia
800 3082 861 3146 hoc
883 3105 949 3146 non
970 3091 1079 3168 potest-
1100 3083 1221 3169 inquiri
1242 3083 1305 3148 nisi
1326 3084 1362 3148 in
1383 3083 1475 3148 curia

366 3189 597 3265 cristianitatis,
613 3195 647 3251 et
661 3193 809 3272 preterea
821 3185 949 3271 campio
967 3187 1069 3271 ipsius
1084 3187 1220 3251 Roberti
1241 3188 1386 3254 tenentis
1407 3209 1474 3251 non

367 3293 460 3358 uenit
474 3299 618 3358 armatus
632 3289 675 3355 ad
690 3289 890 3368 comitatum,
904 3313 965 3354 nec
979 3291 1100 3377 poterit
1117 3290 1193 3356 inde
1213 3291 1284 3356 fieri
1303 3290 1476 3376 inquisicio

366 3397 401 3462 in
423 3398 515 3482 layca
531 3394 629 3470 curia,
650 3393 897 3459 Consideratum
915 3394 1074 3479 estquod
1095 3393 1282 3458 Willelmus
1299 3394 1331 3459 ie
1353 3393 1475 3458 Neuu²

366 3500 483 3586 probet
503 3521 538 3562 se
564 3496 748 3583 legitimum
777 3497 813 3561 in
842 3497 932 3562 curia
960 3497 1191 3563 cristianitatis
1236 3498 1282 3562 Et
1311 3497 1476 3563 Robertns

366 3601 523 3668 concessit
537 3600 623 3687 quod
637 3600 700 3664 nisi
724 3599 811 3665 idem
825 3600 1010 3666 Wilielmus
1031 3601 1133 3687 possit
1153 3600 1289 3687 probare
1311 3623 1346 3665 se
1366 3600 1475 3688 legiti-

367 3695 457 3770 mum
478 3704 562 3768 infre
583 3702 759 3767 terminum
781 3725 802 3766 a
823 3703 915 3768 curia
935 3704 1059 3768 domini
1074 3705 1175 3790 Regis
1195 3703 1227 3768 ei
1248 3703 1373 3780 datum,
1387 3704 1475 3790 quod

367 3809 531 3896 predictus
550 3807 734 3872 Willelmus
756 3807 844 3872 filius
864 3808 996 3873 Ricardi
1017 3818 1185 3896 recuperet
1206 3807 1358 3872 seisinam
1380 3830 1474 3873 suam

367 3915 436 3980 sine
465 3913 573 3978 duello
597 3910 650 3976 uel
676 3909 741 3974 alia
765 3910 922 3976 dilacione
948 3913 1039 3977 saluo
1059 3925 1175 3998 postea
1195 3911 1266 3976 iure
1291 3911 1477 3978 cuiuslibet.

368 4019 412 4084 Et
427 4017 617 4082 mandatum
639 4024 690 4080 est
710 4015 868 4100 Episcopo
886 4016 1101 4082 Londoniensi
1120 4016 1206 4102 quod
1221 4015 1319 4080 faciat
1338 4015 1476 4100 inquisi-
1496 4000 1503 4005 ⁴

400 4195 410 4228 ¹
428 4195 499 4245 Omit
510 4203 534 4245 et
545 4195 584 4258 (r).
944 4199 1076 4246 comitatur
1084 4196 1476 4260 Willelmr'destrfhrdmr'ne,

400 4261 411 4292 ²
427 4259 483 4309 The
493 4261 594 4310 version
605 4261 634 4310 of
649 4259 703 4311 this
718 4261 777 4324 ples
791 4261 820 4310 in
835 4261 893 4311 Bis
943 4261 974 4311 B.

368 4331 415 4374 not
426 4339 455 4373 so
467 4325 521 4376 fnlL
975 4327 987 4358 ¹
1004 4329 1130 4387 reatem
1139 4333 1177 4376 est
1187 4333 1212 4376 et
1223 4332 1351 4386 mrem,
1364 4324 1396 4377 B.

400 4389 439 4422 Η
455 4397 480 4438 et
490 4393 664 4452 vicecomitem,
678 4391 708 4440 B.
975 4391 987 4423 ⁸
1002 4392 1064 4450 ire&
1082 4405 1112 4440 so
1123 4391 1152 4440 in
1164 4391 1195 4440 B.

401 4455 557 4525 §cuiusdam
575 4457 647 4506 libert
666 4457 772 4506 hortinis
783 4458 893 4507 eiusdem
975 4455 986 4490 ⁷
1003 4458 1105 4519 Nercou,
1119 4456 1149 4505 B.
