3342 5217
375 422 439 485 650
678 430 820 491 mum,
842 429 907 481 un.
932 418 1026 493 1234,
1047 430 1111 482 nu
1136 420 1186 482 18.

374 610 536 697 predictae
554 630 707 695 personet
726 606 906 671 secundum
924 606 1011 692 quod
1030 607 1214 693 predictum
1230 618 1289 686 ert,
1303 608 1489 674 considem-

374 726 447 782 tum
462 724 512 781 est
527 714 614 801 quod
629 713 788 798 Magister
799 711 985 777 Willelmus
999 714 1207 799 recuperauit
1221 714 1374 778 seisinarn
1390 736 1488 778 snam

374 820 505 885 nomine
519 816 652 883 ecclesie
667 836 734 891 sue,
749 823 783 878 et
799 814 917 877 Emmn
930 814 966 899 iu
980 814 1205 880 misericordia
1221 838 1347 901 pauper
1360 824 1420 881 eet.

440 922 552 987 Abbco
579 920 620 985 de
643 918 809 1004 Redingee
834 918 1053 983 summonitus
1075 919 1139 983 fuit
1160 918 1204 983 ed
1224 918 1489 1005 respondendum

375 1027 517 1091 Roherto
547 1022 780 1089 Archidiucono
810 1044 910 1106 quare
940 1023 1029 1107 cepit
1061 1023 1172 1088 uuerie
1206 1046 1266 1088 sua
1294 1032 1329 1088 et
1362 1023 1488 1088 iniuste

374 1127 502 1193 detinet
521 1134 634 1190 contre
647 1124 783 1188 ucdium
798 1132 833 1187 et
848 1123 994 1210 plegium
1010 1133 1069 1191 etc
1085 1134 1120 1190 et
1136 1126 1223 1190 unde
1235 1127 1384 1212 queritur
1398 1126 1487 1212 quod

374 1230 489 1297 belliui
503 1230 606 1315 ipsius
624 1228 765 1294 Abbatis
784 1236 950 1293 uenerunt
967 1229 1009 1294 ud
1030 1238 1151 1295 terrum
1171 1230 1275 1315 ipsius
1292 1230 1430 1295 Roberti
1444 1230 1487 1295 dc

232 1350 236 1355 ’
374 1331 687 1400 Aldemenneetonu¹
712 1341 747 1397 et
777 1333 825 1398 ibi
854 1343 1011 1419 ceperunt
1036 1335 1081 1421 lij.
1107 1335 1263 1400 animalia
1288 1344 1356 1399 tem
1383 1336 1488 1401 boues

375 1461 473 1525 quem
495 1460 610 1503 uaccae
631 1445 667 1501 et
687 1437 887 1525 higuuerunt
911 1446 993 1524 aput
1019 1438 1184 1526 Redingcs
1208 1438 1333 1503 desicut
1356 1440 1487 1504 nullum

375 1550 600 1607 tenementum
615 1539 656 1605 de
671 1562 709 1605 eo
724 1548 816 1606 tenet
831 1563 892 1605 nec
908 1540 1082 1605 seruicium
1098 1540 1129 1605 ci
1145 1540 1252 1607 debet

441 1646 486 1709 Et
499 1645 611 1710 Abbee
625 1643 719 1709 uenit
734 1651 770 1707 et
789 1643 937 1709 defendit
957 1643 1027 1708 uim
1047 1652 1082 1708 et
1101 1643 1254 1709 iniuriam
1277 1652 1311 1709 et
1326 1644 1486 1709 iniustum

375 1749 557 1836 captionem
587 1757 622 1813 et
640 1747 874 1813 detentionem
903 1755 1016 1813 contre
1040 1746 1174 1813 uadium
1206 1757 1241 1812 et
1269 1749 1424 1834 plegium,
1451 1758 1488 1814 et

375 1853 456 1918 dicit
470 1852 557 1939 quod
571 1874 686 1917 reuera
700 1860 787 1917 tenu
797 1852 855 1916 ille
869 1852 972 1937 ipsius
984 1851 1121 1916 Roberti
1135 1850 1176 1915 de
1187 1852 1489 1918 Aldemnnnestona

375 1965 426 2021 est
447 1955 532 2020 infra
552 1955 759 2020 hundredum
782 1965 817 2021 et
844 1955 1032 2021 libertatem
1059 1978 1151 2020 suum
1176 1978 1274 2041 quem
1300 1956 1402 2021 hebet
1426 1978 1489 2042 per

376 2068 498 2125 eurtum
527 2060 621 2124 Dom,
650 2059 759 2147 Regis,
790 2070 825 2125 et
850 2060 939 2125 idem
969 2060 1132 2127 Robertus
1162 2068 1283 2126 uectum
1312 2061 1414 2126 debet
1443 2060 1487 2127 ud

376 2163 499 2229 curiam
518 2186 619 2239 suem,
634 2163 699 2228 scil
720 2163 819 2227 debet
841 2164 952 2228 uenire
975 2164 1028 2227 uel
1051 2163 1211 2229 bellinum
1233 2186 1330 2229 suum
1352 2165 1488 2230 mittere

375 2266 418 2331 ad
446 2288 602 2352 magnum
632 2264 841 2329 hundredum
866 2266 969 2351 ipsius
995 2266 1135 2330 Abbatis
1165 2275 1199 2331 et
1225 2266 1272 2331 ibi
1297 2278 1486 2353 presentare

375 2369 475 2434 debet
489 2368 610 2454 placita
631 2390 745 2433 corone
765 2377 801 2433 et
822 2368 1080 2434 attechiementa
1100 2378 1134 2434 et
1154 2370 1203 2435 ibi
1223 2370 1335 2435 audire
1358 2380 1488 2438 statute

376 2481 412 2538 et
436 2472 564 2536 assiriae
582 2469 588 2558 Ι
606 2471 701 2558 punis
728 2480 762 2537 et
788 2472 924 2537 ceruisie
951 2480 986 2537 et
1011 2472 1077 2537 elia
1101 2496 1165 2558 que
1188 2480 1315 2538 statute
1339 2484 1418 2539 sunt
1443 2476 1487 2541 ed

376 2597 490 2664 pacem
512 2576 606 2641 Dom.
630 2575 739 2662 Regis,
762 2582 798 2639 et
821 2582 951 2639 statuta
974 2574 1032 2639 illa
1054 2582 1090 2639 et
1110 2574 1238 2639 assisiee
1261 2575 1334 2641 illm
1356 2578 1488 2664 auequi

376 2680 476 2744 debet
491 2688 525 2743 et
539 2688 651 2744 tenere
665 2680 701 2744 in
715 2678 862 2765 predicto
877 2678 1021 2743 manerio
1036 2700 1104 2755 suo,
1114 2687 1149 2743 et
1164 2680 1241 2765 quia
1256 2688 1378 2745 sectam
1394 2680 1487 2747 illum

377 2784 481 2849 fucere
503 2783 612 2847 noluit
636 2783 805 2847 distrinxit
826 2804 902 2847 eum
924 2805 984 2868 per
998 2782 1295 2847 consideracionem
1316 2782 1405 2847 curie
1427 2806 1487 2848 sue

377 2888 419 2953 ad
444 2896 566 2952 sectam
588 2886 678 2951 illem
700 2887 890 2963 faciendum,
910 2896 945 2952 et
967 2887 1075 2974 sepius
1097 2888 1219 2974 optulit
1240 2888 1270 2952 ei
1293 2888 1406 2953 euerie
1427 2912 1487 2955 suu

376 3013 437 3077 per
452 2990 587 3055 uudium
606 2997 641 3054 et
661 2990 817 3076 plegium,
831 2997 867 3053 et
881 2990 951 3077 ipse
966 2990 1129 3055 Robertus
1151 3012 1192 3055 ea
1212 2990 1354 3077 recipere
1369 2992 1485 3059 noluit

377 3095 468 3159 Dicit
490 3094 594 3158 eciem
619 3094 706 3180 quod
728 3095 799 3159 Rex
820 3095 844 3160 J
846 3096 990 3159 ohannes
1012 3094 1141 3181 quando
1164 3095 1255 3160 dedit
1277 3096 1486 3162 hundredum

377 3197 522 3263 Abbecie
547 3196 589 3261 de
614 3195 795 3283 Radinges¹
816 3198 881 3262 fuit
903 3198 939 3262 in
960 3198 1088 3263 seieine·
1104 3200 1144 3263 de
1167 3198 1314 3284 predicta
1339 3208 1431 3266 secte
1452 3209 1488 3266 et

376 3301 447 3387 ipse
468 3307 590 3385 postea,
609 3307 644 3364 et
666 3300 715 3364 ite
736 3299 824 3385 quod
847 3300 942 3385 plura
963 3302 1221 3367 attechiumente
1242 3302 1329 3368 facte
1350 3312 1429 3369 sunt
1452 3306 1488 3370 in

377 3404 467 3470 curia
481 3425 541 3467 sue
554 3401 595 3468 de
613 3402 742 3488 placitis
762 3425 885 3483 corone,
901 3413 936 3469 et
954 3404 1030 3471 inde
1050 3405 1201 3492 producit
1221 3415 1345 3473 secum
1365 3410 1487 3475 suffici·

378 3516 498 3574 entem.
879 3556 883 3565 .

443 3611 488 3675 Et
509 3611 673 3676 Robertus
698 3611 792 3677 uenit
817 3618 853 3676 et
878 3612 958 3677 dicit
983 3613 1070 3698 quod
1094 3612 1235 3678 nullum'
1260 3615 1292 3679 ei
1317 3614 1419 3681 debet
1443 3617 1487 3683 ud

377 3713 500 3779 curium
523 3730 625 3792 suum,
643 3712 722 3799 quie
740 3713 817 3778 inde
837 3714 969 3800 quietus
990 3737 1050 3801 per
1070 3724 1193 3781 certam
1215 3717 1308 3783 Dom
1325 3719 1368 3784 H
1384 3720 1487 3807 Regis

377 3818 463 3883 senis
478 3840 576 3903 quum
594 3819 716 3902 profert
730 3826 765 3882 et
785 3841 849 3904 que
864 3820 925 3884 hoc
944 3827 1093 3897 testetur,
1109 3828 1144 3885 et
1165 3821 1267 3887 eciem
1282 3844 1341 3908 per
1362 3833 1486 3890 curtem

378 3920 515 3987 Hemici
540 3919 640 4007 Regis
665 3921 722 3985 eui
746 3930 781 3987 et
806 3944 871 4008 que
897 3932 1040 3988 testetur
1064 3923 1150 4010 quod
1175 3925 1324 4011 equietet
1345 3950 1423 3992 eum
1445 3928 1487 3993 de

378 4021 491 4088 echitis
521 4029 557 4086 et
582 4020 759 4087 hundredis
788 4031 823 4087 et
850 4023 989 4089 murdris
1015 4032 1049 4089 et
1075 4024 1265 4112 dcncgildie‚
1289 4050 1349 4093 nec
1371 4029 1486 4095 Abbne

378 4148 523 4213 unquam
533 4124 685 4190 seieinem
695 4125 812 4190 hebuit
826 4126 891 4191 nisi
901 4127 936 4191 in
951 4127 1011 4192 hoc
1022 4127 1108 4213 quod
1119 4136 1265 4215 tempore
1276 4153 1340 4217 quo
1352 4132 1486 4217 quidem

379 4230 542 4297 Rohertus
564 4228 707 4295 Clericus
729 4228 794 4294 fuit
815 4228 995 4295 uicecomes
1017 4239 1053 4295 et
1074 4230 1220 4318 Rogems
1242 4232 1283 4298 de
1306 4233 1485 4323 Cuserigge

411 4383 621 4435 ¹Aldermurton
648 4382 762 4436 between
787 4382 907 4449 Reuding
989 4384 1196 4451 ’nocem
1209 4388 1266 4441 125.
1294 4388 1401 4441 Ναὶ».
1414 4391 1485 4441 120ὶᾶ

379 4448 433 4503 and
442 4449 575 4512 Ncwbury.
989 4450 1001 4484 ⁸
1018 4451 1117 4515 supply
1128 4460 1229 4505 emtam.
