3342 5217
365 441 427 503 168
669 451 817 514 11111111,
840 452 905 502 an.
928 437 1021 513 1222,
1043 452 1107 500 aa
1130 437 1158 500 6.

429 625 472 690 Ε1
487 625 577 690 Prior
590 646 649 710 per
668 633 870 690 attornatum
890 646 985 690 suum
1004 624 1086 689 dicit
1106 622 1193 710 quod
1211 621 1383 688 adnooacio
1403 622 1461 688 illa

363 728 405 795 ad
433 752 509 795 eum
537 729 680 815 pertinet
708 737 743 794 et
771 730 893 816 profert
920 738 1043 795 cartam
1073 728 1196 793 Thoma
1217 728 1259 793 de
1283 727 1460 793 Β11111111ι

363 833 517 898 auunculi
537 832 638 919 ipsius
660 833 818 898 Johannis
840 833 933 898 cuius
954 831 1046 897 heres
1068 831 1137 917 ipse
1158 839 1210 896 est
1231 838 1290 895 etc
1309 852 1373 916 quc
1394 838 1459 895 tes-

364 943 454 1000 tatur
468 935 553 1022 quod
567 935 636 1022 ipse
655 935 747 1001 dedit
766 943 827 1002 etc.
843 937 904 1001 deo
924 943 958 1000 11
977 935 1110 1000 ecclesie
1129 933 1170 998 de
1193 933 1405 1000 Ohaucumba
1424 940 1460 996 et

363 1037 522 1103 canonicis
536 1045 596 1104 ato.
610 1038 776 1104 ecelesiam
790 1037 831 1103 de
847 1038 969 1102 Fstona
987 1059 1062 1101 curn
1081 1035 1230 1101 omnibus
1249 1033 1460 1120 pertinenciis
1517 1074 1521 1079 ·

363 1139 430 1204 suis
451 1140 486 1204 in
505 1140 639 1206 liberam
659 1163 773 1227 puram
789 1148 823 1206 et
837 1149 1029 1227 perpetuam
1043 1139 1250 1205 elemosinam
1265 1145 1325 1202 etc
1340 1145 1375 1202 et
1389 1136 1459 1222 ipse

363 1249 397 1306 11
411 1241 545 1307 heredes
562 1243 613 1308 sui
627 1243 881 1309 warantizabunt
900 1252 960 1308 etc.
975 1249 1087 1308 contra
1104 1249 1163 1307 etc
1209 1241 1334 1306 Profert
1355 1240 1458 1305 eciam

362 1353 484 1410 cartam
502 1345 650 1432 Episcopi
670 1346 836 1433 Hugonis'
855 1369 918 1432 que
938 1345 1059 1411 donum
1080 1345 1162 1410 illud
1184 1345 1353 1410 confirmat
1373 1344 1459 1409 sicut

362 1450 599 1515 racionabiliter
613 1450 659 1514 eis
673 1451 796 1515 factum
810 1451 874 1515 fuit
888 1449 975 1515 unde
989 1449 1153 1536 predictus
1167 1449 1258 1514 Prior
1271 1448 1352 1514 dicit
1370 1449 1459 1534 quod

362 1553 432 1639 ipse
452 1554 617 1620 Johannes
639 1562 689 1620 est
711 1555 803 1620 heres
826 1555 928 1641 ipsius
949 1554 1071 1620 Thome
1093 1563 1128 1621 et
1149 1554 1247 1620 debet
1268 1554 1315 1620 eis
1337 1554 1458 1619 donum

361 1657 443 1722 illud
457 1657 667 1724 warentizare.

426 1761 471 1825 Et
491 1761 657 1828 Johannes
678 1763 770 1828 uenit
792 1771 827 1828 et
847 1763 928 1828 dicit
947 1762 1033 1848 quod
1053 1771 1142 1827 carta
1160 1762 1217 1827 illa
1235 1760 1267 1826 ei
1281 1783 1345 1827 non
1358 1755 1458 1827 debet

361 1885 474 1930 nocere
494 1887 553 1930 nec
575 1865 677 1930 Priori
696 1867 814 1944 ualere,
829 1865 907 1952 quia
925 1888 1039 1931 reuera
1058 1867 1221 1952 predictus
1240 1867 1379 1931 Thomas
1393 1867 1458 1931 fuit

361 1969 541 2034 auunculus
555 1991 632 2034 suus
647 1977 681 2034 et
701 1969 770 2056 ipse
790 1979 841 2034 ast
860 1969 953 2034 heres
973 1969 1043 2034 cius
1063 1978 1113 2036 set
1134 1969 1297 2055 predictus
1318 1969 1458 2034 'ihomas

360 2079 482 2135 cartam
496 2071 586 2135 illam
601 2071 678 2136 lecit
692 2072 770 2137 dum
785 2071 854 2157 ipse
872 2072 936 2137 fuit
956 2072 1040 2136 infra
1059 2079 1181 2136 etatem
1201 2080 1236 2136 et
1255 2071 1290 2136 in
1312 2072 1458 2137 custodia

360 2173 510 2261 Hugonis
530 2176 570 2240 de
592 2175 803 2242 Chaucumba
820 2175 998 2241 firndatoris
1013 2175 1177 2239 Prioratus
1191 2175 1231 2240 de
1247 2174 1458 2241 Ohaucnmba

360 2279 482 2344 domini
507 2279 558 2344 sui
582 2279 673 2343 etin
699 2279 758 2343 tali
783 2288 929 2365 tempore
955 2301 1020 2364 quo
1048 2277 1135 2342 idem
1165 2276 1304 2342 Thomas
1332 2279 1456 2343 nullam

361 2382 511 2447 asininam
534 2381 649 2446 habuit
671 2382 712 2447 de
733 2382 843 2468 aliqua
864 2389 951 2447 terra
971 2383 1026 2446 uel
1044 2381 1085 2446 de
1104 2381 1317 2446 aduocacione
1331 2390 1366 2446 et
1379 2382 1456 2447 inde

361 2485 452 2570 ponit
467 2507 501 2549 se
515 2507 612 2570 super
625 2485 764 2551 iuratam
779 2495 830 2560 set
844 2508 957 2551 reuera
971 2494 1083 2571 postea
1092 2506 1315 2570 permagnum
1327 2492 1457 2571 tempus

360 2589 453 2653 uenit
467 2589 507 2652 ad
523 2597 643 2653 terram
663 2611 755 2654 suam
776 2597 810 2654 11
829 2589 946 2658 habuit
967 2589 1119 2655 seisinam
1140 2596 1175 2653 et
1196 2588 1232 2652 in
1252 2587 1371 2654 seisina
1391 2589 1458 2655 fuit

360 2714 418 2778 per
431 2693 574 2778 quinque
588 2715 695 2758 annos,

199 2837 349 2886 mmm
425 2795 470 2858 Et
495 2794 585 2858 Prior
606 2793 685 2860 dicit
706 2795 792 2881 quod
815 2795 900 2861 lacta
920 2795 1065 2861 11111111
1087 2803 1232 2880 tempore
1254 2817 1318 2881 quo
1339 2795 1457 2860 habuit

198 2885 343 2980 &¹¹le
361 2905 482 2963 etatem
505 2904 539 2962 et
562 2919 626 2982 quo
652 2897 715 2962 fuit
736 2897 771 2962 in
800 2897 918 2963 seisina
946 2899 986 2963 de
1014 2907 1102 2964 terra
1130 2921 1189 2962 sua
1217 2905 1252 2962 11
1279 2898 1365 2983 petit
1393 2899 1457 2963 sibi

198 2978 341 3110 {rimus
360 2999 488 3065 allocari
524 3001 610 3086 qnod
645 2999 732 3066 idem
766 3001 932 3066 Johannes
966 3001 1128 3087 cognoscit
1163 3000 1249 3086 quod
1283 3009 1456 3087 postquam

197 3081 340 3206 iffi?
359 3104 498 3168 Thomas
519 3103 611 3168 uenit
634 3104 674 3167 ad
704 3112 826 3168 etatem
848 3113 884 3169 et
905 3104 1022 3169 habuit
1043 3112 1162 3172 terram
1191 3127 1283 3170 suam
1312 3128 1377 3170 non
1405 3129 1457 3171 re·

194 3175 317 3299 lfflg‘m
359 3204 512 3270 clamauit
533 3213 645 3270 contra
665 3213 786 3270 cartam
805 3207 896 3271 illam
911 3215 945 3271 et
959 3227 1073 3271 reuera
1086 3208 1169 3272 bene
1188 3207 1351 3294 cognoscit
1369 3207 1457 3294 quod

196 3309 347 3402 ffifffifffl
360 3309 541 3374 Willelmus
570 3310 610 3375 de
640 3310 802 3375 Beseuilla
830 3319 1011 3375 antecessor
1038 3309 1182 3375 eiusdem
1204 3311 1362 3377 Johannis
1383 3332 1456 3396 pre·

196 3401 335 3486 lllffiffi'll*
357 3413 502 3479 sentauit
523 3412 673 3477 ultimam
693 3434 860 3497 personam
881 3422 941 3478 etc.
957 3421 991 3477 et
1006 3413 1092 3499 quod
1109 3423 1198 3478 carta
1211 3415 1355 3501 predicta
1369 3416 1457 3478 facta

195 3493 347 3627 ffiffliffi
358 3515 422 3581 fuit
436 3515 714 3601 sicutpredictum
730 3524 780 3580 est
801 3525 945 3600 tempora
964 3523 999 3581 et
1018 3524 1058 3579 11
1077 3539 1175 3603 supra
1193 3528 1228 3582 et
1249 3519 1325 3584 inde
1347 3519 1456 3604 ponit⁸

196 3587 342 3722 pgffiff
357 3643 392 3686 se
407 3642 503 3706 snper
517 3627 618 3684 testes
632 3619 812 3684 nominatos
827 3619 863 3682 in
881 3627 971 3684 carta
989 3619 1086 3684 simul
1106 3644 1180 3686 cum
1202 3623 1274 3688 aliis
1296 3625 1455 3711 legalibus

195 3727 331 3821 ffiglm,
358 3725 542 3790 hominibus
558 3725 693 3789 Inonem
708 3724 749 3788 de
764 3723 959 3789 Molintona⁴
969 3733 1003 3789 et
1017 3725 1183 3792 Johannes
1197 3728 1347 3794 similiter
1360 3731 1454 3815 ponit

195 3821 392 3914 gffilgffise
411 3827 446 3892 in
465 3827 554 3892 illam
575 3827 713 3890 iuratam
736 3835 770 3891 et
792 3825 872 3891 dicit
894 3827 979 3913 quod
1001 3828 1134 3894 clericus
1155 3831 1213 3917 qui
1234 3832 1349 3896 ultimo
1370 3832 1455 3898 obiit

194 3915 319 4002 lienum
356 3953 492 4016 persona
519 3952 645 4017 semper
674 3929 781 3995 tenuit
811 3951 912 4016 usque
940 3931 982 3994 ad
1011 3932 1135 3996 obitum
1165 3956 1260 3998 suum
1286 3935 1454 4000 ecclesiam

194 4005 306 4047 1111111111-
359 4035 366 4048 .
796 4033 802 4046 .
877 4033 884 4046 .
956 4034 963 4047 .
1248 4039 1255 4052 .

194 4053 322 4138 penitiora
357 4035 446 4100 illam
461 4057 500 4099 ex
516 4034 599 4099 dono
613 4043 821 4099 antecessoris
836 4056 888 4098 sur
901 4043 936 4098 11
953 4034 1026 4099 rdeo
1046 4059 1110 4100 non
1130 4047 1274 4123 oportuit
1295 4041 1452 4105 Thomam

193 4104 336 4234 ffb?
356 4139 553 4206 auunculum
575 4159 670 4202 suum
691 4136 864 4202 reclamare
888 4144 1001 4203 eontra
1021 4149 1142 4204 cartam
1167 4140 1266 4208 illam.
1310 4143 1354 4208 Et
1379 4144 1453 4209 ideo

388 4271 398 4303 1
415 4270 551 4326 gomma,
562 4268 592 4318 Β,
960 4265 973 4298 ⁸
990 4273 1094 4329 tempore
1105 4283 1152 4330 quo
1165 4270 1271 4319 Thomas
1276 4270 1332 4332 suit
1344 4273 1372 4318 ia
1382 4275 1452 4320 sctri-

386 4335 399 4367 1
414 4336 624 4397 confir-ymnorum
631 4333 746 4394 11191111
757 4333 879 4407 Episcopi
929 4347 963 4380 111
974 4338 998 4380 et
1010 4333 1099 4381 tatuit
1109 4339 1199 4382 etatem
1208 4342 1233 4382 et
1244 4337 1303 4384 inde
1311 4339 1394 4399 pontt,
1405 4336 1438 4386 B.

356 4402 545 4516 ffiplntemis,
567 4398 598 4448 B.
632 4397 659 4449 Β.
678 4395 757 4459 Hugh
774 4396 832 4446 died
849 4411 878 4445 m
959 4395 1067 4447 ⁴Other
1076 4398 1205 4448 nemesin
1215 4399 1248 4449 B.
