3342 5217
526 323 667 387 ιιιιιιιι,
690 325 753 375 ιιι.
780 313 873 388 1231,
895 326 958 375 ιιι.
983 315 1031 376 15.
1263 315 1327 380 397

287 497 330 562 Et
353 497 431 583 quis
453 498 615 586 Margeria
635 487 901 564 nichil'ostendit
915 499 957 564 dc
972 500 1160 566 feffamento
1174 501 1237 566 nisi
1251 503 1328 567 sim-

220 598 338 685 plicem
362 621 475 664 uocem
497 622 599 678 suam,
619 609 653 664 et
673 601 750 686 quic
771 601 859 666 idem
882 602 999 666 Petrus
1021 603 1134 668 extitit
1152 602 1188 667 in
1211 603 1330 668 seisina

220 703 435 787 permultum
451 711 589 789 tempus,
604 703 852 769 Consideratum
871 714 921 769 est
936 704 1022 792 quod
1037 705 1154 770 Petrus
1168 706 1244 771 inde
1259 707 1328 770 sine
1365 733 1368 737 ²

221 806 274 872 die
290 815 324 872 et
339 816 451 872 teneat
465 807 501 871 in
515 829 594 893 pace
610 816 645 872 et
660 808 822 895 Margen'a
837 807 871 872 in
886 808 1111 875 misericordis

162 959 169 973 .
286 911 448 976 Robertus
477 911 565 976 filius
593 911 750 977 Willelmi
780 921 814 976 et
843 913 1012 978 Johannes
1040 915 1141 980 freter
1168 939 1247 980 suus
1271 939 1330 1002 per
1409 947 1424 974 u

221 1119 375 1204 Testepin
397 1119 438 1184 de
460 1119 580 1205 plsoito
599 1120 603 1204 Ι
624 1119 711 1205 quod
732 1119 896 1184 reddat
868 1142 914 1184 ers
919 1069 961 1206 .ῂῖ
977 1144 1039 1186 aer
1057 1130 1142 1186 terre
1158 1145 1232 1186 cum
1247 1133 1329 1209 pert

220 1222 256 1286 in
279 1223 463 1308 Sproutone
485 1247 565 1310 quas
587 1225 729 1288 clament
752 1247 820 1289 esse
841 1226 1069 1291 moioncbilem
1090 1235 1217 1312 partem
1237 1250 1329 1291 susm

220 1347 283 1411 que
299 1348 353 1390 eos
367 1325 528 1412 contingit
543 1326 583 1390 de
598 1326 699 1390 libero
720 1335 909 1392 tenemento
930 1328 1017 1413 quod
1039 1329 1103 1392 fuit
1117 1329 1274 1394 Willelmi
1289 1329 1330 1394 de

221 1430 423 1494 Bremfordia
443 1431 545 1515 patris
567 1430 709 1516 ipsorum
729 1431 764 1494 in
785 1431 899 1496 ecdem
918 1432 1005 1497 uilln
1051 1432 1095 1495 Et
1110 1432 1249 1496 Thomas
1264 1455 1330 1497 non

221 1533 314 1598 uenit
337 1542 396 1599 etc.
422 1543 456 1599 et
478 1535 694 1600 summonitus
717 1543 777 1600 eto.
821 1536 991 1600 Judicium
1016 1545 1104 1600 terra
1125 1536 1273 1622 capiatur
1295 1537 1329 1600 in

221 1657 354 1700 manum
378 1638 471 1703 Dom.
494 1637 593 1724 Regis
613 1647 672 1703 etc.
699 1649 733 1704 et
757 1640 827 1704 dies
851 1649 911 1704 etc.
935 1649 971 1705 et
995 1641 1064 1726 ipse
1087 1651 1331 1706 summoneatur

220 1743 307 1828 quod
321 1741 365 1808 sit
380 1751 439 1807 etc.
485 1743 529 1807 Et
544 1742 711 1807 sciendum
726 1743 811 1828 quod
826 1743 1012 1808 Willelmus
1026 1743 1113 1808 filius
1123 1744 1281 1808 Willelmi
1295 1753 1330 1809 et

221 1845 334 1911 Simon
349 1848 448 1912 freter
462 1847 532 1911 eius
547 1847 720 1933 participes
736 1870 800 1911 non
822 1857 1005 1932 sequuntur
1027 1857 1061 1913 et
1083 1847 1155 1912 idco
1170 1847 1331 1934 excipitur

220 1971 295 2036 pars
309 1951 452 2036 ipsorum
467 1949 501 2014 in
517 1949 677 2035 peticione
688 1949 707 2014 ¹.

158 2099 165 2112 .
287 2053 452 2117 Imbertus
474 2052 565 2116 Prior
586 2053 626 2116 de
650 2051 805 2116 Weuloc*
831 2052 953 2139 optulit
978 2075 1013 2117 se
1036 2051 1114 2137 iiije.
1138 2052 1191 2116 die
1216 2075 1330 2116 uersus
1379 2066 1457 2115 wlco

220 2156 422 2221 Willelmum
453 2156 565 2220 Huket
594 2164 629 2221 et
658 2155 853 2241 Morgeriam
878 2178 1012 2221 uxorem
1039 2156 1110 2220 eius
1140 2155 1180 2220 de
1209 2156 1329 2241 placito

220 2259 398 2326 diuiserum
425 2260 511 2323 inter
540 2267 659 2324 terram
689 2258 791 2344 ipsius
817 2258 936 2322 Prioris
961 2258 997 2322 in
1022 2258 1123 2323 Stoke
1149 2267 1184 2323 et
1209 2267 1329 2323 terrem

220 2363 364 2450 ipsorum
375 2362 513 2428 Walteri
528 2370 562 2426 et
574 2361 733 2447 Margerio
745 2362 780 2426 in
791 2361 962 2426 Wathulle
972 2370 1032 2426 eto.
1062 2361 1107 2426 Et
1118 2363 1283 2427 Walterus
1294 2370 1329 2427 et

220 2468 383 2555 Margeria
394 2490 459 2531 non
470 2475 631 2532 uenerunt
647 2475 704 2531 etc.
717 2475 767 2531 set
782 2489 816 2530 se
837 2467 1081 2531 essonieuerunt
1096 2466 1136 2531 de
1152 2467 1237 2531 malo
1252 2467 1329 2532 lecti

220 2581 255 2638 et
267 2571 429 2637 esconium
441 2594 506 2636 non
518 2571 581 2635 fuit
592 2571 639 2635 eis
650 2571 833 2636 allocutum.
865 2572 908 2636 Et
918 2571 991 2635 ideo
1002 2571 1232 2635 athachientur
1242 2571 1329 2657 quod

218 2678 286 2742 sint
302 2685 361 2742 etc
407 2675 524 2739 Postea
541 2682 704 2738 uenerunt
718 2673 884 2738 Walterus
898 2681 933 2737 et
948 2675 1110 2760 Margeria
1123 2683 1158 2738 et
1172 2674 1243 2759 po’⁸
1258 2684 1317 2740 eto.

243 2781 479 2898 Preceptum
513 2779 577 2843 suit
603 2777 788 2842 uicecomiti
820 2776 907 2862 quod
937 2777 1057 2842 faceret
1087 2800 1155 2842 csse
1184 2777 1327 2842 racione·
1376 2802 1454 2853 scrop„

219 2989 378 3064 Hortona,
400 2995 435 3051 et
464 2993 585 3049 terram
614 2905 766 3047 RobertiS
776 2982 817 3048 de
839 2983 1021 3047 Hettona
1012 3005 1048 3046 m
1072 2983 1221 3046 Hortons
1243 2983 1374 3048 sinuoso
1354 3003 1438 3087 ortorp¹
1418 3001 1490 3041 noun

219 3115 289 3158 esse
304 3092 426 3156 debent
442 3099 476 3154 et
491 3090 595 3154 solent
611 3097 680 3162 etc„
698 3097 731 3152 et
747 3086 833 3151 unde
853 3086 940 3151 idem
961 3087 1052 3151 Prior
1073 3087 1222 3172 queritur
1241 3088 1329 3174 quod
1339 3047 1394 3179 ΞΜ
1387 3095 1467 3180 ffi-

219 3195 385 3282 predictus
411 3194 575 3258 Robertus
599 3191 738 3256 attrahit
763 3191 806 3256 od
831 3191 963 3255 feodum
988 3212 1084 3254 suum
1107 3211 1137 3254 v.
1159 3212 1220 3254 scr
1243 3198 1383 3255 terre¹¹⁰¹¹
1340 3235 1480 3274 „md

219 3299 307 3364 unde
331 3297 462 3384 quidem
485 3296 648 3360 Robertus
670 3295 762 3359 Prior
780 3302 962 3359 antecessor
979 3315 1056 3357 suus
1071 3293 1135 3357 fuit
1149 3293 1302 3358 scisitus
1293 3317 1327 3357 m
1340 3282 1468 3556 ffi‘

218 3401 381 3467 dominico
406 3423 465 3466 suo
493 3408 533 3464 ut
558 3400 598 3464 de
625 3399 718 3464 feodo
744 3407 779 3465 et
805 3398 875 3462 iure
901 3406 1047 3483 tempore
1073 3397 1173 3485 Regis
1198 3398 1363 3554 Ricurdim
1341 3421 1480 3508 meeum
1533 3482 1537 3492 1

219 3505 378 3592 capiendo
391 3505 467 3570 inde
483 3513 543 3570 eto.

288 3611 331 3674 Et
353 3610 516 3675 Robertus
541 3607 634 3674 uenit
664 3615 698 3672 et
722 3607 807 3694 petit
836 3608 953 3685 uisum,
980 3607 1134 3672 hebeat
1124 3631 1159 3672 m
1181 3607 1328 3672 aduentu

220 3714 472 3782 iusticiariorum
487 3721 521 3777 et
535 3711 666 3776 interim
685 3719 747 3776 etc.

253 3909 264 3941 ¹
280 3908 325 3959 Br.
339 3907 357 3958 f.
371 3909 429 3960 429.
801 3905 889 3955 lsnd'
882 3921 905 3955 rs
921 3905 1042 3968 specified
1057 3906 1103 3955 the
1118 3905 1196 3956 claim
1211 3905 1329 3956 becomes

254 3973 266 4005 ¹
281 3975 394 4024 Moncst.
407 3973 458 4022 vol.
470 3974 493 4029 5,
505 3987 531 4035 p.
545 3973 585 4023 72.
801 3971 853 4020 like
863 3975 890 4020 to
902 3987 918 4020 a
929 3970 985 4019 writ
997 3972 1026 4019 of
1039 3970 1109 4033 right
1120 3971 1173 4020 and
1184 3971 1257 4020 there
1266 3986 1328 4032 may

254 4039 578 4101 ³Proboblypomortloco
593 4051 644 4087 ruo.
678 4035 751 4099 They
801 4035 909 4094 be-‚ducl
926 4035 1009 4097 grand
1024 4035 1107 4084 essizo
1123 4036 1176 4085 ond
1192 4035 1279 4086 cssoin
1295 4037 1327 4086 de

221 4104 518 4201 rppointancttomey.
801 4101 870 4150 msto
882 4101 951 4150 lecti
980 4102 1014 4150 So
1023 4102 1093 4150 unul
1104 4100 1177 4150 there
1188 4101 1326 4150 rseolerm

254 4169 408 4218 ⁴SeeBr.
431 4167 526 4218 3445.
562 4165 690 4216 Themis
716 4181 750 4214 nc
801 4166 842 4216 for
850 4165 1120 4227 spccrfiolcndmesne
1128 4181 1230 4228 process
1241 4181 1326 4228 rsper

220 4233 310 4284 essoin
321 4233 353 4283 dc
363 4233 433 4282 melo
447 4231 506 4282 lecti
521 4231 590 4281 until
607 4231 703 4280 therc'
695 4246 718 4279 rs
735 4247 750 4281 ι
801 4231 885 4289 sonal,
894 4232 945 4280 viz.
953 4231 987 4292 by
993 4231 1164 4288 attachment
1173 4231 1213 4280 for
1221 4246 1256 4280 no
1264 4232 1327 4281 lond

220 4299 301 4349 elsim
318 4299 359 4348 ior
374 4297 475 4360 specific
495 4297 567 4346 land.
601 4295 685 4346 When
706 4295 750 4344 the
801 4295 997 4345 canbeseized.
1030 4297 1096 4346 Fitz.
1110 4299 1211 4354 Emona,
1225 4297 1279 4344 192.
