3342 5217
429 151 474 216 Et
510 151 668 217 Ricardus
703 153 796 217 uenit
832 161 867 219 et
903 153 1050 220 defendit
1086 156 1155 221 uim
1185 166 1220 222 et
1248 158 1409 236 iniuriam,
1441 168 1479 223 et

363 254 525 340 cognoscit
540 254 627 339 quod
641 255 803 341 quoddam
818 265 997 323 mercatum
1009 259 1136 324 leuauit
1146 260 1235 346 apud
1246 261 1478 325 Deretemuwe

363 357 404 422 de
419 357 554 422 licencia
567 358 660 422 Dom.
677 359 777 446 Regis
791 382 850 445 per
864 368 986 425 cartam
1001 384 1094 427 suam
1109 386 1207 449 quom
1222 364 1344 449 profert
1358 373 1394 427 66
1409 388 1477 451 que

363 461 423 526 hoc
438 469 580 526 testatur
594 461 656 525 nisi
671 462 715 526 sit
729 462 771 527 ed
792 474 1025 528 nocumentum
1046 465 1228 530 uicinorum
1248 476 1478 545 mercatorum,

332 631 335 634 1
364 574 398 630 66
413 565 493 630 (11616
512 566 598 652 quod
616 567 699 632 illud
718 591 782 631 non
803 576 854 633 est
876 568 918 633 od
932 578 1172 643 ‚nocumentum
1195 570 1331 635 aliorum
1353 594 1477 637 mema-

364 676 480 745 torum,
495 677 530 733 et
544 668 690 734 defendit
705 680 818 735 contra
831 672 935 757 ipsam
956 680 990 736 et
1010 681 1131 737 sectam
1152 694 1245 737 suam
1266 672 1351 759 quod
1366 675 1477 739 nullas

364 773 613 839 consuetudines
632 797 692 838 nec
711 774 858 839 namium
873 775 946 861 capi
960 775 1038 841 fecit
1054 784 1134 861 aput
1150 775 1384 842 Deretemuwe.
1430 779 1477 842 Et

363 877 436 942 ideo
451 876 563 941 nodiet
578 876 692 963 legem,
708 885 742 943 66
759 878 872 944 ueniat
887 901 960 943 cum
976 879 1048 966 lege
1064 902 1097 943 se
1118 878 1206 964 xijm.
1223 902 1322 944 manu
1344 882 1378 944 in
1402 882 1477 946 Oct.

364 990 423 1047 etc.

430 1084 480 1149 De
496 1094 637 1151 mercato
651 1085 693 1150 od
707 1085 865 1150 iudicium
880 1108 939 1171 pro
953 1093 1043 1151 certa
1057 1086 1150 1151 Dom.
1168 1086 1276 1173 Regis

430 1189 547 1253 Postea
567 1188 659 1253 uenit
682 1188 840 1253 Ricardus
862 1196 896 1252 et
918 1189 976 1253 dat
993 1189 1017 1275 j.
1033 1212 1175 1254 marcam
1197 1190 1290 1254 Dom.
1307 1190 1393 1275 Regi
1416 1214 1477 1276 per

363 1294 409 1358 sic
429 1293 515 1379 quod
535 1292 719 1379 inquiratur
737 1292 765 1356 61
785 1299 965 1357 mercatum
985 1291 1025 1355 de
1044 1292 1251 1357 Dertemuwe
1267 1292 1310 1357 616
1325 1292 1476 1358 leuatum

363 1397 405 1462 od
420 1405 651 1461 nocumentum
667 1396 801 1461 mercati
815 1395 904 1460 illius
917 1394 958 1460 de
971 1394 1169 1473 Tottenesse,
1182 1406 1215 1460 et
1231 1418 1289 1482 per
1303 1396 1476 1461 consilium

363 1500 484 1566 iustic’¹
507 1509 696 1587 preceptum
719 1508 770 1564 est
793 1499 880 1585 quod
905 1500 1096 1585 inquiratur.
1142 1500 1185 1564 Et
1206 1508 1397 1585 preceptum
1424 1510 1478 1565 est

363 1603 547 1669 uicecomiti
562 1603 648 1689 qnod
663 1625 769 1668 coram
790 1625 828 1667 eo
849 1611 884 1667 66
904 1624 1010 1667 coram
1031 1602 1218 1667 custodibus
1241 1602 1352 1667 uenire
1375 1604 1477 1668 166166

363 1707 416 1792 xij.
430 1716 464 1771 66
478 1730 536 1793 per
550 1728 660 1770 eorum
676 1713 914 1779 sacromentum
930 1713 990 1770 etc.
1003 1713 1037 1770 et
1051 1706 1080 1769 si
1094 1705 1277 1791 predictum
1292 1714 1475 1769 mercatum

363 1812 510 1876 leuatum
532 1811 576 1875 616
597 1809 639 1874 od
661 1817 893 1874 nocumentum
916 1808 1050 1873 alterius
1072 1808 1207 1873 mercati
1229 1808 1284 1872 uel
1304 1830 1377 1885 non,
1393 1810 1476 1874 etsi

365 1914 407 1979 od
436 1922 677 1992 nocumentum,
706 1922 785 1978 tunc
815 1913 910 2000 quale
940 1920 1171 1977 nocumentum
1201 1912 1248 1976 ibi
1276 1913 1384 1977 fuerit.
1430 1914 1476 1977 Et

365 2018 609 2104 inquisicionem
635 2018 756 2084 habeat
781 2018 816 2083 in
841 2018 912 2083 Oct.
936 2024 994 2082 etc.
1020 2040 1078 2103 per
1102 2017 1228 2082 litteren
1253 2025 1287 2081 66
1310 2039 1369 2103 per
1392 2018 1476 2082 duos

366 2131 424 2186 etc

308 2283 316 2299 ,
430 2224 606 2290 'Henricus
622 2224 803 2290 Vinitorius
817 2234 852 2290 66
867 2222 1000 2290 Amma⁸
1015 2246 1096 2289 uxor
1109 2224 1180 2289 eius
1195 2247 1253 2311 per
1269 2234 1474 2290 attornatum

276 2346 310 2374 ⁰¹¹·
364 2352 459 2395 suum
474 2338 594 2416 petunt
608 2352 721 2395 uersus
735 2331 915 2396 Robertum
931 2329 971 2395 de
987 2329 1185 2417 Lidingtona
1204 2339 1270 2395 tres
1289 2330 1369 2417 uirg.
1387 2338 1474 2394 terre

363 2456 437 2499 cum
460 2435 596 2520 pertin
619 2435 740 2498 Estona
762 2434 853 2499 etin
877 2432 958 2499 Oote
981 2441 1019 2498 ut
1041 2432 1092 2497 ius
1113 2432 1216 2519 ipsius
1237 2434 1366 2510 Amme,
1380 2441 1416 2497 66
1437 2432 1474 2497 in

363 2538 476 2624 quam⁴
491 2538 577 2603 idem
589 2538 751 2602 Robertus
763 2559 827 2602 non
838 2536 939 2602 habet
950 2537 1130 2623 ingressum
1142 2536 1204 2601 nisi
1215 2559 1274 2622 per
1282 2536 1472 2621 Philippum

363 2640 404 2706 de
419 2641 590 2706 Mowertin
605 2642 737 2706 fratrem
753 2640 897 2727 predicte
913 2642 1030 2705 Amme
1045 2640 1139 2705 cuius
1159 2640 1252 2705 heres
1266 2641 1337 2726 ipsa
1351 2640 1474 2705 Ammo

364 2754 463 2811 estet
479 2746 535 2832 qui
550 2768 604 2810 666
626 2746 656 2810 61
676 2745 801 2809 dimisit
821 2744 863 2809 ad
884 2744 1060 2809 terminum
1081 2743 1138 2830 qui
1157 2743 1313 2829 preteriit,
1328 2751 1364 2807 et
1384 2743 1473 2807 unde

363 2848 510 2935 predicta
537 2849 658 2912 Ammo
686 2846 766 2911 dicit
796 2846 882 2932 quod
912 2845 1077 2932 predictus
1107 2844 1276 2931 Philippus
1305 2844 1369 2909 fuit
1395 2845 1473 2909 inde

363 2954 493 3019 scisitus
528 2953 563 3017 in
600 2952 760 3017 dominico
796 2974 854 3016 suo
891 2959 930 3015 ut
962 2950 1003 3015 de
1033 2951 1126 3015 feodo
1156 2957 1190 3014 et
1219 2950 1289 3014 iure
1324 2956 1473 3035 tempore

200 3069 257 3108 Not·
279 3068 322 3107 uod
334 3118 344 3154 ε
363 3057 463 3143 Regis
478 3055 608 3120 Ricardi
623 3064 683 3121 etc.
728 3055 772 3119 Et
786 3054 950 3118 Robertus
964 3075 1095 3139 presens
1110 3059 1160 3116 666
1175 3059 1209 3116 66
1228 3058 1323 3116 uocet
1337 3051 1414 3116 inde
1429 3052 1472 3117 ed

199 3115 334 3201 mxlii
362 3169 542 3225 waruntum
568 3159 779 3225 Godefiidum
804 3158 909 3222 filium
935 3180 1031 3221 suum
1058 3178 1097 3221 66
1122 3155 1248 3220 racione
1273 3154 1359 3241 quod
1383 3155 1471 3220 idem

197 3218 349 3351 fficio
362 3263 555 3330 eooeffidus
569 3263 633 3328 fus
648 3263 735 3327 filius
750 3261 893 3327 emeres
908 3259 1063 3347 nyonme
1079 3266 1114 3323 et
1129 3266 1215 3323 tem
1230 3258 1286 3322 nra
1306 3257 1472 3323 hereum

196 3349 325 3435 midi
360 3369 463 3454 ipsius
491 3367 637 3431 Dionieie
666 3365 775 3430 uxoris
803 3364 877 3429 6668
902 3371 936 3428 66
960 3362 1029 3449 ipse
1053 3361 1142 3426 illem
1170 3368 1281 3425 tenere
1304 3360 1404 3426 debet
1428 3360 1471 3425 ed

196 3441 343 3489 sdqucmtor·

197 3488 343 3583 3303&
361 3472 465 3536 uitam
480 3493 572 3535 suum
588 3469 765 3535 secundum
780 3467 1049 3533 consuetudinem
1063 3466 1183 3553 Anglie
1198 3472 1257 3530 etc

197 3584 287 3668 mm
426 3576 470 3639 Et
490 3573 683 3639 Godefiidus
703 3572 796 3637 uenit
815 3579 850 3637 et
870 3572 902 3637 ei
923 3571 1109 3637 warentizat
1131 3570 1216 3635 sicut
1238 3577 1357 3634 terram
1379 3570 1470 3636 illam

392 3745 401 3778 ¹
418 3748 522 3796 Domini
537 3747 630 3796 Jmtic'
646 3745 684 3805 Δς
706 3745 736 3795 in
752 3745 797 3795 the
815 3748 888 3796 note·
972 3744 1070 3807 ‘quas
1081 3742 1111 3794 A.

358 3810 427 3860 book
437 3813 541 3861 Domini
553 3810 740 3875 inexpuncoed.
972 3808 1068 3859 “terra
1075 3806 1205 3871 repented.

391 3874 448 3924 Ἀ.
471 3875 577 3925 mtd.
612 3875 885 3927 ThisooseisFitz.
971 3870 1471 3931 ‘ucmtsuoeintorlinodssndthose

361 3941 482 4002 meter,
494 3942 551 3992 279.
939 3938 1023 3989 words
1034 3952 1107 3989 come
1116 3937 1204 3987 before
1213 3944 1239 3987 66
1250 3944 1318 3987 tems
1329 3938 1386 3985 tuo„

391 4003 402 4036 ⁸
418 4008 508 4067 dumo,
521 4005 544 4054 A
554 4005 723 4069 throughout.
