<?xml version="1.0" encoding="UTF-8"?>
<!DOCTYPE html PUBLIC "-//W3C//DTD XHTML 1.0 Transitional//EN"
    "http://www.w3.org/TR/xhtml1/DTD/xhtml1-transitional.dtd">
<html xmlns="http://www.w3.org/1999/xhtml" xml:lang="en" lang="en">
 <head>
  <title>
</title>
<meta http-equiv="Content-Type" content="text/html;charset=utf-8" />
  <meta name='ocr-system' content='tesseract 3.04.00' />
  <meta name='ocr-capabilities' content='ocr_page ocr_carea ocr_par ocr_line ocrx_word'/>
</head>
<body>
  <div class='ocr_page' id='page_1' title='image "bractonsnoteboo01maitgoog_0462.png"; bbox 0 0 3342 5217; ppageno 0'>
   <div class='ocr_carea' id='block_1_1' title="bbox 278 600 350 664">
    <p class='ocr_par' dir='ltr' id='par_1_1' title="bbox 278 600 350 664">
     <span class='ocr_line' id='line_1_1' title="bbox 278 600 350 664; baseline 0.014 -1"><span class='ocrx_word' id='word_1_1' title='bbox 278 600 350 664; x_wconf 81' lang='lat'>593.</span> 
     </span>
    </p>
   </div>
   <div class='ocr_carea' id='block_1_2' title="bbox 288 700 340 741">
    <p class='ocr_par' dir='ltr' id='par_1_2' title="bbox 288 700 340 741">
     <span class='ocr_line' id='line_1_2' title="bbox 288 700 340 741; baseline 0.038 -2"><span class='ocrx_word' id='word_1_2' title='bbox 288 700 340 741; x_wconf 72' lang='lat' dir='ltr'><strong>sua</strong></span> 
     </span>
    </p>
   </div>
   <div class='ocr_carea' id='block_1_3' title="bbox 403 400 1220 481">
    <p class='ocr_par' dir='ltr' id='par_1_3' title="bbox 403 400 1220 481">
     <span class='ocr_line' id='line_1_3' title="bbox 403 400 1220 481; baseline 0.011 -20"><span class='ocrx_word' id='word_1_3' title='bbox 403 400 467 462; x_wconf 83' lang='lat'><strong>458</strong></span> <span class='ocrx_word' id='word_1_4' title='bbox 700 414 853 477; x_wconf 77' lang='lat' dir='ltr'><strong>nummu,</strong></span> <span class='ocrx_word' id='word_1_5' title='bbox 875 416 940 465; x_wconf 74' lang='lat' dir='ltr'><strong>an.</strong></span> <span class='ocrx_word' id='word_1_6' title='bbox 965 404 1059 481; x_wconf 82' lang='lat'><strong>1231,</strong></span> <span class='ocrx_word' id='word_1_7' title='bbox 1081 419 1146 469; x_wconf 70' lang='grc' dir='ltr'><strong>ιιι</strong></span> <span class='ocrx_word' id='word_1_8' title='bbox 1171 410 1220 470; x_wconf 83' lang='grc'><strong>15.</strong></span> 
     </span>
    </p>
   </div>
   <div class='ocr_carea' id='block_1_4' title="bbox 395 588 1505 2435">
    <p class='ocr_par' dir='ltr' id='par_1_4' title="bbox 398 588 1505 1170">
     <span class='ocr_line' id='line_1_4' title="bbox 468 588 1505 682; baseline 0.008 -29"><span class='ocrx_word' id='word_1_9' title='bbox 468 588 671 654; x_wconf 76' lang='lat' dir='ltr'><strong>¹Willelmus</strong></span> <span class='ocrx_word' id='word_1_10' title='bbox 700 589 817 654; x_wconf 85' lang='lat' dir='ltr'><strong>Russel</strong></span> <span class='ocrx_word' id='word_1_11' title='bbox 846 592 1065 658; x_wconf 76' lang='lat' dir='ltr'><strong>summonitus</strong></span> <span class='ocrx_word' id='word_1_12' title='bbox 1093 594 1135 659; x_wconf 82' lang='lat' dir='ltr'><strong>ad</strong></span> <span class='ocrx_word' id='word_1_13' title='bbox 1163 596 1419 682; x_wconf 83' lang='lat' dir='ltr'><strong>cognoscendum</strong></span> <span class='ocrx_word' id='word_1_14' title='bbox 1449 618 1505 682; x_wconf 91' lang='lat' dir='ltr'><strong>per</strong></span> 
     </span>
     <span class='ocr_line' id='line_1_5' title="bbox 401 692 1503 778; baseline 0.006 -21"><span class='ocrx_word' id='word_1_15' title='bbox 401 693 487 778; x_wconf 92' lang='lat' dir='ltr'><strong>quod</strong></span> <span class='ocrx_word' id='word_1_16' title='bbox 509 692 682 758; x_wconf 87' lang='lat' dir='ltr'><strong>seruicium</strong></span> <span class='ocrx_word' id='word_1_17' title='bbox 708 694 816 757; x_wconf 86' lang='lat' dir='ltr'><strong>tenuit</strong></span> <span class='ocrx_word' id='word_1_18' title='bbox 846 702 1072 761; x_wconf 78' lang='lat' dir='ltr'><strong>tenementum</strong></span> <span class='ocrx_word' id='word_1_19' title='bbox 1101 720 1197 763; x_wconf 87' lang='lat' dir='ltr'><strong>suum</strong></span> <span class='ocrx_word' id='word_1_20' title='bbox 1227 698 1267 764; x_wconf 92' lang='lat' dir='ltr'><strong>de</strong></span> <span class='ocrx_word' id='word_1_21' title='bbox 1298 699 1437 764; x_wconf 79' lang='lat' dir='ltr'><strong>Radulfo</strong></span> <span class='ocrx_word' id='word_1_22' title='bbox 1465 700 1503 764; x_wconf 92' lang='lat' dir='ltr'><strong>de</strong></span> 
     </span>
     <span class='ocr_line' id='line_1_6' title="bbox 400 795 1502 885; baseline 0.007 -26"><span class='ocrx_word' id='word_1_23' title='bbox 400 795 554 861; x_wconf 84' lang='lat' dir='ltr'><strong>Pesehale</strong></span> <span class='ocrx_word' id='word_1_24' title='bbox 570 796 656 882; x_wconf 91' lang='lat' dir='ltr'><strong>quod</strong></span> <span class='ocrx_word' id='word_1_25' title='bbox 676 798 785 862; x_wconf 90' lang='lat' dir='ltr'><strong>tenuit</strong></span> <span class='ocrx_word' id='word_1_26' title='bbox 799 806 839 863; x_wconf 91' lang='lat' dir='ltr'><strong>ut</strong></span> <span class='ocrx_word' id='word_1_27' title='bbox 854 800 1020 885; x_wconf 79' lang='lat' dir='ltr'><strong>pertinens</strong></span> <span class='ocrx_word' id='word_1_28' title='bbox 1039 801 1082 865; x_wconf 84' lang='lat' dir='ltr'><strong>ad</strong></span> <span class='ocrx_word' id='word_1_29' title='bbox 1099 802 1279 867; x_wconf 87' lang='lat' dir='ltr'><strong>manerium</strong></span> <span class='ocrx_word' id='word_1_30' title='bbox 1294 802 1335 868; x_wconf 91' lang='lat' dir='ltr'><strong>de</strong></span> <span class='ocrx_word' id='word_1_31' title='bbox 1351 803 1502 868; x_wconf 75' lang='lat' dir='ltr'><strong>Pesehaie</strong></span> 
     </span>
     <span class='ocr_line' id='line_1_7' title="bbox 400 900 1501 989; baseline 0.007 -27"><span class='ocrx_word' id='word_1_32' title='bbox 400 906 435 962; x_wconf 89' lang='lat' dir='ltr'><strong>et</strong></span> <span class='ocrx_word' id='word_1_33' title='bbox 454 906 613 984; x_wconf 82' lang='lat' dir='ltr'><strong>quantum</strong></span> <span class='ocrx_word' id='word_1_34' title='bbox 635 907 728 963; x_wconf 90' lang='lat' dir='ltr'><strong>tenet</strong></span> <span class='ocrx_word' id='word_1_35' title='bbox 747 900 841 965; x_wconf 90' lang='lat' dir='ltr'><strong>uenit</strong></span> <span class='ocrx_word' id='word_1_36' title='bbox 859 910 894 965; x_wconf 91' lang='lat' dir='ltr'><strong>et</strong></span> <span class='ocrx_word' id='word_1_37' title='bbox 917 902 998 968; x_wconf 86' lang='lat' dir='ltr'><strong>dicit</strong></span> <span class='ocrx_word' id='word_1_38' title='bbox 1021 904 1108 989; x_wconf 91' lang='lat' dir='ltr'><strong>quod</strong></span> <span class='ocrx_word' id='word_1_39' title='bbox 1126 913 1219 971; x_wconf 88' lang='lat' dir='ltr'><strong>tenet</strong></span> <span class='ocrx_word' id='word_1_40' title='bbox 1241 905 1372 970; x_wconf 85' lang='lat' dir='ltr'><strong>feodum</strong></span> <span class='ocrx_word' id='word_1_41' title='bbox 1393 906 1501 970; x_wconf 82' lang='lat' dir='ltr'><strong>dimid</strong></span> 
     </span>
     <span class='ocr_line' id='line_1_8' title="bbox 400 999 1500 1093; baseline 0.011 -31"><span class='ocrx_word' id='word_1_42' title='bbox 400 999 515 1064; x_wconf 88' lang='lat' dir='ltr'><strong>militis</strong></span> <span class='ocrx_word' id='word_1_43' title='bbox 534 1000 568 1064; x_wconf 90' lang='lat' dir='ltr'><strong>in</strong></span> <span class='ocrx_word' id='word_1_44' title='bbox 585 1000 794 1066; x_wconf 84' lang='lat' dir='ltr'><strong>Fauconham</strong></span> <span class='ocrx_word' id='word_1_45' title='bbox 810 1004 897 1088; x_wconf 91' lang='lat' dir='ltr'><strong>quod</strong></span> <span class='ocrx_word' id='word_1_46' title='bbox 912 1006 1056 1090; x_wconf 85' lang='lat' dir='ltr'><strong>pertinet</strong></span> <span class='ocrx_word' id='word_1_47' title='bbox 1070 1007 1113 1072; x_wconf 85' lang='lat' dir='ltr'><strong>ad</strong></span> <span class='ocrx_word' id='word_1_48' title='bbox 1126 1008 1310 1093; x_wconf 85' lang='lat' dir='ltr'><strong>predictum</strong></span> <span class='ocrx_word' id='word_1_49' title='bbox 1323 1010 1500 1074; x_wconf 87' lang='lat' dir='ltr'><strong>manerium</strong></span> 
     </span>
     <span class='ocr_line' id='line_1_9' title="bbox 398 1102 617 1170; baseline 0.014 -3"><span class='ocrx_word' id='word_1_50' title='bbox 398 1102 439 1169; x_wconf 88' lang='lat' dir='ltr'><strong>de</strong></span> <span class='ocrx_word' id='word_1_51' title='bbox 455 1104 617 1170; x_wconf 84' lang='lat' dir='ltr'><strong>Pesehale.</strong></span> 
     </span>
    </p>

    <p class='ocr_par' dir='ltr' id='par_1_5' title="bbox 397 1208 1501 1583">
     <span class='ocr_line' id='line_1_10' title="bbox 463 1208 1501 1303; baseline 0.007 -31"><span class='ocrx_word' id='word_1_52' title='bbox 463 1208 507 1273; x_wconf 86' lang='lat' dir='ltr'><strong>Et</strong></span> <span class='ocrx_word' id='word_1_53' title='bbox 523 1209 685 1274; x_wconf 84' lang='lat' dir='ltr'><strong>Robertus</strong></span> <span class='ocrx_word' id='word_1_54' title='bbox 700 1210 803 1275; x_wconf 83' lang='lat' dir='ltr'><strong>Madet</strong></span> <span class='ocrx_word' id='word_1_55' title='bbox 818 1218 911 1276; x_wconf 90' lang='lat' dir='ltr'><strong>tenet</strong></span> <span class='ocrx_word' id='word_1_56' title='bbox 925 1212 1054 1278; x_wconf 87' lang='lat' dir='ltr'><strong>circiter</strong></span> <span class='ocrx_word' id='word_1_57' title='bbox 1067 1215 1108 1280; x_wconf 64' lang='lat' dir='ltr'><strong>lu</strong></span> <span class='ocrx_word' id='word_1_58' title='bbox 1123 1238 1185 1280; x_wconf 84' lang='lat' dir='ltr'><strong>aer.</strong></span> <span class='ocrx_word' id='word_1_59' title='bbox 1201 1224 1286 1281; x_wconf 87' lang='lat' dir='ltr'><strong>terre</strong></span> <span class='ocrx_word' id='word_1_60' title='bbox 1306 1217 1341 1282; x_wconf 89' lang='lat' dir='ltr'><strong>in</strong></span> <span class='ocrx_word' id='word_1_61' title='bbox 1357 1216 1501 1303; x_wconf 83' lang='lat' dir='ltr'><strong>Wnlepol</strong></span> 
     </span>
     <span class='ocr_line' id='line_1_11' title="bbox 398 1309 1499 1402; baseline 0.01 -27"><span class='ocrx_word' id='word_1_62' title='bbox 398 1309 561 1377; x_wconf 89' lang='lat' dir='ltr'><strong>reddendo</strong></span> <span class='ocrx_word' id='word_1_63' title='bbox 576 1312 651 1378; x_wconf 88' lang='lat' dir='ltr'><strong>inde</strong></span> <span class='ocrx_word' id='word_1_64' title='bbox 666 1313 706 1397; x_wconf 88' lang='lat' dir='ltr'><strong>vj.</strong></span> <span class='ocrx_word' id='word_1_65' title='bbox 722 1314 777 1379; x_wconf 81' lang='lat' dir='ltr'><strong>soi</strong></span> <span class='ocrx_word' id='word_1_66' title='bbox 790 1336 849 1399; x_wconf 90' lang='lat' dir='ltr'><strong>per</strong></span> <span class='ocrx_word' id='word_1_67' title='bbox 862 1338 936 1379; x_wconf 85' lang='lat' dir='ltr'><strong>ann.</strong></span> <span class='ocrx_word' id='word_1_68' title='bbox 948 1324 983 1381; x_wconf 90' lang='lat' dir='ltr'><strong>et</strong></span> <span class='ocrx_word' id='word_1_69' title='bbox 997 1326 1146 1402; x_wconf 82' lang='lat' dir='ltr'><strong>preterea</strong></span> <span class='ocrx_word' id='word_1_70' title='bbox 1159 1319 1202 1384; x_wconf 82' lang='lat' dir='ltr'><strong>ad</strong></span> <span class='ocrx_word' id='word_1_71' title='bbox 1217 1322 1395 1385; x_wconf 87' lang='lat' dir='ltr'><strong>exercitum</strong></span> <span class='ocrx_word' id='word_1_72' title='bbox 1410 1320 1499 1385; x_wconf 87' lang='lat' dir='ltr'><strong>Dum</strong></span> 
     </span>
     <span class='ocr_line' id='line_1_12' title="bbox 398 1414 1500 1508; baseline 0.005 -28"><span class='ocrx_word' id='word_1_73' title='bbox 398 1415 498 1502; x_wconf 84' lang='lat' dir='ltr'><strong>Regis</strong></span> <span class='ocrx_word' id='word_1_74' title='bbox 512 1414 554 1481; x_wconf 86' lang='lat' dir='ltr'><strong>ad</strong></span> <span class='ocrx_word' id='word_1_75' title='bbox 569 1414 698 1481; x_wconf 87' lang='lat' dir='ltr'><strong>scutum</strong></span> <span class='ocrx_word' id='word_1_76' title='bbox 713 1439 765 1481; x_wconf 83' lang='lat' dir='ltr'><strong>xx.</strong></span> <span class='ocrx_word' id='word_1_77' title='bbox 780 1416 835 1481; x_wconf 80' lang='lat' dir='ltr'><strong>soi</strong></span> <span class='ocrx_word' id='word_1_78' title='bbox 852 1418 894 1503; x_wconf 74' lang='lat' dir='ltr'><strong>vj.</strong></span> <span class='ocrx_word' id='word_1_79' title='bbox 909 1417 982 1485; x_wconf 90' lang='lat' dir='ltr'><strong>den.</strong></span> <span class='ocrx_word' id='word_1_80' title='bbox 991 1418 1003 1451; x_wconf 84' lang='lat'>&#39;</span> <span class='ocrx_word' id='word_1_81' title='bbox 1013 1428 1048 1484; x_wconf 88' lang='lat' dir='ltr'><strong>et</strong></span> <span class='ocrx_word' id='word_1_82' title='bbox 1061 1421 1104 1485; x_wconf 83' lang='lat' dir='ltr'><strong>ad</strong></span> <span class='ocrx_word' id='word_1_83' title='bbox 1118 1421 1193 1507; x_wconf 87' lang='lat' dir='ltr'><strong>plus</strong></span> <span class='ocrx_word' id='word_1_84' title='bbox 1207 1423 1325 1508; x_wconf 82' lang='lat' dir='ltr'><strong>plunet</strong></span> <span class='ocrx_word' id='word_1_85' title='bbox 1338 1423 1381 1487; x_wconf 88' lang='lat' dir='ltr'><strong>ad</strong></span> <span class='ocrx_word' id='word_1_86' title='bbox 1396 1423 1500 1487; x_wconf 87' lang='lat' dir='ltr'><strong>minus</strong></span> 
     </span>
     <span class='ocr_line' id='line_1_13' title="bbox 397 1542 512 1583; baseline 0 0"><span class='ocrx_word' id='word_1_87' title='bbox 397 1542 512 1583; x_wconf 81' lang='lat' dir='ltr'><strong>mmus</strong></span> 
     </span>
    </p>

    <p class='ocr_par' dir='ltr' id='par_1_6' title="bbox 395 1620 1500 2125">
     <span class='ocr_line' id='line_1_14' title="bbox 463 1620 1499 1691; baseline 0.004 -6"><span class='ocrx_word' id='word_1_88' title='bbox 463 1622 506 1686; x_wconf 89' lang='lat' dir='ltr'><strong>Et</strong></span> <span class='ocrx_word' id='word_1_89' title='bbox 528 1622 659 1686; x_wconf 82' lang='lat' dir='ltr'><strong>Hamon</strong></span> <span class='ocrx_word' id='word_1_90' title='bbox 679 1620 766 1687; x_wconf 84' lang='lat' dir='ltr'><strong>filius</strong></span> <span class='ocrx_word' id='word_1_91' title='bbox 788 1622 927 1687; x_wconf 85' lang='lat' dir='ltr'><strong>Ordmer</strong></span> <span class='ocrx_word' id='word_1_92' title='bbox 948 1631 1040 1688; x_wconf 89' lang='lat' dir='ltr'><strong>tenet</strong></span> <span class='ocrx_word' id='word_1_93' title='bbox 1059 1647 1088 1689; x_wconf 86' lang='lat' dir='ltr'><strong>v.</strong></span> <span class='ocrx_word' id='word_1_94' title='bbox 1103 1647 1164 1691; x_wconf 86' lang='lat' dir='ltr'><strong>acr.</strong></span> <span class='ocrx_word' id='word_1_95' title='bbox 1180 1634 1265 1691; x_wconf 90' lang='lat' dir='ltr'><strong>terre</strong></span> <span class='ocrx_word' id='word_1_96' title='bbox 1283 1635 1317 1691; x_wconf 91' lang='lat' dir='ltr'><strong>et</strong></span> <span class='ocrx_word' id='word_1_97' title='bbox 1337 1626 1413 1690; x_wconf 92' lang='lat' dir='ltr'><strong>dim.</strong></span> <span class='ocrx_word' id='word_1_98' title='bbox 1429 1648 1499 1690; x_wconf 91' lang='lat' dir='ltr'><strong>cum</strong></span> 
     </span>
     <span class='ocr_line' id='line_1_15' title="bbox 397 1724 1499 1816; baseline 0 -23"><span class='ocrx_word' id='word_1_99' title='bbox 397 1734 479 1812; x_wconf 79' lang='lat' dir='ltr'><strong>pert.</strong></span> <span class='ocrx_word' id='word_1_100' title='bbox 505 1726 539 1789; x_wconf 92' lang='lat' dir='ltr'><strong>in</strong></span> <span class='ocrx_word' id='word_1_101' title='bbox 564 1724 718 1790; x_wconf 85' lang='lat' dir='ltr'><strong>Pesehale</strong></span> <span class='ocrx_word' id='word_1_102' title='bbox 742 1726 905 1791; x_wconf 89' lang='lat' dir='ltr'><strong>reddendo</strong></span> <span class='ocrx_word' id='word_1_103' title='bbox 930 1727 1007 1792; x_wconf 89' lang='lat' dir='ltr'><strong>inde</strong></span> <span class='ocrx_word' id='word_1_104' title='bbox 1032 1750 1092 1813; x_wconf 88' lang='lat' dir='ltr'><strong>per</strong></span> <span class='ocrx_word' id='word_1_105' title='bbox 1113 1752 1185 1795; x_wconf 82' lang='lat' dir='ltr'><strong>aun</strong></span> <span class='ocrx_word' id='word_1_106' title='bbox 1209 1730 1287 1816; x_wconf 84' lang='lat' dir='ltr'><strong>xxij.</strong></span> <span class='ocrx_word' id='word_1_107' title='bbox 1308 1729 1381 1795; x_wconf 85' lang='lat' dir='ltr'><strong>den</strong></span> <span class='ocrx_word' id='word_1_108' title='bbox 1405 1728 1499 1795; x_wconf 82' lang='lat' dir='ltr'><strong>etad</strong></span> 
     </span>
     <span class='ocr_line' id='line_1_16' title="bbox 396 1829 1157 1917; baseline 0.004 -22"><span class='ocrx_word' id='word_1_109' title='bbox 396 1837 526 1895; x_wconf 85' lang='lat' dir='ltr'><strong>scutum</strong></span> <span class='ocrx_word' id='word_1_110' title='bbox 537 1830 561 1914; x_wconf 90' lang='lat' dir='ltr'><strong>j.</strong></span> <span class='ocrx_word' id='word_1_111' title='bbox 577 1852 674 1895; x_wconf 84' lang='lat' dir='ltr'><strong>marc.</strong></span> <span class='ocrx_word' id='word_1_112' title='bbox 684 1830 709 1916; x_wconf 91' lang='lat' dir='ltr'><strong>j.</strong></span> <span class='ocrx_word' id='word_1_113' title='bbox 725 1829 797 1896; x_wconf 90' lang='lat' dir='ltr'><strong>den.</strong></span> <span class='ocrx_word' id='word_1_114' title='bbox 814 1839 849 1895; x_wconf 92' lang='lat' dir='ltr'><strong>et</strong></span> <span class='ocrx_word' id='word_1_115' title='bbox 863 1830 906 1894; x_wconf 88' lang='lat' dir='ltr'><strong>ad</strong></span> <span class='ocrx_word' id='word_1_116' title='bbox 921 1832 994 1917; x_wconf 85' lang='lat' dir='ltr'><strong>plus</strong></span> <span class='ocrx_word' id='word_1_117' title='bbox 1008 1832 1083 1917; x_wconf 88' lang='lat' dir='ltr'><strong>plus</strong></span> <span class='ocrx_word' id='word_1_118' title='bbox 1096 1841 1157 1898; x_wconf 84' lang='lat' dir='ltr'><strong>etc</strong></span> 
     </span>
     <span class='ocr_line' id='line_1_17' title="bbox 406 1933 1500 2025; baseline 0.005 -28"><span class='ocrx_word' id='word_1_119' title='bbox 406 1952 407 1957; x_wconf 72' lang='grc'>’</span> <span class='ocrx_word' id='word_1_120' title='bbox 461 1934 506 1998; x_wconf 83' lang='grc' dir='ltr'>Ει</span> <span class='ocrx_word' id='word_1_121' title='bbox 530 1934 629 2019; x_wconf 83' lang='lat' dir='ltr'><strong>Hugo</strong></span> <span class='ocrx_word' id='word_1_122' title='bbox 649 1933 690 1999; x_wconf 89' lang='lat' dir='ltr'><strong>de</strong></span> <span class='ocrx_word' id='word_1_123' title='bbox 710 1934 742 1998; x_wconf 85' lang='lat' dir='ltr'><strong>la</strong></span> <span class='ocrx_word' id='word_1_124' title='bbox 761 1934 940 2021; x_wconf 84' lang='lat' dir='ltr'><strong>Chaunge⁸</strong></span> <span class='ocrx_word' id='word_1_125' title='bbox 954 1944 1048 2001; x_wconf 91' lang='lat' dir='ltr'><strong>tenet</strong></span> <span class='ocrx_word' id='word_1_126' title='bbox 1068 1937 1197 2002; x_wconf 86' lang='lat' dir='ltr'><strong>circiter</strong></span> <span class='ocrx_word' id='word_1_127' title='bbox 1216 1937 1250 2025; x_wconf 90' lang='lat' dir='ltr'><strong>ij.</strong></span> <span class='ocrx_word' id='word_1_128' title='bbox 1265 1958 1327 2006; x_wconf 81' lang='lat' dir='ltr'><strong>aer.</strong></span> <span class='ocrx_word' id='word_1_129' title='bbox 1339 1945 1375 2003; x_wconf 89' lang='lat' dir='ltr'><strong>et</strong></span> <span class='ocrx_word' id='word_1_130' title='bbox 1395 1938 1500 2003; x_wconf 79' lang='lat' dir='ltr'><strong>reddit</strong></span> 
     </span>
     <span class='ocr_line' id='line_1_18' title="bbox 395 2038 1132 2125; baseline 0.003 -21"><span class='ocrx_word' id='word_1_131' title='bbox 395 2038 472 2104; x_wconf 87' lang='lat' dir='ltr'><strong>inde</strong></span> <span class='ocrx_word' id='word_1_132' title='bbox 487 2060 547 2123; x_wconf 90' lang='lat' dir='ltr'><strong>per</strong></span> <span class='ocrx_word' id='word_1_133' title='bbox 562 2060 635 2102; x_wconf 86' lang='lat' dir='ltr'><strong>ann.</strong></span> <span class='ocrx_word' id='word_1_134' title='bbox 651 2038 709 2125; x_wconf 90' lang='lat' dir='ltr'><strong>iiij.</strong></span> <span class='ocrx_word' id='word_1_135' title='bbox 725 2039 795 2104; x_wconf 90' lang='lat' dir='ltr'><strong>den.</strong></span> <span class='ocrx_word' id='word_1_136' title='bbox 812 2062 870 2125; x_wconf 88' lang='lat' dir='ltr'><strong>pro</strong></span> <span class='ocrx_word' id='word_1_137' title='bbox 885 2040 974 2103; x_wconf 90' lang='lat' dir='ltr'><strong>omni</strong></span> <span class='ocrx_word' id='word_1_138' title='bbox 988 2041 1132 2107; x_wconf 77' lang='lat' dir='ltr'><strong>seruicia</strong></span> 
     </span>
    </p>

    <p class='ocr_par' dir='ltr' id='par_1_7' title="bbox 395 2142 1499 2333">
     <span class='ocr_line' id='line_1_19' title="bbox 461 2142 1499 2232; baseline 0.002 -25"><span class='ocrx_word' id='word_1_139' title='bbox 461 2142 505 2208; x_wconf 85' lang='lat' dir='ltr'><strong>Et</strong></span> <span class='ocrx_word' id='word_1_140' title='bbox 527 2143 686 2208; x_wconf 82' lang='lat' dir='ltr'><strong>Radulfus</strong></span> <span class='ocrx_word' id='word_1_141' title='bbox 708 2143 840 2229; x_wconf 86' lang='lat' dir='ltr'><strong>Dereby</strong></span> <span class='ocrx_word' id='word_1_142' title='bbox 859 2151 951 2208; x_wconf 90' lang='lat' dir='ltr'><strong>tenet</strong></span> <span class='ocrx_word' id='word_1_143' title='bbox 973 2143 1014 2229; x_wconf 87' lang='lat' dir='ltr'>vJ&#39;.</span> <span class='ocrx_word' id='word_1_144' title='bbox 1033 2166 1095 2209; x_wconf 83' lang='lat' dir='ltr'><strong>acr.</strong></span> <span class='ocrx_word' id='word_1_145' title='bbox 1116 2167 1174 2231; x_wconf 90' lang='lat' dir='ltr'><strong>pro</strong></span> <span class='ocrx_word' id='word_1_146' title='bbox 1195 2145 1254 2231; x_wconf 88' lang='lat' dir='ltr'><strong>iiij</strong></span> <span class='ocrx_word' id='word_1_147' title='bbox 1273 2146 1328 2212; x_wconf 78' lang='lat' dir='ltr'><strong>soi</strong></span> <span class='ocrx_word' id='word_1_148' title='bbox 1350 2168 1409 2232; x_wconf 89' lang='lat' dir='ltr'><strong>per</strong></span> <span class='ocrx_word' id='word_1_149' title='bbox 1429 2168 1499 2209; x_wconf 84' lang='lat' dir='ltr'><strong>nnn</strong></span> 
     </span>
     <span class='ocr_line' id='line_1_20' title="bbox 395 2244 1489 2333; baseline 0.003 -22"><span class='ocrx_word' id='word_1_150' title='bbox 395 2255 429 2311; x_wconf 87' lang='lat' dir='ltr'><strong>et</strong></span> <span class='ocrx_word' id='word_1_151' title='bbox 444 2244 486 2311; x_wconf 85' lang='lat' dir='ltr'><strong>ad</strong></span> <span class='ocrx_word' id='word_1_152' title='bbox 502 2246 669 2333; x_wconf 86' lang='lat' dir='ltr'><strong>quodlibet</strong></span> <span class='ocrx_word' id='word_1_153' title='bbox 684 2246 869 2333; x_wconf 77' lang='lat' dir='ltr'><strong>scutagium</strong></span> <span class='ocrx_word' id='word_1_154' title='bbox 884 2247 926 2332; x_wconf 89' lang='lat' dir='ltr'><strong>vj.</strong></span> <span class='ocrx_word' id='word_1_155' title='bbox 941 2246 1013 2311; x_wconf 88' lang='lat' dir='ltr'><strong>den.</strong></span> <span class='ocrx_word' id='word_1_156' title='bbox 1028 2248 1056 2311; x_wconf 91' lang='lat' dir='ltr'><strong>si</strong></span> <span class='ocrx_word' id='word_1_157' title='bbox 1071 2249 1170 2313; x_wconf 85' lang='lat' dir='ltr'><strong>fuerit</strong></span> <span class='ocrx_word' id='word_1_158' title='bbox 1185 2250 1291 2314; x_wconf 85' lang='lat' dir='ltr'><strong>maius</strong></span> <span class='ocrx_word' id='word_1_159' title='bbox 1305 2250 1360 2314; x_wconf 89' lang='lat' dir='ltr'><strong>uel</strong></span> <span class='ocrx_word' id='word_1_160' title='bbox 1375 2250 1489 2314; x_wconf 81' lang='lat' dir='ltr'><strong>minus</strong></span> 
     </span>
    </p>

    <p class='ocr_par' dir='ltr' id='par_1_8' title="bbox 460 2348 1499 2435">
     <span class='ocr_line' id='line_1_21' title="bbox 460 2348 1499 2435; baseline 0.002 -22"><span class='ocrx_word' id='word_1_161' title='bbox 460 2350 504 2413; x_wconf 88' lang='lat' dir='ltr'><strong>Et</strong></span> <span class='ocrx_word' id='word_1_162' title='bbox 520 2349 641 2415; x_wconf 83' lang='lat' dir='ltr'><strong>Cecilia</strong></span> <span class='ocrx_word' id='word_1_163' title='bbox 655 2348 695 2414; x_wconf 90' lang='lat' dir='ltr'><strong>de</strong></span> <span class='ocrx_word' id='word_1_164' title='bbox 712 2349 904 2414; x_wconf 85' lang='lat' dir='ltr'><strong>Herefordia</strong></span> <span class='ocrx_word' id='word_1_165' title='bbox 918 2349 1011 2413; x_wconf 89' lang='lat' dir='ltr'><strong>uenit</strong></span> <span class='ocrx_word' id='word_1_166' title='bbox 1025 2358 1061 2413; x_wconf 95' lang='lat' dir='ltr'><strong>et</strong></span> <span class='ocrx_word' id='word_1_167' title='bbox 1075 2350 1254 2435; x_wconf 88' lang='lat' dir='ltr'><strong>dicitquod</strong></span> <span class='ocrx_word' id='word_1_168' title='bbox 1268 2360 1361 2417; x_wconf 89' lang='lat' dir='ltr'><strong>tenet</strong></span> <span class='ocrx_word' id='word_1_169' title='bbox 1372 2351 1499 2417; x_wconf 82' lang='lat' dir='ltr'><strong>feodum</strong></span> 
     </span>
    </p>
   </div>
   <div class='ocr_carea' id='block_1_5' title="bbox 394 2451 1500 2646">
    <p class='ocr_par' dir='ltr' id='par_1_9' title="bbox 394 2451 1500 2646">
     <span class='ocr_line' id='line_1_22' title="bbox 394 2451 1500 2540; baseline -0.002 -21"><span class='ocrx_word' id='word_1_170' title='bbox 394 2454 470 2519; x_wconf 91' lang='lat' dir='ltr'><strong>dim.</strong></span> <span class='ocrx_word' id='word_1_171' title='bbox 486 2453 600 2519; x_wconf 86' lang='lat' dir='ltr'><strong>militis</strong></span> <span class='ocrx_word' id='word_1_172' title='bbox 614 2462 649 2518; x_wconf 90' lang='lat' dir='ltr'><strong>et</strong></span> <span class='ocrx_word' id='word_1_173' title='bbox 663 2452 771 2518; x_wconf 88' lang='lat' dir='ltr'><strong>reddit</strong></span> <span class='ocrx_word' id='word_1_174' title='bbox 786 2454 827 2518; x_wconf 88' lang='lat' dir='ltr'><strong>de</strong></span> <span class='ocrx_word' id='word_1_175' title='bbox 842 2452 989 2540; x_wconf 78' lang='lat' dir='ltr'><strong>contagio</strong></span> <span class='ocrx_word' id='word_1_176' title='bbox 1002 2451 1045 2517; x_wconf 84' lang='lat' dir='ltr'><strong>ad</strong></span> <span class='ocrx_word' id='word_1_177' title='bbox 1062 2462 1193 2518; x_wconf 89' lang='lat' dir='ltr'><strong>scutum</strong></span> <span class='ocrx_word' id='word_1_178' title='bbox 1212 2476 1263 2519; x_wconf 83' lang='lat' dir='ltr'><strong>xx.</strong></span> <span class='ocrx_word' id='word_1_179' title='bbox 1280 2455 1336 2521; x_wconf 87' lang='lat' dir='ltr'><strong>sol.</strong></span> <span class='ocrx_word' id='word_1_180' title='bbox 1350 2478 1382 2521; x_wconf 84' lang='lat' dir='ltr'><strong>x.</strong></span> <span class='ocrx_word' id='word_1_181' title='bbox 1397 2455 1453 2521; x_wconf 76' lang='lat' dir='ltr'><strong>sot</strong></span> <span class='ocrx_word' id='word_1_182' title='bbox 1465 2463 1500 2518; x_wconf 90' lang='lat' dir='ltr'><strong>et</strong></span> 
     </span>
     <span class='ocr_line' id='line_1_23' title="bbox 394 2557 974 2646; baseline -0.003 -21"><span class='ocrx_word' id='word_1_183' title='bbox 394 2560 436 2625; x_wconf 86' lang='lat' dir='ltr'><strong>ad</strong></span> <span class='ocrx_word' id='word_1_184' title='bbox 451 2560 525 2646; x_wconf 86' lang='lat' dir='ltr'><strong>plus</strong></span> <span class='ocrx_word' id='word_1_185' title='bbox 538 2558 613 2644; x_wconf 85' lang='lat' dir='ltr'><strong>plus</strong></span> <span class='ocrx_word' id='word_1_186' title='bbox 628 2565 662 2622; x_wconf 90' lang='lat' dir='ltr'><strong>et</strong></span> <span class='ocrx_word' id='word_1_187' title='bbox 676 2557 719 2622; x_wconf 85' lang='lat' dir='ltr'><strong>ad</strong></span> <span class='ocrx_word' id='word_1_188' title='bbox 732 2558 842 2623; x_wconf 88' lang='lat' dir='ltr'><strong>minus</strong></span> <span class='ocrx_word' id='word_1_189' title='bbox 857 2557 974 2623; x_wconf 86' lang='lat' dir='ltr'><strong>minus.</strong></span> 
     </span>
    </p>
   </div>
   <div class='ocr_carea' id='block_1_6' title="bbox 335 2660 1501 2857">
    <p class='ocr_par' dir='ltr' id='par_1_10' title="bbox 335 2660 1501 2857">
     <span class='ocr_line' id='line_1_24' title="bbox 337 2660 1499 2749; baseline 0.001 -22"><span class='ocrx_word' id='word_1_190' title='bbox 337 2714 343 2727; x_wconf 94' lang='lat'>.</span> <span class='ocrx_word' id='word_1_191' title='bbox 459 2661 644 2727; x_wconf 78' lang='lat' dir='ltr'><strong>‘Galfridus</strong></span> <span class='ocrx_word' id='word_1_192' title='bbox 665 2660 706 2725; x_wconf 89' lang='lat' dir='ltr'><strong>de</strong></span> <span class='ocrx_word' id='word_1_193' title='bbox 730 2662 891 2749; x_wconf 82' lang='lat' dir='ltr'><strong>Symilly³</strong></span> <span class='ocrx_word' id='word_1_194' title='bbox 912 2661 1130 2727; x_wconf 81' lang='lat' dir='ltr'><strong>summonitus</strong></span> <span class='ocrx_word' id='word_1_195' title='bbox 1144 2662 1209 2727; x_wconf 88' lang='lat' dir='ltr'><strong>suit</strong></span> <span class='ocrx_word' id='word_1_196' title='bbox 1229 2662 1272 2726; x_wconf 84' lang='lat' dir='ltr'><strong>ad</strong></span> <span class='ocrx_word' id='word_1_197' title='bbox 1292 2664 1499 2728; x_wconf 81' lang='lat' dir='ltr'><strong>warentizan·</strong></span> 
     </span>
     <span class='ocr_line' id='line_1_25' title="bbox 335 2766 1501 2857; baseline 0.001 -25"><span class='ocrx_word' id='word_1_198' title='bbox 335 2794 341 2806; x_wconf 90' lang='lat'><strong>·</strong></span> <span class='ocrx_word' id='word_1_199' title='bbox 394 2767 473 2833; x_wconf 90' lang='lat' dir='ltr'><strong>dum</strong></span> <span class='ocrx_word' id='word_1_200' title='bbox 497 2768 599 2833; x_wconf 88' lang='lat' dir='ltr'><strong>Elene</strong></span> <span class='ocrx_word' id='word_1_201' title='bbox 625 2766 777 2831; x_wconf 85' lang='lat' dir='ltr'><strong>Priorisse</strong></span> <span class='ocrx_word' id='word_1_202' title='bbox 799 2766 841 2857; x_wconf 81' lang='lat' dir='ltr'><strong>de</strong></span> <span class='ocrx_word' id='word_1_203' title='bbox 863 2767 1091 2832; x_wconf 76' lang='lat' dir='ltr'><strong>Wroekeshale</strong></span> <span class='ocrx_word' id='word_1_204' title='bbox 1108 2768 1135 2853; x_wconf 90' lang='lat' dir='ltr'><strong>j.</strong></span> <span class='ocrx_word' id='word_1_205' title='bbox 1156 2767 1237 2854; x_wconf 83' lang='lat' dir='ltr'><strong>uirg.</strong></span> <span class='ocrx_word' id='word_1_206' title='bbox 1260 2775 1347 2832; x_wconf 87' lang='lat' dir='ltr'><strong>terre</strong></span> <span class='ocrx_word' id='word_1_207' title='bbox 1369 2778 1405 2833; x_wconf 87' lang='lat' dir='ltr'><strong>et</strong></span> <span class='ocrx_word' id='word_1_208' title='bbox 1424 2768 1501 2833; x_wconf 91' lang='lat' dir='ltr'><strong>dim.</strong></span> 
     </span>
    </p>
   </div>
   <div class='ocr_carea' id='block_1_7' title="bbox 391 2870 1506 4094">
    <p class='ocr_par' dir='ltr' id='par_1_11' title="bbox 391 2870 1506 4094">
     <span class='ocr_line' id='line_1_26' title="bbox 394 2870 1502 2958; baseline -0.001 -21"><span class='ocrx_word' id='word_1_209' title='bbox 394 2895 468 2937; x_wconf 92' lang='lat' dir='ltr'><strong>cum</strong></span> <span class='ocrx_word' id='word_1_210' title='bbox 489 2881 569 2958; x_wconf 90' lang='lat' dir='ltr'><strong>pert.</strong></span> <span class='ocrx_word' id='word_1_211' title='bbox 590 2872 625 2936; x_wconf 93' lang='lat' dir='ltr'><strong>in</strong></span> <span class='ocrx_word' id='word_1_212' title='bbox 644 2870 840 2936; x_wconf 84' lang='lat' dir='ltr'><strong>Radesordia</strong></span> <span class='ocrx_word' id='word_1_213' title='bbox 861 2893 942 2957; x_wconf 86' lang='lat' dir='ltr'><strong>ques</strong></span> <span class='ocrx_word' id='word_1_214' title='bbox 963 2880 1056 2937; x_wconf 90' lang='lat' dir='ltr'><strong>tenet</strong></span> <span class='ocrx_word' id='word_1_215' title='bbox 1077 2872 1173 2937; x_wconf 90' lang='lat' dir='ltr'><strong>etde</strong></span> <span class='ocrx_word' id='word_1_216' title='bbox 1193 2894 1231 2936; x_wconf 92' lang='lat' dir='ltr'><strong>eo</strong></span> <span class='ocrx_word' id='word_1_217' title='bbox 1251 2880 1363 2937; x_wconf 88' lang='lat' dir='ltr'><strong>tenere</strong></span> <span class='ocrx_word' id='word_1_218' title='bbox 1382 2873 1502 2938; x_wconf 80' lang='lat' dir='ltr'><strong>clamat</strong></span> 
     </span>
     <span class='ocr_line' id='line_1_27' title="bbox 394 2975 1501 3062; baseline -0.002 -21"><span class='ocrx_word' id='word_1_219' title='bbox 394 2984 429 3041; x_wconf 90' lang='lat' dir='ltr'><strong>et</strong></span> <span class='ocrx_word' id='word_1_220' title='bbox 451 2976 537 3041; x_wconf 90' lang='lat' dir='ltr'><strong>unde</strong></span> <span class='ocrx_word' id='word_1_221' title='bbox 563 2984 686 3041; x_wconf 87' lang='lat' dir='ltr'><strong>cartam</strong></span> <span class='ocrx_word' id='word_1_222' title='bbox 708 2975 867 3039; x_wconf 83' lang='lat' dir='ltr'><strong>Willelmi</strong></span> <span class='ocrx_word' id='word_1_223' title='bbox 888 2975 929 3040; x_wconf 92' lang='lat' dir='ltr'><strong>de</strong></span> <span class='ocrx_word' id='word_1_224' title='bbox 954 2976 1094 3061; x_wconf 85' lang='lat' dir='ltr'><strong>Symilly</strong></span> <span class='ocrx_word' id='word_1_225' title='bbox 1113 2975 1215 3062; x_wconf 86' lang='lat' dir='ltr'><strong>patris</strong></span> <span class='ocrx_word' id='word_1_226' title='bbox 1237 2975 1340 3062; x_wconf 87' lang='lat' dir='ltr'><strong>ipsius</strong></span> <span class='ocrx_word' id='word_1_227' title='bbox 1363 2975 1501 3042; x_wconf 79' lang='lat' dir='ltr'><strong>Gaifridi</strong></span> 
     </span>
     <span class='ocr_line' id='line_1_28' title="bbox 393 3078 1503 3164; baseline 0 -21"><span class='ocrx_word' id='word_1_228' title='bbox 393 3080 485 3143; x_wconf 88' lang='lat' dir='ltr'><strong>cuius</strong></span> <span class='ocrx_word' id='word_1_229' title='bbox 508 3079 601 3143; x_wconf 87' lang='lat' dir='ltr'><strong>heres</strong></span> <span class='ocrx_word' id='word_1_230' title='bbox 622 3079 691 3164; x_wconf 90' lang='lat' dir='ltr'><strong>ipse</strong></span> <span class='ocrx_word' id='word_1_231' title='bbox 714 3086 765 3143; x_wconf 90' lang='lat' dir='ltr'><strong>est</strong></span> <span class='ocrx_word' id='word_1_232' title='bbox 790 3078 892 3144; x_wconf 85' lang='lat' dir='ltr'><strong>habet</strong></span> <span class='ocrx_word' id='word_1_233' title='bbox 916 3088 987 3157; x_wconf 82' lang='lat' dir='ltr'><strong>etc,</strong></span> <span class='ocrx_word' id='word_1_234' title='bbox 1011 3086 1046 3143; x_wconf 89' lang='lat' dir='ltr'><strong>et</strong></span> <span class='ocrx_word' id='word_1_235' title='bbox 1071 3078 1158 3143; x_wconf 86' lang='lat' dir='ltr'><strong>unde</strong></span> <span class='ocrx_word' id='word_1_236' title='bbox 1179 3079 1328 3164; x_wconf 84' lang='lat' dir='ltr'><strong>predicta</strong></span> <span class='ocrx_word' id='word_1_237' title='bbox 1348 3079 1503 3143; x_wconf 83' lang='lat' dir='ltr'><strong>Priorissa</strong></span> 
     </span>
     <span class='ocr_line' id='line_1_29' title="bbox 393 3182 1500 3269; baseline -0.001 -22"><span class='ocrx_word' id='word_1_238' title='bbox 393 3183 541 3268; x_wconf 89' lang='lat' dir='ltr'><strong>queritur</strong></span> <span class='ocrx_word' id='word_1_239' title='bbox 569 3184 656 3268; x_wconf 91' lang='lat' dir='ltr'><strong>quod</strong></span> <span class='ocrx_word' id='word_1_240' title='bbox 684 3182 849 3268; x_wconf 90' lang='lat' dir='ltr'><strong>predictus</strong></span> <span class='ocrx_word' id='word_1_241' title='bbox 879 3182 1044 3247; x_wconf 86' lang='lat' dir='ltr'><strong>Galfridus</strong></span> <span class='ocrx_word' id='word_1_242' title='bbox 1072 3183 1243 3269; x_wconf 84' lang='lat' dir='ltr'><strong>inplacitnt</strong></span> <span class='ocrx_word' id='word_1_243' title='bbox 1272 3183 1307 3247; x_wconf 92' lang='lat' dir='ltr'><strong>in</strong></span> <span class='ocrx_word' id='word_1_244' title='bbox 1343 3183 1500 3248; x_wconf 84' lang='lat' dir='ltr'><strong>comitatu</strong></span> 
     </span>
     <span class='ocr_line' id='line_1_30' title="bbox 392 3274 1502 3373; baseline 0.002 -23"><span class='ocrx_word' id='word_1_245' title='bbox 392 3286 554 3372; x_wconf 85' lang='lat' dir='ltr'><strong>quendam</strong></span> <span class='ocrx_word' id='word_1_246' title='bbox 576 3288 742 3352; x_wconf 85' lang='lat' dir='ltr'><strong>Simonem</strong></span> <span class='ocrx_word' id='word_1_247' title='bbox 762 3288 803 3352; x_wconf 88' lang='lat' dir='ltr'><strong>de</strong></span> <span class='ocrx_word' id='word_1_248' title='bbox 818 3274 1015 3352; x_wconf 83' lang='lat' dir='ltr'><strong>Rudefordia</strong></span> <span class='ocrx_word' id='word_1_249' title='bbox 1035 3294 1203 3353; x_wconf 89' lang='lat' dir='ltr'><strong>tenentem</strong></span> <span class='ocrx_word' id='word_1_250' title='bbox 1225 3287 1328 3373; x_wconf 85' lang='lat' dir='ltr'><strong>ipsius</strong></span> <span class='ocrx_word' id='word_1_251' title='bbox 1348 3288 1502 3352; x_wconf 84' lang='lat' dir='ltr'><strong>Priorisse</strong></span> 
     </span>
     <span class='ocr_line' id='line_1_31' title="bbox 393 3389 1502 3477; baseline -0.002 -23"><span class='ocrx_word' id='word_1_252' title='bbox 393 3398 427 3454; x_wconf 90' lang='lat' dir='ltr'><strong>et</strong></span> <span class='ocrx_word' id='word_1_253' title='bbox 449 3389 553 3477; x_wconf 83' lang='lat' dir='ltr'><strong>exigit</strong></span> <span class='ocrx_word' id='word_1_254' title='bbox 578 3390 620 3455; x_wconf 83' lang='lat' dir='ltr'><strong>ab</strong></span> <span class='ocrx_word' id='word_1_255' title='bbox 644 3412 682 3455; x_wconf 90' lang='lat' dir='ltr'><strong>eo</strong></span> <span class='ocrx_word' id='word_1_256' title='bbox 707 3390 845 3455; x_wconf 87' lang='lat' dir='ltr'><strong>seruicia</strong></span> <span class='ocrx_word' id='word_1_257' title='bbox 867 3398 903 3455; x_wconf 93' lang='lat' dir='ltr'><strong>et</strong></span> <span class='ocrx_word' id='word_1_258' title='bbox 924 3390 1175 3455; x_wconf 87' lang='lat' dir='ltr'><strong>consuetudines</strong></span> <span class='ocrx_word' id='word_1_259' title='bbox 1199 3412 1281 3475; x_wconf 85' lang='lat' dir='ltr'><strong>quas</strong></span> <span class='ocrx_word' id='word_1_260' title='bbox 1306 3391 1409 3455; x_wconf 81' lang='lat' dir='ltr'><strong>facem</strong></span> <span class='ocrx_word' id='word_1_261' title='bbox 1436 3411 1502 3454; x_wconf 92' lang='lat' dir='ltr'><strong>non</strong></span> 
     </span>
     <span class='ocr_line' id='line_1_32' title="bbox 392 3492 1502 3559; baseline 0.002 -2"><span class='ocrx_word' id='word_1_262' title='bbox 392 3492 490 3558; x_wconf 88' lang='lat' dir='ltr'><strong>debet</strong></span> <span class='ocrx_word' id='word_1_263' title='bbox 510 3493 636 3559; x_wconf 88' lang='lat' dir='ltr'><strong>desicut</strong></span> <span class='ocrx_word' id='word_1_264' title='bbox 656 3503 743 3559; x_wconf 87' lang='lat' dir='ltr'><strong>terra</strong></span> <span class='ocrx_word' id='word_1_265' title='bbox 756 3494 813 3559; x_wconf 87' lang='lat' dir='ltr'><strong>illa</strong></span> <span class='ocrx_word' id='word_1_266' title='bbox 834 3494 912 3559; x_wconf 90' lang='lat' dir='ltr'><strong>data</strong></span> <span class='ocrx_word' id='word_1_267' title='bbox 926 3494 990 3559; x_wconf 78' lang='lat' dir='ltr'><strong>suit</strong></span> <span class='ocrx_word' id='word_1_268' title='bbox 1009 3493 1116 3559; x_wconf 91' lang='lat' dir='ltr'><strong>eidem</strong></span> <span class='ocrx_word' id='word_1_269' title='bbox 1137 3492 1290 3558; x_wconf 74' lang='lat' dir='ltr'><strong>Prior-isse</strong></span> <span class='ocrx_word' id='word_1_270' title='bbox 1309 3494 1343 3558; x_wconf 92' lang='lat' dir='ltr'><strong>in</strong></span> <span class='ocrx_word' id='word_1_271' title='bbox 1365 3494 1502 3559; x_wconf 86' lang='lat' dir='ltr'><strong>liberam</strong></span> 
     </span>
     <span class='ocr_line' id='line_1_33' title="bbox 392 3594 1502 3681; baseline 0.001 -23"><span class='ocrx_word' id='word_1_272' title='bbox 392 3616 506 3680; x_wconf 88' lang='lat' dir='ltr'><strong>puram</strong></span> <span class='ocrx_word' id='word_1_273' title='bbox 533 3603 568 3659; x_wconf 90' lang='lat' dir='ltr'><strong>et</strong></span> <span class='ocrx_word' id='word_1_274' title='bbox 593 3603 785 3681; x_wconf 87' lang='lat' dir='ltr'><strong>perpetuam</strong></span> <span class='ocrx_word' id='word_1_275' title='bbox 811 3596 1020 3661; x_wconf 82' lang='lat' dir='ltr'><strong>elemosinam</strong></span> <span class='ocrx_word' id='word_1_276' title='bbox 1048 3596 1161 3681; x_wconf 85' lang='lat' dir='ltr'><strong>quieta</strong></span> <span class='ocrx_word' id='word_1_277' title='bbox 1182 3595 1225 3660; x_wconf 86' lang='lat' dir='ltr'><strong>ab</strong></span> <span class='ocrx_word' id='word_1_278' title='bbox 1251 3595 1340 3659; x_wconf 91' lang='lat' dir='ltr'><strong>omni</strong></span> <span class='ocrx_word' id='word_1_279' title='bbox 1364 3594 1502 3660; x_wconf 64' lang='lat' dir='ltr'><strong>seculmi</strong></span> 
     </span>
     <span class='ocr_line' id='line_1_34' title="bbox 392 3696 1503 3783; baseline 0.002 -22"><span class='ocrx_word' id='word_1_280' title='bbox 392 3697 527 3762; x_wconf 86' lang='lat' dir='ltr'><strong>seruicio</strong></span> <span class='ocrx_word' id='word_1_281' title='bbox 556 3706 591 3763; x_wconf 90' lang='lat' dir='ltr'><strong>et</strong></span> <span class='ocrx_word' id='word_1_282' title='bbox 620 3697 790 3763; x_wconf 74' lang='lat' dir='ltr'><strong>exaccione</strong></span> <span class='ocrx_word' id='word_1_283' title='bbox 821 3706 855 3763; x_wconf 92' lang='lat' dir='ltr'><strong>et</strong></span> <span class='ocrx_word' id='word_1_284' title='bbox 880 3719 939 3783; x_wconf 91' lang='lat' dir='ltr'><strong>per</strong></span> <span class='ocrx_word' id='word_1_285' title='bbox 963 3707 1087 3763; x_wconf 85' lang='lat' dir='ltr'><strong>cartam</strong></span> <span class='ocrx_word' id='word_1_286' title='bbox 1112 3697 1251 3783; x_wconf 89' lang='lat' dir='ltr'><strong>predicti</strong></span> <span class='ocrx_word' id='word_1_287' title='bbox 1276 3696 1434 3761; x_wconf 88' lang='lat' dir='ltr'><strong>Willelmi</strong></span> <span class='ocrx_word' id='word_1_288' title='bbox 1460 3698 1503 3763; x_wconf 86' lang='lat' dir='ltr'><strong>de</strong></span> 
     </span>
     <span class='ocr_line' id='line_1_35' title="bbox 392 3800 1504 3887; baseline 0 -22"><span class='ocrx_word' id='word_1_289' title='bbox 392 3800 635 3865; x_wconf 84' lang='lat' dir='ltr'><strong>confirmacione</strong></span> <span class='ocrx_word' id='word_1_290' title='bbox 655 3812 752 3887; x_wconf 81' lang='lat' dir='ltr'><strong>quum</strong></span> <span class='ocrx_word' id='word_1_291' title='bbox 777 3800 849 3887; x_wconf 84' lang='lat' dir='ltr'><strong>ipsa</strong></span> <span class='ocrx_word' id='word_1_292' title='bbox 870 3802 992 3887; x_wconf 82' lang='lat' dir='ltr'><strong>profert</strong></span> <span class='ocrx_word' id='word_1_293' title='bbox 1014 3809 1050 3865; x_wconf 90' lang='lat' dir='ltr'><strong>et</strong></span> <span class='ocrx_word' id='word_1_294' title='bbox 1074 3822 1139 3886; x_wconf 90' lang='lat' dir='ltr'><strong>que</strong></span> <span class='ocrx_word' id='word_1_295' title='bbox 1165 3800 1226 3864; x_wconf 91' lang='lat' dir='ltr'><strong>hoc</strong></span> <span class='ocrx_word' id='word_1_296' title='bbox 1249 3808 1390 3864; x_wconf 75' lang='lat' dir='ltr'><strong>testetur</strong></span> <span class='ocrx_word' id='word_1_297' title='bbox 1411 3801 1504 3866; x_wconf 87' lang='lat' dir='ltr'><strong>unde</strong></span> 
     </span>
     <span class='ocr_line' id='line_1_36' title="bbox 391 3889 1504 3991; baseline 0.002 -23"><span class='ocrx_word' id='word_1_298' title='bbox 391 3902 587 3968; x_wconf 77' lang='lat' dir='ltr'><strong>deteriorata</strong></span> <span class='ocrx_word' id='word_1_299' title='bbox 605 3911 655 3968; x_wconf 91' lang='lat' dir='ltr'><strong>est</strong></span> <span class='ocrx_word' id='word_1_300' title='bbox 675 3889 734 3969; x_wconf 85' lang='lat' dir='ltr'><strong>etc.</strong></span> <span class='ocrx_word' id='word_1_301' title='bbox 754 3912 788 3969; x_wconf 86' lang='lat' dir='ltr'><strong>et</strong></span> <span class='ocrx_word' id='word_1_302' title='bbox 806 3904 882 3968; x_wconf 87' lang='lat' dir='ltr'><strong>inde</strong></span> <span class='ocrx_word' id='word_1_303' title='bbox 901 3904 1051 3989; x_wconf 89' lang='lat' dir='ltr'><strong>producit</strong></span> <span class='ocrx_word' id='word_1_304' title='bbox 1073 3913 1204 3982; x_wconf 84' lang='lat' dir='ltr'><strong>sectam,</strong></span> <span class='ocrx_word' id='word_1_305' title='bbox 1224 3903 1230 3989; x_wconf 90' lang='grc' dir='ltr'>Ι</span> <span class='ocrx_word' id='word_1_306' title='bbox 1247 3904 1390 3969; x_wconf 82' lang='lat' dir='ltr'><strong>scilicet⁸</strong></span> <span class='ocrx_word' id='word_1_307' title='bbox 1411 3906 1504 3991; x_wconf 89' lang='lat' dir='ltr'><strong>quod</strong></span> 
     </span>
     <span class='ocr_line' id='line_1_37' title="bbox 391 4006 1506 4094; baseline 0 -22"><span class='ocrx_word' id='word_1_308' title='bbox 391 4006 547 4072; x_wconf 85' lang='lat' dir='ltr'><strong>concessit</strong></span> <span class='ocrx_word' id='word_1_309' title='bbox 567 4015 601 4071; x_wconf 91' lang='lat' dir='ltr'><strong>et</strong></span> <span class='ocrx_word' id='word_1_310' title='bbox 621 4007 826 4072; x_wconf 87' lang='lat' dir='ltr'><strong>confirmauit</strong></span> <span class='ocrx_word' id='word_1_311' title='bbox 847 4008 893 4092; x_wconf 91' lang='lat' dir='ltr'><strong>[ei</strong></span> <span class='ocrx_word' id='word_1_312' title='bbox 912 4031 1002 4093; x_wconf 92' lang='lat' dir='ltr'><strong>proJ</strong></span> <span class='ocrx_word' id='word_1_313' title='bbox 995 4008 1001 4021; x_wconf 87' lang='lat'>&#39;</span> <span class='ocrx_word' id='word_1_314' title='bbox 987 4009 1112 4093; x_wconf 86' lang='lat' dir='ltr'><strong>J.libra</strong></span> <span class='ocrx_word' id='word_1_315' title='bbox 1128 4008 1250 4093; x_wconf 88' lang='lat' dir='ltr'><strong>piperis</strong></span> <span class='ocrx_word' id='word_1_316' title='bbox 1263 4006 1430 4073; x_wconf 84' lang='lat' dir='ltr'><strong>reddenda</strong></span> <span class='ocrx_word' id='word_1_317' title='bbox 1444 4030 1506 4094; x_wconf 90' lang='lat' dir='ltr'><strong>per</strong></span> 
     </span>
    </p>
   </div>
   <div class='ocr_carea' id='block_1_8' title="bbox 389 4185 1504 4500">
    <p class='ocr_par' dir='ltr' id='par_1_12' title="bbox 423 4185 1176 4254">
     <span class='ocr_line' id='line_1_38' title="bbox 423 4185 1176 4254; baseline 0.006 -20.139"><span class='ocrx_word' id='word_1_318' title='bbox 423 4186 519 4234; x_wconf 76' lang='grc' dir='ltr'><strong>ιΒ.ιιι</strong></span> <span class='ocrx_word' id='word_1_319' title='bbox 522 4185 580 4236; x_wconf 89' lang='lat'>.1.0</span> <span class='ocrx_word' id='word_1_320' title='bbox 618 4186 741 4236; x_wconf 72' lang='lat' dir='ltr'><strong>Seoarnrb</strong></span> <span class='ocrx_word' id='word_1_321' title='bbox 742 4186 832 4236; x_wconf 75' lang='grc' dir='ltr'>οιοῦι</span> <span class='ocrx_word' id='word_1_322' title='bbox 844 4187 1130 4254; x_wconf 72' lang='lat' dir='ltr'><strong>533.⁸18&#39;miy‚l</strong></span> <span class='ocrx_word' id='word_1_323' title='bbox 1145 4188 1176 4238; x_wconf 96' lang='grc' dir='ltr'><strong>Β.</strong></span> 
     </span>
    </p>

    <p class='ocr_par' dir='ltr' id='par_1_13' title="bbox 389 4206 1504 4448">
     <span class='ocr_line' id='line_1_39' title="bbox 423 4206 1503 4318; baseline 0.006 -20.155"><span class='ocrx_word' id='word_1_324' title='bbox 423 4250 573 4299; x_wconf 80' lang='lat' dir='ltr'><strong>Whensc</strong></span> <span class='ocrx_word' id='word_1_325' title='bbox 546 4250 682 4312; x_wconf 78' lang='lat' dir='ltr'><strong>scutageis</strong></span> <span class='ocrx_word' id='word_1_326' title='bbox 659 4252 919 4316; x_wconf 73' lang='lat' dir='ltr'><strong>utnontyshillings</strong></span> <span class='ocrx_word' id='word_1_327' title='bbox 1001 4206 1138 4304; x_wconf 62' lang='lat' dir='ltr'><strong>⁶iyethh</strong></span> <span class='ocrx_word' id='word_1_328' title='bbox 1139 4254 1310 4317; x_wconf 75' lang='lat' dir='ltr'><strong>tltcetbegius</strong></span> <span class='ocrx_word' id='word_1_329' title='bbox 1321 4268 1410 4304; x_wconf 70' lang='lat' dir='ltr'><strong>aneu</strong></span> <span class='ocrx_word' id='word_1_330' title='bbox 1425 4271 1503 4318; x_wconf 78' lang='lat' dir='ltr'><strong>pm</strong></span> 
     </span>
     <span class='ocr_line' id='line_1_40' title="bbox 389 4315 1504 4448; baseline 0.006 -20"><span class='ocrx_word' id='word_1_331' title='bbox 389 4315 701 4443; x_wconf 55' lang='lat' dir='ltr'><strong>¹¹⁰¹&#39;ttrtffitss</strong></span> <span class='ocrx_word' id='word_1_332' title='bbox 895 4386 904 4409; x_wconf 40' lang='grc' dir='ltr'>ι</span> <span class='ocrx_word' id='word_1_333' title='bbox 967 4318 1218 4433; x_wconf 58' lang='lat' dir='ltr'><strong>{arithm</strong></span> <span class='ocrx_word' id='word_1_334' title='bbox 1212 4318 1504 4448; x_wconf 58' lang='lat' dir='ltr'><strong>trunsum</strong></span> 
     </span>
    </p>

    <p class='ocr_par' dir='ltr' id='par_1_14' title="bbox 422 4444 1097 4500">
     <span class='ocr_line' id='line_1_41' title="bbox 422 4444 1097 4500; baseline 0.006 -7.169"><span class='ocrx_word' id='word_1_335' title='bbox 422 4444 518 4493; x_wconf 90' lang='lat' dir='ltr'><strong>Bm</strong></span> <span class='ocrx_word' id='word_1_336' title='bbox 520 4445 579 4494; x_wconf 87' lang='lat'>..10</span> <span class='ocrx_word' id='word_1_337' title='bbox 967 4448 1055 4497; x_wconf 90' lang='lat' dir='ltr'><strong>noitn</strong></span> <span class='ocrx_word' id='word_1_338' title='bbox 1066 4448 1097 4500; x_wconf 91' lang='lat' dir='ltr'><strong>B.</strong></span> 
     </span>
    </p>
   </div>
   <div class='ocr_carea' id='block_1_9' title="bbox 0 0 1676 5217">
    <p class='ocr_par' dir='ltr' id='par_1_15' title="bbox 0 0 1676 5217">
     <span class='ocr_line' id='line_1_42' title="bbox 0 0 1676 5217; baseline 0 0"><span class='ocrx_word' id='word_1_339' title='bbox 0 0 1676 5217; x_wconf 95' lang='lat' dir='ltr'><strong> </strong></span> 
     </span>
    </p>
   </div>
  </div>
 </body>
</html>
