3342 5217
157 378 277 442 376.

382 62 770 148 desponsata
799 60 1143 127 decesserit
1170 60 1348 147 quod
1387 69 1546 126 tunc
1589 68 1808 126 totum
1849 56 2210 124 manerium
2240 56 2322 124 de
2354 57 2596 124 Chiriel
2696 67 2765 117 [⁵⁶
2780 67 2843 118 ῑι]

379 172 751 230 reuertetur
807 163 892 229 sd
934 163 1143 250 ipsam
1188 163 1579 228 Matillidem
1622 171 1693 228 et
1737 161 1822 227 sd
1864 161 2135 226 heredes
2178 184 2327 226 suos
2369 161 2594 248 quiete

378 265 847 352 inperpetuum
867 266 906 331 ².

510 369 763 435 'Assisa
809 369 992 434 uenit
1035 367 1446 455 recognitum
1497 367 1642 454 quis
1686 367 2043 433 aduocatus
2086 376 2375 454 tempore
2418 367 2596 454 pacis
2696 377 2831 418 Kne-

378 473 785 559 presentauit
844 472 1147 537 ultimam
1205 494 1546 558 personam
1597 481 1720 538 etc.
1765 472 1850 537 ad
1893 472 2227 538 ecclesiam
2271 473 2353 538 de
2398 472 2593 536 Plun·

377 577 564 641 stede
594 597 722 662 que
751 582 944 640 uacat
971 583 1092 640 etc.
1124 574 1313 639 cuius
1351 573 1847 640 aduocacionem
1876 575 2099 640 Abbas
2144 575 2208 640 S.
2239 575 2597 661 Augustini

380 677 736 744 cantuarie
764 677 1001 742 clamat
1030 699 1256 742 uersus
1285 677 1690 742 Willelmum
1720 677 1802 743 de
1836 678 2246 764 Eyneffordia
2273 678 2387 765 qui
2410 678 2595 744 uenit

378 791 452 847 et
495 781 655 847 dicit
698 781 871 868 quod
916 781 1284 846 Willelmus
1325 782 1407 847 de
1453 781 1586 846 Ros
1628 782 1865 847 ultimo
1916 782 2319 868 presentauit
2364 781 2449 847 ad
2490 805 2593 848 ec·

376 885 642 951 clesiam
699 886 782 951 de
834 885 1144 950 Wikham
1205 894 1518 971 tanquam
1575 885 1663 950 ad
1720 885 2057 951 matricem
2116 885 2451 951 ecclesiam
2510 886 2595 951 ad

375 1010 576 1074 quam
606 987 892 1074 pertinet
921 987 1170 1072 capella
1197 987 1279 1052 de
1310 986 1665 1052 Plunstede
1706 995 1776 1053 et
1806 988 1978 1073 quod
2019 987 2157 1074 ipse
2188 988 2595 1074 presentauit

374 1092 465 1157 ad
494 1092 810 1177 capellam
839 1091 920 1156 de
952 1091 1305 1156 Plunstede
1335 1100 1649 1178 tanquam
1673 1091 2113 1177 pertinentem
2137 1091 2222 1156 ad
2243 1091 2595 1170 ecclesiam,

374 1195 633 1260 racione
676 1193 963 1259 custodie
1010 1202 1180 1259 terre
1224 1194 1306 1259 de
1338 1194 1695 1260 Plunstede
1726 1217 1851 1280 que
1884 1203 1985 1259 est
2029 1194 2099 1260 in
2142 1195 2438 1259 custodia
2478 1217 2599 1260 sua

372 1299 633 1365 racione
664 1298 917 1364 heredis
957 1298 1232 1384 predicti
1262 1298 1576 1364 Willelmi
1617 1299 1701 1364 de
1744 1299 1875 1364 Ros
1918 1307 1987 1364 et
2016 1298 2187 1386 quod
2230 1298 2405 1364 idem
2435 1298 2597 1363 Wil-

371 1403 613 1468 lelmus
641 1401 874 1466 ultimo
902 1401 1306 1487 presentauit
1348 1401 1433 1466 ad
1474 1401 1809 1466 ecclesiam
1853 1401 2033 1466 illam
2078 1401 2209 1467 scil.
2240 1401 2595 1467 Dominum

373 1506 625 1570 Lucam
670 1503 1166 1569 Thesaurarium
1210 1502 1325 1589 qui
1368 1503 1451 1568 ad
1496 1503 2048 1589 presentacionem
2093 1527 2279 1570 suam
2310 1504 2439 1570 fuit
2480 1504 2595 1570 ad-

372 1609 614 1674 missus
643 1616 712 1672 et
740 1607 892 1673 inde
921 1606 1106 1693 ponit
1135 1629 1204 1672 se
1234 1629 1429 1693 super
1456 1630 1740 1672 assisam.

512 1711 599 1776 Et
641 1710 866 1775 Abbas
908 1709 1095 1774 uenit
1141 1717 1210 1774 et
1254 1709 1414 1774 dicit
1466 1709 1641 1796 quod
1698 1709 1837 1796 ipse
1896 1709 2133 1775 ultimo
2190 1710 2595 1796 presentauit

373 1811 464 1878 ad
493 1810 765 1877 eandem
796 1807 1129 1874 ecclesiam
1171 1808 1453 1873 eundem
1483 1808 1729 1874 Lucam
1759 1809 1873 1896 qui
1913 1809 1998 1874 ad
2042 1810 2595 1894 presentacionem

373 1931 566 1974 suam
609 1907 736 1972 fuit
779 1906 1096 1971 admissus
1140 1914 1210 1971 et
1253 1906 1334 1971 de
1359 1906 1503 2001 *hoc
1548 1907 1736 1993 ponit
1781 1929 1849 1972 se
1888 1930 2085 1994 super
2133 1908 2415 1974 assisam.
2506 1910 2595 1975 Et

373 2007 529 2074 ideo
558 2005 859 2093 procedat
885 2004 1098 2070 assisa.

512 2104 559 2169 J
561 2115 850 2169 uratores
907 2103 1135 2169 dicunt
1192 2102 1366 2190 quod
1424 2103 1649 2168 Abbas
1710 2104 1775 2169 S.
1829 2104 2187 2190 Augustini
2240 2105 2590 2173 cantuarie
2618 2125 2733 2166 Not·
2747 2126 2858 2176 quod
2874 2125 2911 2166 ⁸¹

378 2207 788 2296 presentauit
817 2208 1142 2294 quendam
1182 2208 1397 2273 Adam
1438 2208 1741 2274 clericum
1781 2209 1866 2274 ad
1904 2210 2238 2276 ecclesiam
2267 2211 2349 2276 de
2390 2211 2591 2276 Plun-
2616 2183 2908 2314 &ffi-

377 2313 566 2379 stede
610 2312 726 2400 qui
767 2312 852 2378 sd
895 2313 1448 2399 presentacionem
1507 2334 1693 2377 suam
1738 2313 1868 2378 suit
1925 2313 2243 2379 admissus
2300 2323 2369 2380 et
2425 2315 2590 2381 obiit
2616 2314 2919 2400 33⁸³&ss

379 2440 655 2506 persona
695 2416 766 2482 in
810 2418 1055 2496 eadem,
1104 2417 1254 2483 ista.⁴
1282 2417 1509 2482 dicunt
1557 2440 1779 2482 omnes
1829 2417 2159 2496 iuratores,
2209 2427 2277 2483 et
2335 2427 2590 2484 mortuo
2616 2405 2892 2538 ῗὲἓιίὲἓξὲ.

2616 2507 2721 2537 som
2826 2511 2919 2548 poo-

377 2521 548 2597 Ada,
576 2520 750 2586 idem
780 2520 1003 2586 Abba-s
1037 2520 1441 2607 presentauit
1470 2520 1554 2584 ad
1584 2519 1917 2585 ecclesiam
1953 2520 2316 2607 predictum
2346 2522 2589 2588 Lucam
2615 2547 2685 2583 to·
2699 2545 2829 2585 mum

376 2630 453 2689 et
481 2622 849 2687 Willelmus
877 2622 959 2687 de
990 2622 1120 2686 Ros
1164 2621 1463 2687 similiter
1505 2621 1820 2686 Thomam
1852 2622 2177 2687 Bloinuill’
2194 2622 2231 2700 ⁸,
2262 2632 2331 2688 et
2366 2633 2591 2710 postea
2616 2596 2917 2732 §ffixffl

377 2726 570 2793 uenit
594 2726 768 2792 idem
786 2726 1153 2791 Willelmus
1175 2735 1243 2791 et
1265 2749 1596 2791 assensum
1619 2727 1881 2813 prebuit
1902 2728 2370 2813 presentacioni
2392 2753 2588 2815 quam
2616 2741 2760 2825 ggffi·
2777 2738 2917 2820 „gg”-

378 2828 608 2894 Abbas
632 2829 870 2893 fecerat
893 2828 974 2893 de
1005 2828 1292 2914 predicto
1315 2828 1493 2893 Luca
1513 2827 1596 2892 ad
1620 2827 2010 2913 peticionem
2034 2829 2281 2894 domini
2304 2831 2589 2897 Huberti
2616 2826 2911 2914 'ffiess‘ssffl

374 2931 737 3010 iusticiarii,
767 2941 848 3018 et·
865 2932 961 2997 ita
990 2933 1116 2997 fuit
1146 2933 1319 2999 idem
1353 2933 1561 2997 Lucas
1588 2932 1908 2997 admissus
1947 2933 2030 2998 ad
2069 2934 2345 2999 eandem
2389 2936 2589 3001 eccle·
2615 2917 2731 3050 {iii}
2742 2919 2919 3051 (ἔξω...

2738 3023 2762 3051 e
2795 3023 2871 3060 per

376 3035 546 3101 siam
566 3034 649 3100 ad
668 3035 1218 3122 presentacionem
1240 3034 1536 3113 Abbatis,
1559 3043 1629 3100 et
1650 3034 1780 3100 ista
1795 3036 2022 3101 dicunt
2040 3060 2261 3102 omnes
2278 3037 2589 3104 iuratores
2616 3057 2695 3095 hoe
2710 3069 2794 3097 non
2812 3070 2875 3100 ro·

377 3148 603 3227 preter
656 3140 1062 3205 Gilebertum
1109 3138 1191 3205 de
1236 3139 1472 3204 Ifeldia
1522 3148 1590 3205 et
1638 3139 1989 3205 Ricardum
2032 3141 2114 3206 de
2168 3142 2433 3228 Gurnay
2475 3143 2589 3229 qui
2616 3105 2887 3201 ἓὲῗῖῧῑῗέοῆπί

377 3241 613 3307 dicunt
643 3241 814 3328 quod
843 3242 1017 3308 idem
1048 3243 1257 3307 Lucas
1286 3242 1414 3307 fuit
1454 3242 1773 3308 admissus
1814 3243 1898 3307 ad
1939 3244 2212 3309 eandem
2256 3246 2588 3311 ecclesiam
2614 3196 2917 3334 gffiffirf‘m,

376 3345 638 3412 tamad
665 3345 1216 3432 presentacionem
1245 3347 1519 3433 predicti
1550 3348 1865 3413 Willelmi
1893 3371 2089 3434 quam
2117 3348 2139 3379 ⁶
2156 3348 2450 3415 Abbatis„
2614 3348 2750 3471 a&
2767 3396 2915 3472 xm*

2615 3480 2727 3517 tetur
2744 3479 2832 3519 olus

2615 3530 2878 3572 pren-nutus

449 3581 469 3614 ¹
503 3583 563 3632 de
584 3583 707 3631 aliis
730 3583 992 3633 heredibus
1004 3583 1227 3646 predicti
1241 3585 1434 3634 Johan-
1600 3585 1623 3618 ⁴
1655 3585 1738 3634 On
1761 3585 1798 3635 f.
1820 3585 1937 3644 241,
1960 3585 2186 3635 Bracton
2208 3588 2331 3647 puts
2352 3584 2461 3647 just
2483 3585 2589 3636 this
2614 3573 2895 3667 g‘ffimffnffl?

373 3649 483 3707 πίε,
531 3648 575 3695 A
629 3646 775 3705 adda,
819 3647 925 3696 and
966 3648 1093 3697 then
1144 3654 1250 3697 sets
1293 3648 1434 3698 forth
1536 3664 1654 3699 case
1678 3649 1783 3699 and
1805 3649 2011 3699 decides
2032 3651 2076 3699 it
2098 3649 2155 3698 in
2190 3649 2297 3711 just
2319 3650 2427 3699 this
2447 3667 2586 3714 way3
2614 3668 2870 3707 autumna

374 3711 525 3762 what
567 3711 733 3774 Roget
776 3712 880 3761 and
913 3712 1131 3764 matilda
1162 3713 1219 3764 in
1253 3717 1431 3764 return
1534 3717 1657 3778 quia
1680 3717 1827 3764 aliud
1847 3724 1920 3766 est
1941 3718 2183 3765 assentire
2213 3724 2262 3766 et
2294 3717 2444 3765 aliud
2474 3730 2585 3767 con-

375 3775 605 3830 concede
626 3779 681 3826 to
703 3777 861 3829 John.
1533 3782 1736 3830 sentire.

451 3843 472 3873 ²
505 3841 566 3890 A.
590 3856 660 3893 m.
687 3844 736 3890 2.
1598 3845 1620 3876 ³
1655 3844 1850 3908 Supply
1873 3847 1941 3895 ad
1955 3848 2396 3909 presentaciomm,
2428 3847 2486 3896 Δ.

449 3906 471 3938 ³
503 3906 780 3968 Blumuill‘,
808 3907 868 3957 A.
