3342 5217
436 330 669 391 urcnxnmms,
692 328 755 377 nn.
781 316 875 390 1231,
897 329 960 379 an
985 318 1123 381 15-16.
1266 316 1330 387 507

225 504 331 569 eidem
360 504 462 569 Priori
485 513 519 569 et
547 501 734 569 Conuentui
759 500 800 566 de
826 500 986 587 Markeby
1008 502 1189 587 predictam
1211 511 1331 569 terram

224 606 399 672 tenendam
425 606 460 670 in
484 628 599 691 puram
623 612 657 669 et
680 612 873 690 perpetuam
896 604 1105 668 elemosinam
1128 628 1187 691 per
1209 616 1332 671 cartam

224 734 316 776 suam
331 734 429 798 quam
444 711 520 775 inde
535 710 644 786 habet,
659 716 693 773 et
709 708 795 773 unde
811 708 960 795 queritur
973 708 1059 793 quod
1074 709 1242 797 distringit
1255 731 1331 775 eum

224 814 266 878 ad
289 814 472 879 faciendum
497 822 619 879 sectam
642 812 684 877 ad
707 812 830 877 curiam
853 812 956 898 ipsius
978 813 1117 889 Ricardi,
1131 823 1166 879 et
1185 824 1334 901 preterea

223 917 390 983 distrinxit
405 940 481 983 eum
496 940 554 1004 pro
569 940 597 981 v.
614 916 770 1003 scutagiis
789 916 839 981 ita
860 916 947 1002 quod
968 916 1079 981 aueria
1100 940 1160 981 sua
1182 919 1334 984 uendidit

223 1028 258 1083 et
272 1020 445 1106 aliquando
460 1020 603 1085 detinuit
618 1020 653 1084 in
668 1018 783 1105 parc0¹
800 1043 903 1105 nsque
917 1020 959 1084 ad
974 1028 1112 1103 mortem
1134 1022 1221 1086 unde
1241 1023 1331 1087 dete-

224 1123 362 1188 rioratur
376 1133 411 1188 et
425 1124 605 1209 dampnum
626 1124 727 1189 habet
748 1133 818 1201 etc,
834 1133 869 1188 et
890 1125 974 1189 bene
996 1124 1077 1189 dicit
1098 1125 1185 1210 quod
1205 1144 1334 1211 semper

224 1228 288 1291 luit
302 1228 434 1313 quietus
448 1226 488 1291 de
505 1225 660 1291 forinseco
676 1234 710 1291 et
724 1227 797 1291 aliis
817 1226 964 1291 seruiciis
978 1248 1082 1312 usque
1097 1228 1139 1291 ad
1153 1248 1304 1314 guerram
1312 1230 1332 1307 ²,

223 1340 258 1396 et
272 1331 348 1396 inde
363 1331 456 1417 ponit
472 1352 506 1395 se
522 1353 620 1416 super
639 1332 786 1417 patriam.
833 1332 878 1395 Et
897 1354 995 1417 super
1016 1332 1076 1396 hoc
1099 1332 1190 1396 Prior
1210 1334 1333 1417 profert

222 1445 345 1501 cartam
374 1436 530 1500 Willelmi
553 1435 594 1500 de
622 1436 723 1521 Percy
747 1436 959 1500 antecessoris
984 1436 1086 1522 ipsius
1111 1436 1242 1501 Ricardi
1267 1455 1332 1522 que

222 1549 364 1606 testatur
377 1542 462 1627 quod
478 1542 546 1627 ipse
562 1542 718 1606 concessit
737 1550 770 1605 et
791 1540 997 1605 confirmauit
1019 1549 1127 1606 totum
1149 1541 1331 1606 dominium

222 1646 309 1731 quod
331 1644 498 1711 Joellenus
525 1645 642 1710 habuit
668 1646 703 1709 in
733 1644 952 1729 Frumthorpe
977 1644 1043 1709 scil.
1068 1644 1104 1708 in
1127 1645 1270 1730 pomario
1296 1653 1331 1710 et

222 1748 257 1813 in
280 1756 367 1813 terra
388 1772 486 1835 quam
507 1748 624 1813 babuit
639 1748 674 1811 in
690 1745 853 1811 dominio⁸
868 1747 903 1810 in
917 1747 998 1811 uilla
1012 1754 1047 1812 et
1061 1757 1155 1811 extra
1168 1748 1282 1812 uillam
1296 1757 1333 1813 et

222 1852 320 1917 totlt⁴
335 1852 484 1917 Leuerici
498 1860 532 1917 et
548 1852 771 1917 molendinum
786 1858 821 1915 et
836 1872 1006 1916 commune
1029 1852 1186 1937 pabulum
1204 1852 1239 1917 in
1253 1874 1331 1938 agro

222 1963 257 2018 et
271 1963 364 2040 prato
379 1954 512 2019 ecclesie
529 1954 560 2019 S.
576 1954 666 2019 Petri
681 1954 722 2018 de
738 1953 895 2039 Merkeby
909 1962 945 2017 et
959 1953 1119 2018 canonicis
1133 1954 1255 2018 ibidem
1270 1955 1331 2019 deo

221 2056 416 2144 degentibus
438 2058 524 2121 sicut
543 2057 692 2121 Jobellus
713 2064 747 2122 et
768 2057 909 2121 Thomas
923 2057 1016 2121 heres
1031 2078 1109 2121 suus
1123 2057 1155 2121 ei
1169 2056 1330 2145 dederunt

221 2160 256 2224 in
271 2159 406 2223 liberam
422 2158 628 2223 elemosinam
644 2159 745 2224 libere
760 2167 794 2223 et
810 2159 921 2244 quiete
941 2158 1104 2224 reddendo
1126 2179 1185 2244 per
1205 2180 1329 2223 annum

222 2262 276 2349 xij.
292 2264 347 2327 sol.
363 2284 421 2348 pro
436 2263 524 2327 omni
539 2263 674 2328 seruicio
690 2264 786 2327 Teste
801 2270 862 2327 etc.

287 2366 332 2430 Et
362 2366 519 2431 Ricardus
547 2388 606 2452 per
634 2374 837 2431 ottomatum
863 2388 960 2430 suum
986 2367 1080 2431 uenit
1105 2375 1150 2431 et·
1166 2368 1330 2455 cognoscit

220 2478 344 2535 cartam
359 2477 393 2534 et
408 2469 488 2534 dicit
503 2469 589 2555 quod
609 2470 702 2535 heres
724 2471 886 2558 Drogonis
908 2472 948 2535 de
971 2472 1084 2537 Monte
1106 2472 1329 2536 Acutotenet

220 2573 351 2639 feodum
373 2573 455 2638 illud
476 2574 518 2639 de
540 2574 675 2639 eodem⁶
694 2582 729 2638 et
751 2573 838 2660 quod
858 2574 936 2639 fecit
955 2575 986 2639 ei
1000 2575 1076 2639 inde
1092 2576 1278 2660 homagium
1293 2584 1328 2639 et

220 2677 379 2743 releuium
402 2685 437 2743 et
458 2678 557 2743 debet
579 2678 611 2743 ei
634 2698 692 2764 per
715 2701 838 2743 annum
863 2679 1037 2744 seruicinm
1063 2687 1154 2744 sexte
1179 2680 1282 2765 partis
1301 2680 1328 2765 j.

220 2780 336 2845 militis
351 2789 384 2845 et
399 2781 482 2845 bene
498 2781 662 2868 cognoscit
677 2781 764 2867 quod
778 2781 946 2845 distrinxit
967 2781 1108 2847 eundem
1131 2782 1274 2847 Priorem
1293 2790 1329 2847 et

219 2883 402 2970 predictum
418 2883 548 2949 feodum
563 2904 621 2969 pro
636 2883 790 2969 predictis
804 2883 969 2949 forinsecis
983 2884 1134 2949 seruiciis

285 2986 331 3049 Et
346 2985 437 3050 Prior
451 2985 532 3051 dicit
546 2985 632 3071 quod
649 3005 708 3071 per
726 2994 850 3050 cartam
870 2985 1008 3071 predicti
1022 2986 1180 3049 Willelmi
1201 3007 1329 3073 semper

219 3089 284 3154 fnit
299 3089 368 3176 ipse
390 3089 522 3175 quietus
541 3090 582 3155 de
605 3089 741 3154 seruicio
763 3089 918 3154 forinseco
940 3089 1041 3155 donec
1063 3090 1229 3154 distrinxit
1251 3110 1326 3155 eum

218 3217 277 3280 pro
304 3218 331 3258 v.
358 3195 514 3281 scutagiis
539 3195 588 3259 ita
613 3195 700 3280 quod
729 3193 841 3259 aueria
869 3216 929 3258 sua
957 3194 1107 3259 uendidit
1136 3203 1171 3258 et
1199 3202 1329 3259 mortua

219 3300 353 3363 fuerunt
367 3298 403 3363 in
417 3322 513 3384 parco
527 3322 586 3385 per
600 3298 687 3384 quod
702 3298 819 3362 habuit
834 3297 1016 3383 predictum
1030 3297 1217 3383 dampnum
1408 3364 1412 3370 ,

284 3402 329 3467 Et
348 3403 506 3467 Ricardus
529 3403 676 3489 quesitus
696 3402 724 3467 si
738 3402 821 3466 uelit
836 3424 955 3488 ponere
970 3422 1004 3467 se
1019 3425 1116 3487 super
1130 3402 1270 3487 patriam
1285 3403 1326 3468 de
1339 3410 1478 3505 ffiffloe

217 3506 365 3592 predicta
379 3506 565 3592 quietancia
579 3506 659 3571 dicit
675 3505 761 3592 quod
782 3528 848 3569 non
870 3514 905 3569 et
927 3506 1090 3592 quianon
1111 3506 1186 3570 uult
1207 3526 1326 3591 ponere
1339 3506 1460 3598 ξξξξζξζζ

217 3632 253 3674 se
282 3631 381 3695 super
408 3610 548 3694 patriam
579 3608 620 3674 de
647 3608 833 3694 quietancia
858 3628 918 3672 nec
946 3608 1070 3693 aliquid
1097 3608 1239 3673 ostendit
1264 3610 1327 3674 nisi
1339 3597 1484 3691 ml&

218 3712 398 3798 simplicem
422 3735 535 3791 uocem
560 3735 652 3777 suam
677 3720 710 3777 et
735 3712 898 3799 cognoscit
923 3720 1054 3790 cartam,
1079 3712 1326 3777 Consideratum
1338 3690 1479 3783 iri-immilem

217 3823 269 3881 est
294 3816 380 3901 quod
406 3816 447 3880 de
471 3824 578 3879 cetero
601 3838 666 3880 non
690 3814 866 3901 distringat
887 3814 1027 3878 eundem
1052 3814 1195 3879 Priorem
1219 3822 1269 3879 set
1290 3838 1325 3879 se
1338 3792 1490 3915 ffiffffl

216 3919 325 4005 capiat
351 3920 392 3984 ad
418 3919 571 3985 heredem
595 3919 733 4005 predicti
758 3919 919 4005 Drogonis
945 3919 973 3983 si
994 3919 1144 3996 noluerit,
1166 3928 1201 3984 et
1222 3920 1266 3985 sit
1291 3921 1326 3985 in
1339 3922 1469 3971 mmm*

218 4022 436 4087 misericordia
458 4022 535 4108 quia
557 4022 602 4086 sic
624 4043 700 4087 eum
722 4021 1127 4098 distrinxit,etRica1dus
1149 4022 1327 4088 satisfaciat

250 4151 260 4183 ¹
277 4148 310 4199 In
322 4149 366 4199 the
376 4148 473 4212 pound.
828 4150 839 4182 ⁵
856 4148 955 4211 Supply
965 4151 1077 4198 Ricardo
1089 4149 1131 4213 (ἲ).
1165 4149 1220 4199 Tho
1231 4150 1288 4200 heir
1299 4154 1329 4201 of

250 4216 261 4247 ²
277 4215 332 4263 The
343 4214 403 4264 civil
415 4230 466 4263 war
478 4214 637 4266 or1215-7.
796 4214 883 4275 Drogo
899 4214 923 4262 is
939 4229 1027 4263 mosne
1049 4214 1162 4265 between
1184 4215 1230 4266 the
1251 4216 1326 4266 Prior

249 4280 313 4329 ³Or
324 4281 455 4330 dominico.
797 4279 851 4329 and
862 4278 1073 4341 RioharlPercy.

250 4346 260 4378 ⁴
278 4345 349 4393 Corr.
363 4347 418 4407 rost,
431 4344 475 4393 the
488 4344 535 4394 site
547 4345 576 4394 ol
591 4344 745 4406 abuilding.
