3342 5217
362 356 425 421 422
659 371 795 437 marna,
817 370 882 422 an.
907 360 1000 435 1231,
1022 374 1088 425 ιι
1112 363 1160 423 15.

362 543 546 611 Willelmus
561 544 707 611 Medicus
721 544 756 610 in
771 546 990 613 misericordia
1008 548 1119 614 nullus
1135 546 1264 635 plegius
1278 548 1355 634 quia
1368 546 1470 612 breue

361 648 402 715 de
417 656 505 715 recto
520 648 602 715 ιιο.ι
645 650 691 714 Ει
705 648 873 715 sciendum
893 650 980 737 quod
998 651 1128 739 loquela
1147 654 1256 739 posita
1275 652 1341 717 fuit
1361 673 1471 717 coram

360 752 546 821 iusticiariia
561 776 599 819 eo
614 752 700 841 quod
716 753 882 840 predictus
896 754 1081 822 Willelmua
1100 757 1132 821 le
1152 758 1229 823 Pele
1251 755 1368 823 habuit
1387 755 1472 820 ciro-

360 856 521 944 graphum
536 858 658 923 lactum
673 856 709 922 in
723 857 813 923 curia
827 857 925 925 Dom.
940 859 1041 947 Regis
1055 860 1137 925 otc*

305 1004 312 1019 .
427 958 560 1047 Agatha
573 959 642 1024 filia
655 958 754 1025 Alani
771 959 813 1026 de
834 961 866 1027 S.
883 960 1022 1049 Georgia
1044 962 1198 1050 cognouit
1218 986 1324 1029 coram
1346 960 1473 1028 iustici-

253 1068 267 1097 ⁰
361 1062 439 1129 ariis
453 1062 540 1149 quod
554 1063 710 1129 concessit
726 1064 846 1129 Briano
859 1064 901 1130 de
915 1065 1030 1129 Insula
1043 1066 1130 1152 quod
1148 1088 1214 1131 non
1233 1066 1356 1132 uendet
1375 1064 1472 1130 dabit

363 1166 417 1231 uel
430 1166 587 1232 alienabit
601 1165 725 1252 aliquid
740 1167 781 1231 de
796 1166 978 1232 hereditate
993 1189 1053 1232 sua
1066 1190 1130 1254 que
1142 1168 1173 1233 ei
1187 1168 1353 1234 descendit
1367 1169 1423 1233 uel
1438 1168 1472 1233 ei

362 1268 555 1335 descendere
577 1270 698 1357 poterit
720 1270 790 1335 iure
812 1270 1008 1336 hereditario
1027 1270 1097 1335 sine
1116 1294 1273 1336 consensu
1288 1280 1323 1336 et
1336 1271 1473 1337 consilio

362 1380 397 1437 et
408 1373 579 1438 uoluntate
595 1372 697 1459 ipsius
708 1372 828 1449 Briani‚
838 1381 874 1437 et
884 1373 913 1438 si
923 1373 1007 1437 sorte
1018 1382 1166 1458 oporteat
1176 1373 1280 1459 ipsam
1291 1373 1473 1439 necessario

362 1477 504 1563 aliquam
519 1486 638 1543 terram
653 1476 695 1541 de
710 1475 865 1563 predictis
878 1476 973 1541 terris
988 1475 1129 1541 uendere
1143 1475 1220 1543 dare
1231 1476 1285 1541 uel
1295 1475 1359 1541 alio
1373 1476 1473 1540 modo

362 1579 504 1645 alienare
525 1579 608 1643 nulli
622 1578 746 1644 homini
761 1579 796 1644 in
810 1578 933 1644 mundo
952 1578 1015 1643 nisi
1033 1578 1096 1664 ipsi
1110 1578 1249 1643 Brian0⁸
1263 1579 1341 1644 dum
1356 1587 1472 1644 tamen

362 1682 432 1769 ipse
447 1689 577 1747 tantum
592 1681 669 1747 dare
684 1681 825 1746 uoluerit
840 1690 1000 1768 quantum
1014 1682 1132 1769 aliquis
1145 1682 1236 1747 aliua

305 1839 312 1851 .
427 1786 587 1853 Unfridus
608 1785 649 1851 de
671 1785 884 1879 Prestelegha
901 1785 1109 1851 athachiatus
1130 1786 1193 1851 fuit
1213 1785 1255 1851 ad
1273 1784 1472 1871 responden·

305 1914 311 1925 ·
362 1890 465 1956 dum⁴
480 1890 560 1956 Orco
574 1911 674 1975 quare
690 1888 790 1953 traxit
805 1911 881 1954 eum
895 1888 931 1954 in
945 1889 1103 1976 placitum
1122 1890 1157 1954 in
1171 1890 1263 1955 curia
1274 1889 1472 1955 cristianita-

200 2736 256 2776 Nota
250 2735 320 2823 quod

199 2784 325 2917 liciat?

198 2924 302 2975 ψιιιιι
287 2925 323 2965 ιιι

199 2982 294 3104 pallatio
271 2983 336 3059 onim

198 3064 285 3153 actorli¹

361 1995 405 2059 ιιι
427 1994 468 2059 de
490 1993 615 2059 catallis
636 2016 699 2079 que
722 2016 786 2058 non
808 2002 886 2059 sunt
908 2002 967 2060 etc
991 2002 1104 2059 contra
1123 2002 1192 2071 ιιο,
1214 2001 1250 2060 ιι
1271 1993 1357 2057 unde
1379 1992 1470 2058 idem

363 2097 549 2163 Gilebertus
572 2096 721 2182 queritur
742 2095 829 2182 quod
851 2096 1058 2182 inplacitauit
1081 2119 1156 2162 eum
1180 2118 1286 2161 coram
1310 2094 1472 2181 Episcopo

363 2199 527 2265 Castrensi
549 2206 583 2263 et
605 2197 703 2284 petiit
723 2198 765 2263 ab
785 2220 823 2263 eo
841 2198 866 2284 j
881 2221 976 2264 marc
992 2207 1125 2286 propter
1145 2198 1232 2285 quod
1254 2197 1472 2263 deterioratus

362 2312 412 2369 ιιι
427 2312 487 2368 etc.

427 2407 472 2472 Et
485 2405 646 2473 Unfn'dus
666 2406 759 2471 uenit
777 2414 812 2472 et
827 2405 974 2472 defendit
988 2406 1075 2492 quod
1089 2427 1257 2492 nunquam
1270 2412 1345 2491 post
1359 2404 1470 2490 prohi-

362 2510 523 2577 bicionem
544 2510 647 2576 traxit
668 2532 744 2576 eum
766 2510 802 2575 in
823 2510 982 2596 placitum
1001 2517 1036 2574 et
1053 2518 1202 2596 preterea
1215 2508 1244 2574 si
1257 2507 1471 2594 inplacitatua

362 2613 469 2679 fuit⁵
460 2614 599 2679 incuria
613 2613 837 2679 cristianitatis
852 2612 913 2679 hoc
927 2612 991 2677 fuit
1005 2635 1064 2700 per
1083 2613 1190 2699 ipsum
1211 2612 1416 2677 Gilcbertum
1434 2620 1472 2677 et

361 2740 476 2783 uerum
491 2717 566 2783 uult
583 2716 697 2783 dicere.
741 2716 927 2803 Aliquando
946 2739 1060 2781 reuera
1080 2716 1179 2804 petiit
1199 2716 1287 2781 idem
1308 2715 1472 2781 Unfn'dus

361 2844 468 2887 coram
490 2821 634 2887 Officiale
648 2820 877 2887 Archidiaconi
899 2820 1081 2887 Castrensis
1102 2821 1145 2886 ab
1167 2820 1280 2886 codem
1301 2819 1471 2885 Gileberto

314 2924 473 3021 decem
493 2948 588 2991 marc
609 2933 644 2990 et
664 2924 829 3043 pendente
852 2925 910 2990 lite
932 2926 1011 3012 quia
1030 2926 1195 3012 puplicate
1216 2932 1310 2990 erant
1330 2932 1472 2989 attesta-

362 3030 470 3095 ciones
483 3030 553 3095 aine
573 3030 739 3116 presencia
760 3028 863 3115 ipsius
886 3028 1316 3116 Gileberti,apellauit1pse
1336 3050 1471 3113 prasen-

362 3132 446 3197 ciam
461 3131 613 3219 Episcopi
633 3132 813 3199 Castrensis
833 3140 868 3196 et
888 3154 994 3196 coram
1014 3154 1053 3197 ιο
1073 3131 1109 3196 in
1131 3139 1262 3196 tantum
1282 3152 1469 3216 proccoeum

362 3237 427 3303 fuit
441 3236 528 3323 quod
542 3237 671 3322 loquela
689 3236 866 3301 terminata
885 3236 949 3301 fuit
968 3243 1003 3303 ct
1022 3234 1262 3301 sentencialiter
1282 3232 1473 3299 adiudicata

362 3338 426 3404 fuit
447 3338 554 3405 eidem
576 3338 715 3404 Unlrido
737 3360 804 3403 una
824 3360 934 3402 marca
953 3337 1084 3403 nomine
1103 3359 1326 3423 expensarum,
1339 3344 1376 3401 et
1389 3336 1473 3423 qnia

361 3442 430 3528 ipse
453 3442 639 3507 Gilebertus
658 3464 723 3507 non
740 3441 899 3507 satisfecit
912 3441 945 3506 ei
959 3440 1000 3507 de
1015 3440 1164 3527 expensis
1178 3440 1266 3505 idem
1281 3438 1471 3505 Gilebertus

360 3546 657 3611 excommunicatus
672 3545 736 3610 fuit
751 3553 786 3610 et
800 3544 967 3610 districtus
982 3543 1024 3609 ad
1038 3543 1233 3610 solucionem
1245 3552 1280 3609 et
1294 3542 1382 3609 unde
1395 3542 1470 3629 ipae

361 3658 440 3714 tunc
469 3648 600 3713 demum
631 3648 709 3712 tulit
739 3648 850 3712 literas
875 3648 970 3712 Dom.
993 3646 1093 3735 Regis
1119 3646 1354 3733 prohibitorias,
1380 3646 1471 3711 etsi

359 3752 491 3839 aliquod
516 3752 674 3839 placitum
700 3752 763 3817 fuit
793 3751 828 3817 in
857 3751 947 3816 curia
975 3749 1198 3816 cristianitatis
1227 3749 1287 3814 hoc
1316 3748 1381 3813 luit
1409 3770 1473 3835 per

392 3880 402 3913 ¹
419 3880 451 3929 In
463 3894 479 3929 ι
493 3878 551 3929 writ
566 3878 595 3930 ol
608 3878 678 3942 right
695 3894 744 3929 cna
760 3878 822 3929 does
839 3883 887 3929 not
969 3877 1097 3942 ⁴Supply
1108 3879 1244 3929 Gihterto.

360 3944 416 3995 dud
431 3944 534 4008 pledges
550 3948 577 3993 to
593 3948 742 4008 prosecute;
769 3960 798 3993 sc
815 3942 887 3995 thare
969 3944 1035 4006 *sur
1027 3942 1189 4006 i.trepeated

359 4024 402 4060 ars
413 4024 448 4059 nc
459 4009 561 4086 pledges
571 4014 599 4059 ιο
611 4008 641 4058 be
652 4008 777 4059 amerced.
969 4007 981 4040 ⁶
998 4008 1032 4058 So
1047 4007 1170 4069 Bracton,
1184 4007 1203 4057 l.
1214 4008 1272 4057 408.
1305 4004 1361 4056 rna
1376 4005 1469 4057 defan-

391 4073 506 4124 ΤιιιιΙ
499 4090 522 4125 ιι
538 4088 615 4125 cause
635 4075 675 4124 lor
693 4074 825 4135 removing
842 4073 887 4124 tha
937 4072 1030 4124 dant*
1022 4088 1052 4123 ιιι
1069 4071 1115 4122 the
1137 4070 1320 4121 ecclesiastical
1341 4070 1395 4123 snit
1417 4072 1472 4123 has

359 4139 446 4190 action
459 4140 524 4188 from
542 4139 586 4190 the
601 4142 697 4201 scanty
708 4142 781 4189 court
796 4144 824 4189 ιι
841 4138 886 4189 the
937 4138 1014 4188 made
1030 4137 1138 4187 himself
1151 4136 1266 4199 plaintill
1280 4136 1315 4199 by
1329 4136 1472 4201 appealing

359 4204 458 4255 tsnant’
460 4219 473 4253 s
483 4204 611 4255 instance.
937 4204 1004 4253 from
1016 4202 1062 4252 the
1072 4202 1242 4253 archdeacon’
1244 4217 1257 4250 ι
1267 4201 1362 4251 official
1375 4206 1406 4251 to
1422 4202 1471 4253 tha

390 4270 440 4319 *Α
461 4270 521 4319 verb
549 4269 572 4319 is
594 4268 718 4331 wanting.
751 4268 832 4318 Briau
854 4268 885 4319 de
936 4267 1029 4331 bishop
1047 4267 1100 4317 and
1117 4266 1225 4331 thareby
1236 4265 1385 4316 disentitled
1399 4266 1470 4317 hirn-

358 4334 618 4385 L'Ialaiatohavea
633 4333 702 4397 right
716 4334 746 4384 ol
760 4348 885 4398 pra-amp·
935 4334 1014 4448 iiii·
1011 4337 1039 4383 tc
1065 4346 1107 4449 33
1109 4283 1278 4396 prohibilioa.
1312 4330 1381 4381 rita
1404 4334 1470 4383 Pro·

358 4399 423 4450 tion.
953 4414 962 4447 ι
980 4414 1054 4459 ιοιοιι
