3342 5217
236 88 270 152 in
294 88 439 177 soccegio
464 98 499 154 et
521 110 602 175 quas
627 97 662 152 et
687 96 826 174 quantes
851 110 910 174 per
938 88 1111 153 seruicinm
1137 88 1285 166 militare,
1311 97 1346 153 et

236 200 348 257 utrum
363 199 449 256 terre
464 214 545 278 quas
559 190 668 256 tenuit
682 190 718 255 in
732 190 877 276 soccagio
889 192 1022 256 fuerunt
1031 190 1083 255 ius
1094 190 1196 277 ipsius
1211 190 1346 256 Robcrti

236 296 291 360 uel
313 295 475 382 Mergens
503 295 611 361 uxoris
636 317 704 373 sue,
725 302 760 359 et
782 294 1029 381 inquisicionem
1056 294 1167 359 uenire
1191 293 1289 359 faciat
1311 294 1347 358 in

237 399 307 464 Oct.
325 399 356 464 S.
373 398 460 463 Trin.
475 421 535 485 per
549 398 676 463 litteras
690 405 726 462 et
739 419 799 483 per
817 398 898 463 duos
921 406 979 463 etc.
1026 398 1104 463 Post
1126 398 1219 464 uenit
1240 398 1347 486 inqui-

234 502 314 567 sicio
328 502 364 567 in
382 503 453 568 Oct.
470 511 531 568 etc.
547 525 609 589 que
630 502 706 566 talis
727 510 778 566 est
800 501 887 587 quod
909 502 1072 587 Robertus
1093 502 1180 567 filius
1195 503 1348 568 Wakclin

237 606 346 671 tenuit
360 606 394 671 in
410 606 598 693 Egingtona
611 604 824 669 medietatem
839 603 985 669 eiusdem
1000 604 1078 669 uille
1093 605 1257 670 reddendo
1271 605 1347 671 inde

236 710 406 775 annuatim
426 734 477 775 xa
493 710 548 775 sol.
569 731 633 795 pro
650 708 800 773 omnibus
821 709 918 773 rebus
940 717 974 773 et
996 709 1141 775 seruiciis
1162 711 1348 776 Alexandro
1412 696 1422 711 ⁸

237 813 430 893 Haunselin,
447 821 482 879 et
497 813 585 878 idem
599 810 786 876 Alexander
799 811 891 875 dedit
906 811 1069 876 redditum
1085 812 1214 877 illorum
1228 836 1279 878 xx.
1292 814 1348 880 sol.

237 914 272 980 in
286 914 496 1001 maritagium
511 914 676 979 Willelmo
696 913 737 977 de
758 912 975 1000 Kudingtona
996 937 1069 978 cum
1094 915 1260 980 Lescelina
1281 916 1347 981 filia

236 1039 296 1081 sua
324 1040 462 1103 quorum
491 1016 625 1081 heredes
654 1015 838 1101 predictum
863 1015 1028 1080 redditum
1056 1016 1097 1081 ad
1122 1017 1208 1083 hunc
1231 1026 1347 1084 tenent

236 1121 367 1186 nomine
394 1120 567 1206 maritagii.
611 1119 737 1184 Dicunt
760 1118 863 1184 eciam
889 1118 976 1205 quod
997 1120 1162 1206 predictus
1184 1122 1346 1188 Robertus

237 1224 346 1287 tenuit
368 1231 517 1308 quartam
540 1229 667 1307 partem
690 1220 835 1285 eiusdem
860 1221 937 1286 uille
961 1244 1019 1307 per
1038 1223 1226 1288 seruicium¹
1242 1234 1280 1290 ut
1295 1225 1346 1291 ius

237 1334 271 1390 et
286 1326 502 1391 hereditatem
518 1324 627 1388 uxoris
642 1345 779 1409 sueque
794 1324 859 1388 fuit
874 1324 942 1389 filia
951 1325 1107 1390 Willelmi
1118 1326 1159 1391 de
1170 1326 1347 1395 Grenduna

237 1451 300 1515 que
314 1429 442 1493 nullum
458 1428 559 1492 alium
574 1427 692 1492 habuit
707 1428 860 1492 heredem
876 1428 939 1493 nisi
953 1429 1053 1495 filiam
1069 1430 1167 1508 illam,
1183 1438 1217 1495 et
1232 1440 1345 1497 tenue-

236 1543 314 1599 runt
335 1534 426 1598 illam
449 1541 599 1620 quartam
621 1540 748 1619 partem
769 1533 809 1598 de
828 1534 935 1599 hered'
953 1534 1111 1599 Willelmi
1134 1535 1193 1599 filii
1215 1536 1345 1602 Radulfi

236 1635 399 1722 quondam
423 1634 599 1700 Senescalli
621 1634 830 1699 Normannie.
877 1636 920 1700 Et
1050 1636 1061 1667 ²
1084 1637 1271 1702 conuictum
1294 1648 1346 1704 est

236 1740 322 1827 quod
346 1739 507 1805 medietas
523 1739 621 1804 illius
649 1738 787 1803 manerii
816 1747 866 1803 est
896 1739 1079 1827 soccagium
1104 1750 1139 1806 et
1168 1742 1219 1807 ius
1245 1743 1347 1829 ipsius

236 1845 372 1911 Roberti
387 1851 422 1909 et
436 1866 501 1908 non
515 1842 567 1908 ius
582 1842 691 1907 uxoris
705 1866 772 1919 sue,
789 1843 1038 1909 Consideratum
1054 1852 1105 1909 est
1119 1845 1206 1931 quod
1220 1846 1345 1911 Willel-

236 1973 309 2015 mus
329 1958 498 2035 recuperet
517 1948 669 2014 seisinam
691 1948 733 2013 de
748 1948 896 2013 custodia
915 1949 955 2014 de
971 1950 1115 2037 macagio
1130 1959 1164 2015 et
1180 1951 1296 2017 Comes
1311 1952 1346 2015 in

236 2054 460 2120 misericordia

179 2212 185 2224 .
300 2159 462 2224 Robertus
484 2158 634 2234 Iefaunt,
665 2157 781 2221 Petrus
803 2157 903 2221 frater
926 2156 996 2223 eius
1019 2166 1054 2223 et
1075 2158 1132 2223 alii
1154 2159 1345 2224 summoniti
1423 2171 1448 2201 ⁸¹¹

234 2264 367 2328 fuerunt
382 2263 424 2327 ad
438 2261 697 2348 respondendum
713 2260 858 2326 Gelfrido
873 2261 914 2327 de
929 2262 1018 2348 Lucy
1034 2285 1133 2349 quare
1145 2285 1210 2327 non
1221 2263 1345 2329 faciunt

235 2368 340 2432 eidem
350 2367 495 2433 Galfrido
506 2366 756 2431 consuetudines
765 2373 899 2432 etrecta
909 2366 1045 2431 seruicia
1056 2388 1118 2453 que
1130 2374 1346 2433 antecessores

234 2491 346 2534 eorum
360 2470 464 2535 facere
478 2473 717 2533 consueuerant
731 2468 987 2534 antecessoribus
1006 2467 1144 2554 predicti
1159 2468 1296 2533 Gallridi
1311 2478 1345 2534 et

234 2596 298 2660 que
312 2574 417 2639 lacere
437 2580 676 2638 consueuerant
696 2573 789 2638 Dona
805 2571 888 2659 Regi
909 2580 1084 2658 antequam
1104 2572 1285 2637 manerium
1305 2572 1345 2637 de

234 2678 390 2743 Neutona
418 2676 603 2741 deuenisset
631 2675 673 2741 ad
699 2699 815 2742 manus
840 2676 978 2763 predicti
1002 2676 1140 2742 Galliidi
1165 2685 1235 2756 etc,
1258 2676 1345 2741 unde

234 2780 321 2845 idem
337 2778 502 2845 Galfiidus
515 2778 596 2843 dicit
616 2778 702 2865 quod
722 2779 754 2843 ei
774 2779 878 2843 facere
900 2787 1139 2845 consueuerunt
1160 2778 1345 2845 huiusmodi

234 2881 378 2960 semicia,
393 2881 516 2947 scilicet
529 2882 635 2946 solent
649 2880 783 2946 reddere
802 2880 838 2945 in
858 2881 1022 2946 communi
1044 2880 1124 2946 duas
1146 2883 1282 2969 gallinas
1303 2882 1345 2947 ad

235 2987 364 3065 Natale,
380 2994 414 3051 et
429 2986 533 3051 facere
548 2985 580 3049 ei
594 3006 694 3049 unam
713 3006 843 3049 amram
862 2992 939 3050 ante
960 2984 1081 3049 Natale
1102 2993 1138 3049 et
1157 2985 1255 3051 aliam
1272 2994 1346 3072 post

234 3089 365 3167 Natam,
379 3096 414 3152 et
427 3095 576 3174 preterea
590 3086 622 3151 ei
636 3086 741 3150 solent
760 3084 894 3151 reddere
909 3084 951 3151 sd
965 3086 1090 3152 Pascha
1104 3088 1144 3151 xl.
1161 3110 1224 3152 oua
1237 3095 1347 3174 preter

234 3192 472 3281 qninquaginta
501 3190 647 3255 denarios
676 3212 756 3277 quos
784 3190 816 3255 ei
844 3191 986 3257 reddunt
1015 3192 1152 3279 singulis
1180 3193 1281 3271 annis,
1312 3202 1346 3259 et

234 3306 367 3386 propter
387 3295 609 3360 detentionem
632 3293 784 3379 quamsi
809 3294 935 3359 faciunt
960 3294 1001 3359 de
1026 3294 1180 3381 predictis
1203 3292 1346 3362 seruiclis

234 3400 449 3466 deterioratus
470 3405 521 3462 est
543 3405 577 3461 et
599 3396 778 3482 dampnum
800 3396 900 3461 habet
923 3397 965 3461 ad
985 3398 1168 3463 ualenciam
1190 3422 1214 3464 c
1231 3398 1295 3477 sol,
1310 3408 1345 3465 et

234 3503 311 3569 inde
334 3501 485 3589 producit
508 3509 640 3575 sectam,
666 3508 700 3564 et
726 3499 918 3587 dicitquod
944 3501 984 3567 de
1014 3502 1164 3567 omnibus
1193 3503 1345 3588 predictis

234 3607 379 3674 seruiciis
394 3606 458 3670 fuit
471 3604 542 3690 ipse
557 3604 592 3668 in
607 3603 732 3668 seisina

299 3712 345 3776 Et
360 3710 524 3775 Robertus
538 3716 573 3774 et
587 3708 644 3772 alii
658 3707 798 3772 ueniunt
813 3715 848 3772 et
863 3706 1043 3771 defendunt
1058 3706 1127 3771 uim
1142 3714 1177 3771 et
1192 3705 1344 3773 iniuriam

233 3825 270 3881 et
283 3814 398 3881 dicunt
412 3813 501 3901 quod
515 3814 642 3878 nullum
657 3811 831 3878 seruicium
847 3810 878 3875 ei
892 3810 1014 3875 debent
1034 3832 1093 3875 nec
1113 3810 1236 3897 aliquid
1251 3810 1291 3877 de
1307 3834 1345 3876 eo

365 3946 375 3977 ¹
393 3945 493 4009 Supply
503 3947 623 3996 militare.
763 3942 900 4005 ’Aspacs
911 3939 934 3990 is
945 3940 998 4004 lelt.
1036 3940 1133 4003 supply
1144 3942 1214 4004 quia.
