3342 5217
357 405 420 468 194
659 415 795 478 meras,
817 417 883 466 nn.
906 400 999 478 1227,
1022 417 1085 466 aa„
1110 405 1160 467 11.

355 584 512 651 Mauricio
534 583 596 671 ipsi
618 583 786 670 Stephano
809 593 849 649 ut
870 584 937 650 filio
966 593 1002 650 et
1030 586 1143 654 heredi
1171 610 1239 666 suo,
1268 590 1357 657 unde
1384 591 1463 677 quia

355 687 499 753 nondum
535 687 687 773 peruenit
723 686 766 752 ad
800 687 938 751 tercium
975 687 1127 754 heredem
1164 711 1230 756 non
1258 690 1358 758 debet
1385 691 1462 757 inde

354 790 527 856 seruieium
550 791 663 866 facere,
685 797 719 854 et
741 789 828 876 quod
850 788 899 854 ita
919 790 972 867 sit,
994 799 1091 856 uocat
1112 791 1189 857 inde
1210 792 1253 858 ad
1281 802 1461 860 warantum
1532 839 1536 845 ⁴

356 892 545 979 Philippum
567 892 608 957 de
632 892 725 959 Oche
748 891 901 956 heredem
922 891 1062 979 predicti
1091 892 1236 959 Galfridi
1281 893 1349 975 Qui
1373 917 1463 960 sum·

356 997 499 1062 monitus
527 997 621 1062 uenit
650 1006 684 1062 et
713 996 794 1062 dicit
822 996 910 1081 quod
939 1019 1004 1060 non
1032 997 1132 1062 debet
1161 997 1193 1063 ei
1222 1007 1342 1064 senam
1371 999 1461 1064 illam

355 1099 571 1177 warantizare,
593 1099 670 1185 quia
691 1121 859 1185 nunquam
881 1098 914 1164 ei
934 1098 1065 1185 aliquod
1086 1099 1163 1166 inde
1185 1101 1359 1166 seruicium
1383 1100 1462 1166 facit

355 1224 415 1267 nec
429 1224 596 1288 nunquam
611 1209 703 1267 tenet
725 1223 801 1266 eum
822 1222 881 1286 pro
903 1200 1042 1279 domino,
1064 1224 1124 1267 nec
1144 1202 1270 1288 aliquid
1290 1202 1353 1268 scit
1375 1202 1462 1289 quod

355 1305 403 1370 ita
417 1305 495 1371 data
508 1305 552 1369 sit
566 1305 601 1369 in
619 1303 828 1391 maritagium
851 1311 887 1368 et
909 1303 983 1370 ideo
1004 1327 1069 1370 non
1091 1305 1148 1370 wlt
1169 1305 1377 1372 warantizare
1397 1305 1462 1371 nisi

354 1407 444 1472 curia
457 1406 717 1474 considerauerit.

421 1511 465 1576 Et
480 1509 667 1596 Stephanus
678 1509 772 1574 uenit
786 1518 821 1575 et
835 1509 915 1575 dicit
930 1510 1016 1596 quod
1031 1510 1080 1576 ita
1092 1509 1172 1578 dats
1185 1511 1250 1576 fuit
1271 1512 1306 1576 in
1328 1512 1459 1578 merita·

353 1615 446 1702 gium
460 1615 546 1680 siout
560 1615 742 1701 predictum
757 1623 815 1691 est,
831 1623 866 1680 et
880 1614 956 1679 inde
976 1615 1070 1700 ponit
1091 1637 1125 1680 se
1144 1637 1243 1701 super
1263 1615 1403 1701 petriam
1424 1625 1462 1681 et

355 1719 449 1784 offert
470 1718 564 1784 Dom.
587 1717 671 1805 Regi
693 1740 795 1782 unum
818 1715 1012 1802 palefridum
1038 1739 1096 1802 pro
1125 1717 1276 1782 habenda
1303 1717 1381 1784 inde
1408 1716 1460 1784 in-

353 1819 538 1906 quisicione,
554 1827 588 1884 et
602 1820 689 1905 petit
704 1828 823 1884 terrem
838 1841 931 1884 suam
946 1841 1005 1904 per
1018 1819 1194 1904 plenium,
1207 1827 1259 1884 set
1272 1842 1338 1884 non
1352 1827 1461 1885 osten·

352 1924 402 1989 dit
416 1931 539 1990 emtam
553 1945 613 1988 neo
627 1923 770 2009 aliquam
785 1931 908 1988 sectam
923 1922 1074 2008 producit
1087 1923 1174 2008 quod
1188 1924 1237 1990 ita
1249 1924 1295 1989 sit
1309 1932 1370 1990 eto.
1414 1924 1460 1989 Et

352 2036 439 2094 terra
460 2026 639 2114 replegiata
660 2033 711 2090 est
732 2025 839 2090 eidem
861 2026 1030 2110 Stephano
1051 2026 1101 2091 ita
1121 2027 1208 2112 quod
1235 2028 1306 2092 sine
1334 2029 1461 2094 esscnio

352 2132 465 2198 ueniat
479 2131 522 2200 ad
536 2129 718 2219 predictum
733 2129 821 2194 diem
836 2129 879 2197 ad
893 2129 1153 2215 respondendum
1168 2129 1252 2195 inde.

297 2310 304 2325 ·
418 2234 619 2300 ¹Gilebertus
633 2233 674 2298 de
689 2233 811 2319 Aquila
825 2233 1043 2298 summonitus
1057 2233 1121 2298 fuit
1135 2233 1178 2298 ad
1199 2233 1460 2320 respondendum

251 2371 294 2401 un.
352 2337 482 2403 dominc
497 2337 548 2403 R:
563 2336 799 2402 Sanisbiriensi
814 2337 973 2423 Episcopo
988 2359 1087 2423 quare
1101 2359 1167 2401 non
1178 2337 1256 2401 facit
1267 2337 1299 2401 ei
1309 2346 1413 2402 sectas
1424 2346 1460 2402 et

352 2441 479 2507 debitas
497 2441 746 2506 consuetudines
761 2441 802 2505 ad
818 2440 1024 2506 hundredum
1039 2461 1135 2505 suum
1150 2440 1191 2505 de
1207 2440 1461 2528 Godhelminges

352 2568 433 2632 ques
446 2545 487 2610 de
502 2545 572 2610 iure
588 2545 692 2609 facere
707 2545 806 2610 debet
820 2553 860 2610 ut
875 2544 963 2622 dicit,
978 2544 1065 2609 unde
1079 2545 1168 2613 idem
1183 2546 1361 2632 Episcopus
1378 2545 1460 2612 dicit

353 2647 438 2735 quod
458 2671 569 2713 omnes
588 2647 681 2733 probi
704 2647 851 2712 homines
874 2647 915 2712 de
939 2647 1083 2713 manerio
1106 2648 1209 2734 ipsius
1233 2648 1394 2714 Gileberti
1417 2648 1459 2714 de

352 2749 564 2836 Wehitlegha
582 2749 704 2814 debent
727 2749 839 2816 uenire
862 2749 905 2814 ad
928 2749 1038 2815 omnia
1060 2750 1268 2816 racionabilis
1291 2750 1462 2816 hundreda

352 2852 393 2917 de
423 2851 675 2938 Godhelminges
704 2875 763 2940 per
790 2875 913 2918 annum
943 2853 1223 2940 quocienscunque
1252 2855 1459 2921 hundredum

351 2956 590 3022 racionabiliter
603 2957 731 3034 sederit,
747 2957 801 3021 uel
816 2957 915 3021 finem
931 2958 1051 3022 faciant
1066 2980 1124 3043 per
1138 2957 1228 3022 den’⁸
1246 2981 1346 3044 quare
1366 2961 1460 3046 sequi

352 3083 417 3126 non
431 3059 581 3138 debeant,
596 3060 683 3125 unde
698 3059 777 3124 dicit
792 3061 879 3147 quod
893 3083 952 3146 per
966 3062 1027 3125 hoc
1041 3061 1274 3126 subtraxerunt
1289 3062 1321 3126 ei
1335 3071 1459 3128 sectam

351 3163 451 3244 illam,
477 3165 726 3250 dampnificatus
752 3174 802 3228 est
828 3173 863 3230 et
892 3164 1107 3230 deterioratus
1136 3175 1187 3230 est
1216 3174 1251 3230 et
1280 3165 1459 3252 dampnum
1517 3205 1522 3212 -

352 3267 453 3333 habet
466 3266 509 3331 ad
523 3267 705 3332 ualenciam
720 3289 772 3331 xx.
789 3289 895 3343 marc,
910 3275 944 3331 et
959 3266 1035 3330 inde
1051 3267 1151 3331 habet
1166 3276 1296 3334 sectam

188 3414 251 3454 m
262 3413 340 3464 mg„
418 3373 462 3437 Et
488 3371 674 3436 Gilebertus
699 3393 758 3456 per
783 3379 985 3435 attornaturn
1010 3394 1107 3436 suum
1132 3371 1227 3436 uenit
1252 3381 1288 3436 et
1311 3371 1459 3440 defendit

188 3461 309 3549 illidio
352 3477 421 3542 uim
451 3485 486 3540 et
514 3475 666 3541 iniuriam
697 3485 732 3540 et
755 3475 1047 3553 deterioracionem‚
1068 3486 1102 3541 et
1125 3499 1239 3542 uerum
1264 3478 1321 3542 wlt
1344 3477 1460 3546 dicere.

186 3555 316 3644 miii&
351 3579 443 3644 Dicit
463 3579 549 3665 quod
568 3579 610 3643 ed
630 3578 695 3643 duo
717 3578 961 3665 lagehundreda
979 3602 1038 3667 per
1057 3603 1180 3645 annum
1201 3582 1313 3646 uenire
1337 3580 1461 3650 debent

351 3704 463 3747 omnes
477 3681 624 3746 homines
639 3680 783 3766 predicte
808 3682 885 3746 uille
907 3681 948 3748 de
968 3681 1163 3767 capitalibus
1182 3681 1342 3761 decennis
1362 3691 1396 3746 et
1416 3685 1460 3750 ad

351 3787 460 3852 omnia
474 3785 538 3850 alia
552 3785 721 3851 hundreda
736 3786 848 3852 uenire
863 3785 985 3851 debent
996 3795 1062 3852 tres
1071 3786 1218 3851 homines
1230 3795 1264 3851 et
1274 3787 1460 3873 prepositus

350 3899 390 3956 ut
413 3889 566 3956 intersint
589 3889 631 3955 ad
654 3890 775 3978 placita
798 3889 949 3968 tenenda,
973 3889 1073 3955 etad
1097 3889 1219 3955 iudicia
1243 3890 1399 3969 facienda,
1422 3900 1461 3958 et

351 3993 437 4080 quod
452 3993 515 4058 elio
532 3993 627 4058 modo
648 4017 712 4058 non
732 3993 857 4058 faciunt
877 4002 1000 4058 sectam
1019 4015 1080 4057 nee
1100 3994 1203 4057 facere
1223 3992 1344 4058 dehent
1364 3994 1461 4079 ponit

384 4178 555 4230 ¹B.m.s‹1.
929 4178 1020 4230 assim
1055 4177 1111 4228 The
1132 4176 1230 4241 parties
1251 4177 1342 4240 ogram
1363 4193 1400 4230 on
1421 4195 1459 4230 an

383 4245 645 4295 ’RichardlePoon
929 4244 1076 4295 issuefora
1091 4243 1159 4306 jury.
1195 4242 1255 4293 Still
1272 4242 1460 4296 thisisswrit

383 4309 504 4370 ’daron
527 4309 564 4368 B;
593 4309 717 4373 probably
738 4311 878 4368 denariam,
929 4307 1267 4372 ofrightlorenstomsand
1278 4310 1461 4368 servissem
1614 4344 1615 4381 ἦ

351 4375 396 4424 tho
407 4373 635 4437 hundred-penny.
929 4375 1030 4425 Gilbert
1046 4379 1074 4425 et
1088 4374 1145 4424 first
1158 4378 1221 4438 puts
1236 4372 1345 4424 himself
1358 4389 1395 4425 on
1411 4375 1460 4428 the

355 4485 359 4490 .
383 4439 557 4502 ⁴Seerninqu
573 4439 646 4490 there
665 4453 717 4490 uas
739 4453 774 4490 no
796 4439 879 4502 grand
928 4440 1116 4502 muhaniae.
1614 4398 1615 4481 l

1613 4652 1616 4743 l
