3342 5217
420 380 483 443 434
715 394 853 455 sisinn
875 393 940 443 sn.
964 381 1058 456 1231,
1080 395 1144 447 ss.
1167 385 1218 447 15.

417 575 505 632 terra
525 568 629 654 ipsius
649 568 797 634 Simonis.
844 569 888 634 Et
910 570 988 656 quia
1014 569 1127 636 Simon
1152 594 1217 638 non
1242 583 1353 660 potest
1374 574 1521 641 dedicere

417 673 496 758 quin
518 682 605 738 terra
626 674 683 737 illa
702 674 760 739 ubi
779 696 952 739 communa
972 684 1023 739 est
1043 675 1087 740 sit
1101 676 1142 741 de
1152 677 1176 763 j.
1193 677 1288 744 feodo
1302 687 1338 743 et
1352 700 1419 744 una
1431 679 1521 755 uilla,

417 777 665 844 Consideratum
680 786 730 843 est
745 779 831 864 quod
852 778 924 864 ipsa
937 780 1155 845 communicet
1169 804 1244 847 cum
1258 783 1373 849 eodem
1389 784 1520 849 Simone

414 880 449 945 in
471 890 558 947 tarra
578 883 681 969 ipsius
704 882 854 960 Simonis,
878 883 1007 969 etipsa
1026 884 1176 949 concedit
1198 885 1286 971 quod
1312 886 1382 972 ipse
1405 887 1518 951 Simon

414 988 631 1052 communicet
645 988 679 1051 in
694 996 782 1052 terra
795 1010 854 1052 sua
868 987 991 1073 ubique
1006 988 1091 1052 etin
1111 989 1272 1055 Gosebroe
1292 999 1327 1055 et
1351 991 1466 1056 Simon
1484 992 1518 1055 in

414 1088 631 1155 misericordia
644 1112 702 1175 pro
717 1091 796 1154 falso
811 1090 957 1155 clamore.

479 1191 643 1257 Galfridus
664 1190 751 1257 filius
772 1191 952 1256 Baldewini
970 1192 1058 1278 petit
1077 1216 1191 1259 uersus
1205 1193 1389 1260 Walterum
1410 1196 1516 1261 filium

412 1292 569 1358 Willehni
584 1294 625 1358 ix.
641 1316 701 1359 aur.
718 1303 802 1359 terre
818 1316 893 1359 cum
907 1304 987 1380 pert.
1004 1295 1040 1359 in
1061 1296 1230 1383 Simgham
1249 1306 1284 1361 et
1298 1298 1341 1381 vj.
1355 1320 1415 1363 acr.
1432 1306 1517 1363 terre

412 1420 486 1463 cum
501 1408 582 1484 pert.
597 1398 632 1463 in
647 1398 752 1463 Wolle
768 1407 802 1463 et
817 1398 882 1484 viij.
899 1420 960 1463 aer.
976 1407 1062 1463 terre
1082 1422 1157 1464 eum
1176 1408 1257 1485 pert
1273 1401 1308 1464 in
1323 1400 1468 1477 Bisham,
1483 1410 1517 1464 et

411 1524 524 1568 uersus
549 1503 752 1568 Willelmum
777 1500 883 1567 filium
908 1503 1029 1589 Rogeri
1046 1504 1071 1590 j.
1094 1526 1155 1569 aer.
1177 1514 1263 1569 terre
1282 1528 1358 1570 eum
1377 1515 1461 1591 pert
1481 1506 1515 1571 in

410 1608 546 1675 Bicham
562 1617 596 1673 et
610 1630 723 1673 uersus
743 1607 924 1672 Henricum
944 1607 1050 1672 filium
1071 1607 1207 1673 Durand
1217 1608 1241 1695 j.
1258 1630 1320 1675 aer.
1335 1618 1421 1674 terre
1441 1632 1514 1675 cum

409 1720 490 1796 pert.
506 1710 541 1774 in
556 1710 693 1775 Bicham
708 1716 747 1773 ut
762 1709 813 1773 ius
828 1730 925 1773 suum
941 1716 1001 1775 etc.

473 1816 519 1880 Et
548 1816 712 1881 Walterus
747 1814 833 1879 filius
862 1812 1021 1878 willelmi
1055 1814 1149 1878 uenit
1178 1823 1213 1879 et
1247 1824 1299 1879 est
1330 1823 1515 1881 attornatus

408 1918 550 2005 ipsorum
580 1918 737 1983 Willelmi
766 1926 801 1982 et
831 1916 967 1982 Henriei
995 1928 1030 1983 et
1065 1918 1147 1983 dicit
1180 1919 1267 2005 quod
1301 1918 1365 2004 ipsi
1398 1927 1515 1985 tenent

407 2024 587 2109 predictam
609 2032 729 2088 terram
751 2021 792 2087 de
815 2044 853 2087 eo
875 2030 910 2087 et
932 2022 980 2087 eis
1000 2024 1190 2088 warentizat
1213 2031 1248 2088 et
1273 2031 1343 2088 tam
1363 2023 1407 2088 de
1429 2032 1515 2089 terra

407 2151 505 2213 quam
522 2129 568 2193 eis
583 2128 770 2193 warantizat
785 2150 884 2213 quam
899 2127 940 2192 de
955 2136 1042 2192 terra
1056 2150 1155 2214 quam
1169 2127 1240 2215 ipse
1255 2134 1347 2193 tenet
1361 2136 1460 2193 uocat
1473 2127 1514 2193 ad

408 2241 588 2297 warantum
610 2232 774 2318 Rogerum
799 2230 841 2295 de
864 2229 1102 2307 Gheuereuilla,
1123 2230 1244 2296 habeat
1267 2253 1343 2295 eum
1369 2239 1431 2297 etc
1457 2254 1514 2318 per

408 2335 567 2400 auxilium
582 2334 679 2399 curie.

471 2439 495 2502 J
496 2438 638 2504 ohannes
661 2438 831 2504 Fanoillun
853 2438 1070 2503 summonitus
1091 2438 1156 2504 fuit
1175 2438 1218 2504 ad
1235 2439 1511 2505 warantizandum

334 2550 353 2579 ὓ
405 2544 570 2609 Willelmo
585 2546 616 2610 le
631 2544 735 2611 Isaura
743 2545 768 2631 j.
784 2566 889 2609 carue.
906 2553 991 2609 terre
1005 2566 1080 2609 oum
1099 2552 1181 2631 pert
1197 2544 1233 2609 in
1252 2544 1392 2633 Terling’
1414 2567 1510 2631 quam

405 2656 497 2713 tenet
519 2657 554 2713 et
575 2647 615 2713 de
638 2670 676 2713 eo
702 2658 813 2713 tenere
837 2648 958 2712 clamat
979 2657 1013 2713 et
1036 2647 1122 2713 unde
1145 2656 1270 2713 cartam
1291 2671 1386 2713 suam
1412 2650 1512 2716 habet

404 2759 474 2829 eto,
489 2758 523 2816 et
538 2751 624 2816 unde
639 2750 726 2817 idem
741 2751 926 2815 Willelmus
940 2751 1088 2837 queritur
1107 2752 1195 2837 quod
1214 2774 1289 2816 cum
1309 2752 1379 2837 ipse
1399 2762 1512 2821 teneat

404 2862 524 2921 terram
545 2854 635 2920 illam
656 2854 696 2919 de
716 2853 800 2918 dono
820 2854 975 2918 Heltonis
993 2854 1165 2919 Faucillun
1184 2876 1244 2939 per
1262 2863 1387 2919 cartam
1410 2855 1510 2941 ipsius

403 2958 556 3022 Heltonis
579 2979 677 3043 quam
701 2956 822 3042 profert
843 2964 961 3041 etque
981 2956 1041 3020 hoc
1056 2963 1200 3020 testatur
1213 2965 1248 3020 et
1262 2978 1322 3041 per
1334 2959 1508 3025 senricium

402 3062 455 3148 xij.
486 3062 567 3137 den,
592 3070 625 3126 et
655 3062 757 3127 eciam
787 3060 828 3125 de
858 3060 1102 3125 confirmacione
1128 3060 1231 3145 ipsius
1259 3061 1423 3127 Johannis
1451 3085 1510 3150 per

401 3176 525 3231 cartam
550 3186 642 3231 suam
667 3186 765 3249 quam
787 3164 911 3249 profert
932 3172 967 3227 et
989 3184 1052 3249 que
1078 3170 1222 3227 testatur
1246 3164 1335 3249 quod
1359 3166 1509 3250 quietum

401 3268 555 3333 clamauit
579 3276 613 3331 ct
633 3264 879 3332 foras-affidauit
899 3274 934 3330 et
949 3264 1155 3329 confirmauit
1169 3265 1200 3329 ei
1216 3274 1324 3330 totum
1338 3265 1391 3331 ius
1411 3290 1507 3333 suum
1609 3339 1610 3354 χ

400 3372 578 3438 secundum
602 3370 688 3457 quod
712 3370 746 3434 in
767 3380 857 3435 carta
873 3370 975 3455 ipsius
989 3369 1142 3434 Heltonis
1156 3369 1351 3446 continetur,
1366 3380 1402 3435 et
1422 3371 1508 3458 quod

237 3496 358 3546 nonquor
399 3476 509 3561 posuit
532 3476 566 3539 in
588 3473 846 3559 contraplegium
871 3482 975 3538 totam
999 3482 1120 3537 terram
1142 3494 1235 3537 suam
1259 3496 1333 3538 cum
1357 3476 1508 3541 omnibus
1606 3561 1607 3564 Ἴ

236 3544 386 3677 fflfiiiss-
399 3588 480 3666 pert.
503 3580 570 3645 suis
595 3579 644 3643 ita
665 3577 751 3664 quod
773 3578 901 3642 nullum
923 3576 1102 3662 dampnum
1123 3576 1282 3641 iacturam
1303 3577 1358 3642 uel
1379 3578 1507 3666 inpedi-

236 3690 362 3771 fflgffi
399 3695 547 3751 mentum
572 3686 708 3750 haberet
730 3706 788 3771 pro
811 3684 940 3749 defectu
961 3684 1105 3769 ipsorum
1125 3682 1286 3747 Johannis
1300 3692 1335 3747 et
1351 3684 1506 3751 Heltonis

235 3780 370 3873 ffiffi?
399 3791 452 3855 uel
473 3790 629 3855 heredum
650 3810 790 3865 suorum,
805 3787 898 3853 Dom.
917 3787 1141 3853 Justiciarius¹
1160 3786 1329 3874 distringit
1349 3810 1427 3854 eum
1448 3813 1506 3877 pro

234 3873 385 3958 md·
397 3893 519 3958 releuio
540 3900 672 3957 centum
694 3891 748 3955 sol.
770 3900 805 3955 et
827 3888 914 3976 quod
935 3890 1033 3955 faciat
1052 3889 1084 3954 ei
1103 3889 1292 3976 homagium
1306 3898 1342 3954 et
1355 3901 1508 3975 preterea

235 3967 383 4089 fffi‘iiii
397 3998 483 4084 quod
513 3998 629 4064 Comes
658 3996 825 4061 Johannes
854 3995 1092 4082 Huntingdone
1120 3994 1289 4081 distringit
1315 4014 1394 4059 eum
1427 3997 1507 4083 per⁸

232 4064 301 4145 W
309 4060 375 4109 Μαι
397 4100 532 4165 seruicio
547 4099 683 4164 duorum
699 4098 842 4163 miJitum
858 4106 892 4163 et
907 4098 1010 4185 exigit
1025 4098 1120 4163 abeo
1134 4120 1162 4162 n
1176 4098 1230 4163 lib.
1245 4096 1332 4161 unde
1347 4096 1505 4165 deterior-

396 4214 471 4269 atus
485 4213 535 4269 cst
550 4214 584 4269 et
599 4204 777 4289 dampnum
792 4202 892 4267 habet
906 4211 967 4268 etc.

427 4374 434 4404 ¹
454 4372 554 4421 Hubert
565 4370 596 4421 da
606 4372 704 4431 Rurgh,
716 4372 779 4421 Earl
791 4373 819 4421 of
829 4372 906 4421 Kent.
1004 4372 1015 4405 ²
1031 4373 1102 4421 Corr.
1111 4386 1167 4435 pro.

426 4438 436 4469 ¹
454 4442 500 4487 Soc
511 4438 553 4488 Br.
569 4438 587 4487 f.
600 4440 631 4485 23
643 4438 666 4487 b.
