3342 5217
410 473 541 522 musar
563 473 637 520 usn
661 472 797 534 mersa,
819 473 883 522 sn.
910 458 1003 531 1220,
1026 471 1089 519 na.
1114 459 1143 520 4.
1267 454 1330 522 107

222 646 440 725 antecessoris,
463 655 499 711 et
521 645 609 711 unde
634 645 721 710 idem
752 644 910 710 Ricardus
938 643 1020 708 dicit
1048 643 1135 729 quod
1164 641 1331 728 predictus

225 750 406 814 Willelmus
420 749 520 814 nichil
535 749 615 815 iuris
629 748 729 814 habet
745 748 781 813 in
795 757 883 813 terra
901 747 958 812 illa
977 755 1037 812 eta
1082 747 1126 811 Et
1146 745 1331 810 Willelmus

225 853 317 916 uenit
349 860 384 916 et
413 852 493 917 dicit
524 851 610 938 quod
639 874 753 916 reuera
781 852 909 916 nullum
937 850 989 915 ius
1017 849 1125 925 habet,
1155 849 1233 935 quia
1260 848 1331 934 ipse

225 966 321 1021 natus
350 956 415 1022 fuit
443 966 619 1042 antequam
649 964 755 1021 mater
783 977 844 1022 sus
871 955 958 1041 patri
986 953 1088 1040 ipsius
1113 952 1244 1018 Ricardi
1267 951 1333 1016 fuit

224 1059 439 1145 desponsarat
889 1082 891 1086 ’

290 1162 334 1226 Et
363 1161 520 1227 Ricardus
550 1161 697 1247 quesitus
718 1161 746 1225 si
769 1160 953 1224 Willelmus
975 1160 1077 1224 frater
1106 1181 1185 1224 suus
1213 1158 1333 1223 habeat

225 1265 349 1350 aliquid
364 1265 406 1330 de
421 1265 604 1330 hereditate
620 1264 721 1351 patris
741 1265 800 1342 sui,
815 1263 896 1329 dicit
916 1263 1002 1350 quod
1024 1285 1138 1328 reuera
1161 1262 1261 1327 habet
1283 1271 1333 1327 set

225 1367 347 1432 iniuste
363 1376 397 1432 et
417 1389 475 1454 per
489 1367 692 1432 Willelmum
712 1368 753 1432 de
775 1368 888 1432 Monte
908 1367 1017 1432 Acuto
1036 1367 1209 1453 capitalem
1231 1366 1333 1431 domi·

224 1493 303 1535 num
318 1493 423 1536 suum.

287 1571 415 1637 'Simon
430 1573 460 1636 le
477 1573 555 1637 Bret
571 1571 656 1657 petit
670 1594 783 1638 uersus
797 1573 942 1637 Alanum
956 1571 1108 1636 clericum
1123 1570 1164 1636 de
1179 1571 1333 1658 Wrengle

224 1696 321 1760 quem
351 1674 464 1740 Abbas
494 1674 534 1738 de
559 1674 713 1738 Watham
739 1675 872 1739 uocauit
894 1674 936 1739 ad
960 1682 1139 1738 warantum
1164 1682 1199 1738 et
1222 1673 1280 1759 qui
1301 1673 1333 1738 ei

223 1777 450 1842 warentizauit
468 1777 493 1863 j.
514 1776 717 1864 mesuagium
739 1798 814 1842 cum
836 1775 1045 1861 pertinenciis
1064 1775 1100 1839 in
1120 1775 1274 1861 Wrengle
1293 1782 1333 1838 ut

225 1879 275 1944 ius
294 1903 389 1944 suum
411 1889 469 1945 etc
487 1887 521 1944 et
537 1879 671 1945 utillud
691 1878 778 1944 unde
794 1879 906 1944 Simon
922 1887 1016 1964 pater
1029 1901 1108 1943 suus
1122 1877 1187 1943 fuit
1200 1878 1333 1942 seisitus

224 1994 283 2051 etc.
309 1994 453 2072 ternpore
479 1986 578 2072 Regis
602 1984 732 2050 Ricardi
758 1983 916 2070 capiendo
940 1983 1017 2048 inde
1043 1982 1175 2070 expleta
1204 1991 1264 2048 etc.
1289 1982 1332 2047 ad

225 2088 404 2153 ualenciam
427 2111 455 2154 v.
471 2110 494 2153 s.
511 2097 545 2152 et
569 2088 609 2153 de
630 2087 699 2174 ipso
720 2089 853 2154 Simone
873 2087 1040 2153 descendit
1059 2089 1111 2153 ius
1135 2098 1220 2151 terre
1243 2087 1332 2152 illius

225 2191 287 2276 ipsi
303 2191 428 2256 Simoni
443 2199 482 2256 ut
497 2190 564 2255 lilio
579 2199 615 2255 et
629 2190 741 2256 heredi
755 2213 814 2256 suo
828 2199 890 2256 etc.

290 2294 334 2358 Et
348 2295 473 2360 Alanus
488 2294 581 2360 uenit
596 2303 631 2359 et
645 2294 793 2360 defendit
807 2295 859 2360 ius
878 2317 974 2360 suum
995 2303 1055 2360 etc
1071 2303 1121 2359 set
1144 2294 1225 2359 dicit
1245 2293 1332 2380 quod

226 2399 428 2485 mesuagium
443 2397 526 2464 illud
540 2398 684 2484 pertinet
698 2399 740 2464 ad
754 2406 876 2463 temam
890 2399 980 2464 illam
995 2421 1093 2485 quam
1108 2398 1196 2464 idem
1218 2399 1332 2464 Simon
1343 2417 1494 2513 paq-ms

225 2503 343 2568 clamat
365 2525 477 2568 uersus
500 2525 575 2568 eum
595 2502 683 2568 unde
703 2502 792 2568 idem
811 2503 937 2568 Alanus
956 2502 1065 2589 posuit
1079 2526 1114 2568 se
1128 2503 1164 2567 in
1178 2525 1330 2589 magnam
1343 2511 1480 2606 3333?-

225 2605 357 2670 assisam
380 2604 504 2670 domini
526 2604 635 2691 Regis,
650 2613 685 2670 et
704 2603 791 2669 unde
811 2604 923 2670 Abbas
946 2605 987 2670 de
1003 2605 1180 2670 Wautham
1196 2614 1330 2691 questus
1342 2605 1391 2699 ᾖξ’
1399 2614 1477 2689 (133*

225 2707 288 2771 fuit
318 2709 403 2794 quod
432 2707 552 2772 iniuste
582 2708 691 2793 posuit
721 2731 755 2773 se
784 2709 819 2774 in
846 2731 999 2796 magnam
1028 2710 1160 2774 assisam
1187 2717 1222 2774 et
1244 2709 1331 2796 petit
1343 2662 1475 2737 ”mm

225 2808 357 2874 assisam
383 2809 503 2886 defieri,
526 2817 561 2874 et
583 2810 657 2875 ideo
681 2809 814 2876 uidetur
839 2811 870 2875 ei
898 2811 985 2898 quod
1013 2835 1078 2876 non
1106 2811 1225 2877 debeat
1253 2811 1330 2876 inde

226 2910 415 2998 respondere
435 2911 622 2997 priusquam
644 2912 881 2978 consideratum
901 2913 1000 2978 fuerit
1022 2923 1133 2979 utrum
1155 2915 1254 2980 assisa
1274 2914 1330 2978 de·

225 3019 303 3082 beat
325 3017 495 3102 proaedere
519 3039 578 3082 nec
597 3039 646 3082 ne.
692 3017 736 3082 Et
751 3016 824 3082 ideo
839 3027 1005 3084 remaneat
1023 3041 1190 3104 quousque
1209 3017 1331 3083 sciat-ur

227 3121 267 3185 de
282 3119 388 3185 assisa

122 3289 169 3308 Η
290 3224 418 3288 'Assisa
444 3223 538 3288 uenit
560 3223 766 3310 recognitum
786 3223 815 3287 si
837 3223 999 3288 Robertus
1023 3223 1127 3289 Cocus
1147 3224 1329 3288 auunculus

226 3326 382 3392 Willelmi
397 3326 460 3390 fuit
474 3325 604 3391 seisitus
618 3325 654 3390 in
668 3325 827 3392 dominico
841 3349 900 3390 suo
914 3333 954 3390 ut
967 3325 1009 3390 de
1023 3325 1116 3390 feodo
1135 3326 1176 3391 de
1195 3324 1331 3391 dimidia

226 3431 304 3497 hida
325 3440 410 3496 terre
434 3454 508 3497 cum
527 3430 737 3517 pertinenciis
757 3430 792 3494 in
812 3431 962 3495 Hattona
982 3430 1036 3494 die
1057 3452 1120 3515 quo
1140 3429 1230 3506 obiit,
1246 3438 1280 3494 et
1302 3431 1331 3496 si

226 3545 285 3602 etc
311 3546 346 3602 et
369 3537 397 3601 si
426 3536 513 3602 idem
537 3537 721 3602 Willelmus
743 3544 813 3612 etc,
840 3559 938 3622 quam
960 3544 1080 3601 terram
1101 3535 1267 3600 Johannes
1289 3534 1331 3600 de

227 3641 347 3706 Couele
369 3649 466 3705 tenet
512 3641 579 3720 Qui
594 3641 685 3706 uenit
701 3650 735 3704 et
750 3640 829 3705 dicit
844 3641 930 3726 quod
950 3639 1049 3704 assisa
1063 3662 1127 3703 non
1141 3639 1240 3704 debet
1254 3639 1330 3704 inde

227 3744 306 3820 lieri,
329 3743 407 3830 quia
424 3743 498 3807 finis
519 3743 624 3807 factus
642 3743 706 3807 fuit
728 3743 768 3807 de
789 3742 904 3808 eadem
928 3751 1014 3808 terra
1036 3743 1072 3807 in
1095 3742 1185 3829 curia
1208 3742 1331 3807 domini

226 3847 385 3912 Johannis
408 3847 508 3933 Regis
531 3869 589 3932 per
612 3845 838 3932 cirographum
862 3844 947 3930 quod
969 3845 1090 3931 profert
1110 3853 1144 3909 et
1159 3845 1245 3930 quod
1266 3853 1331 3910 tos-

228 3957 325 4026 tatnr,
347 3949 433 4034 quod
462 3949 535 4012 finis
558 3949 661 4012 factus
684 3948 747 4012 fuit
770 3948 856 4012 inter
877 3948 1041 4034 Rogerum
1067 3947 1172 4011 filium
1201 3947 1332 4012 Ricardi

227 4059 394 4138 petentem
409 4058 444 4115 et
459 4051 640 4114 Walterum
654 4049 696 4115 de
712 4049 832 4116 Oouele
854 4057 982 4135 patrem
1001 4049 1103 4136 ipsius
1117 4049 1140 4114 J
1141 4049 1276 4114 ohannis
1291 4050 1332 4115 de

260 4227 440 4276 ¹HersBsto
459 4241 479 4276 s.
803 4224 906 4288 plight).
942 4223 1289 4287 circumsaepserat
1304 4223 1328 4286 b,

260 4293 415 4343 ²A.m.2'l
456 4291 618 4352 ;B.m.22.
653 4291 752 4340 Foran
803 4305 833 4340 as
855 4289 1007 4352 olTrinity
1029 4294 1095 4338 term
1117 4289 1242 4339 ΜΗ.
1276 4289 1331 4338 The

228 4357 319 4408 earlier
330 4361 401 4420 stage
412 4359 440 4408 ol
456 4357 509 4407 this
521 4356 624 4419 disputo
635 4370 677 4406 sea
689 4358 753 4406 <lass
804 4355 970 4418 proceedings
986 4353 1108 4406 recorded
1125 4355 1205 4405 above
1222 4369 1291 4404 seam
1304 4359 1331 4404 to

229 4424 276 4520 1⁰³⁷
279 4459 316 4537 Ἀ.
334 4503 369 4537 m.
387 4489 418 4538 ar
436 4487 467 4546 r;
490 4487 520 4538 a.
538 4501 572 4536 m.
591 4489 622 4536 aa
646 4485 682 4552 (in
704 4485 754 4536 bad
805 4421 835 4471 be
847 4421 920 4472 Μ’
