3342 5217
406 457 470 521 294
615 470 848 532 memmius,
870 471 935 522 ao.
959 459 1053 533 1229,
1075 471 1139 521 ae„
1163 459 1299 522 13-14.

403 642 491 708 idem
529 642 706 730 Episcopus
739 645 883 732 suscepit
912 645 1105 711 mandatum
1141 645 1263 711 domini
1293 644 1390 733 Regis
1419 643 1503 730 quod

404 747 447 812 ed
478 749 753 834 presentacionem
791 773 883 814 suam
920 749 1110 816 admitteret
1145 749 1303 836 ydoneam
1338 771 1502 836 personam

404 860 463 918 etc.

470 957 513 1021 Et
538 957 715 1044 Episcopus
737 957 830 1023 uenit
854 966 889 1023 et
919 958 1000 1024 dicit
1029 958 1115 1045 quod
1143 958 1293 1024 clericum
1317 981 1411 1024 suum
1439 980 1502 1022 non

403 1066 511 1144 potest
536 1059 709 1127 admittere
735 1085 796 1127 nec
819 1061 918 1127 debet
941 1062 1020 1149 quia
1041 1071 1217 1148 antequam
1244 1063 1313 1148 ipse
1340 1069 1502 1147 promotus

404 1170 489 1226 esset
517 1161 552 1227 in
581 1164 777 1251 Episcopum
807 1165 1048 1230 Norwicensem
1078 1165 1142 1229 fuit
1169 1165 1301 1250 quidam
1323 1165 1502 1230 Willelmus

405 1265 538 1331 Gemun
556 1266 714 1333 admissus
737 1290 759 1333 a
780 1267 1002 1354 predecessore
1023 1267 1101 1332 suo¹
1120 1267 1162 1332 ad
1183 1267 1318 1333 eandem
1339 1267 1501 1334 eccledam

342 1401 349 1418 =
404 1377 438 1435 et
467 1368 574 1454 ipsum
606 1369 734 1434 inuenit
770 1369 805 1434 in
842 1369 1040 1455 possessione
1075 1369 1117 1434 de
1153 1369 1267 1434 eadem
1302 1371 1434 1436 ecclesie
1467 1379 1502 1435 et

403 1474 599 1560 apellentem
636 1497 693 1560 pro
724 1474 794 1539 iure
824 1495 883 1538 suo
918 1497 960 1538 ne
990 1473 1069 1559 quid
1097 1473 1191 1538 fieret
1224 1474 1260 1538 in
1292 1473 1500 1560 preiudicium

403 1599 499 1643 suum
526 1588 561 1644 et
589 1580 696 1644 adhuc
725 1588 775 1644 est
804 1578 839 1642 in
867 1578 1064 1664 possessione
1093 1579 1180 1643 unde
1201 1578 1334 1643 ecclesia
1361 1600 1425 1641 non
1452 1586 1501 1641 est

403 1703 522 1746 uacans
535 1705 595 1748 nec
610 1691 718 1768 potest
733 1683 840 1768 ipsum
857 1682 1057 1747 Willelmum
1072 1681 1114 1745 eb
1131 1681 1245 1746 eedem
1264 1682 1423 1767 expellere
1444 1703 1501 1744 nec

402 1807 460 1870 per
480 1807 555 1850 eum
575 1794 642 1850 stet
657 1785 829 1872 quominus
847 1794 1020 1850 executum
1034 1785 1078 1850 sit
1093 1785 1281 1850 mandatum
1297 1786 1388 1850 Dom
1405 1785 1501 1870 Regis

402 1899 437 1954 et
451 1889 479 1954 si
493 1890 628 1956 ecclesia
641 1897 772 1954 uacaret
787 1889 928 1955 libenter
940 1889 1092 1954 clericum
1106 1912 1201 1954 suum
1216 1888 1412 1954 admitteret.

468 1993 511 2057 Et
535 1992 696 2057 Robertus
718 2015 777 2078 per
797 2001 1000 2057 attornatum
1024 2013 1120 2057 suum
1145 1992 1238 2057 uenit
1260 2001 1295 2057 et
1316 1991 1397 2056 dicit
1418 1991 1500 2077 quod

401 2097 462 2162 hoc
479 2097 510 2161 ei
524 2119 637 2161 nocere
652 2119 717 2160 non
732 2097 831 2162 debet
845 2097 924 2183 quia
938 2097 1018 2162 alies
1031 2096 1212 2162 athachisti
1225 2097 1357 2161 fuerunt
1371 2095 1500 2181 quidam

400 2197 523 2262 iudices
552 2197 695 2286 delegati
717 2199 803 2284 quod
827 2206 936 2264 essent
961 2219 1067 2263 coram
1092 2197 1277 2263 iusticiariis
1303 2196 1346 2261 ad
1374 2219 1499 2283 respon-

401 2300 544 2365 dendum
565 2323 663 2386 quere
685 2309 863 2367 tenuerunt
885 2302 1042 2388 placitum
1064 2301 1104 2366 de
1125 2301 1271 2390 predicte
1290 2300 1499 2365 aduocatione

401 2413 436 2468 et
472 2403 534 2490 ipsi
570 2413 735 2490 presentes
765 2405 937 2490 protestati
973 2406 1106 2470 fuerunt
1114 2455 1191 2471 .....
1200 2404 1212 2437 ²
1241 2427 1347 2471 comm
1379 2404 1499 2470 iustici-

376 2535 378 2550 ·
401 2506 477 2571 eriis
498 2507 584 2592 quod
606 2508 732 2572 nullum
754 2508 911 2594 placitum
936 2516 1114 2573 tenuerunt
1142 2508 1184 2573 de
1211 2509 1425 2574 aduoeecione
1452 2517 1499 2573 set

399 2610 441 2675 de
461 2612 601 2697 quodem
622 2612 815 2678 homicidio¹
831 2612 880 2677 ita
901 2613 987 2699 quod
1008 2635 1068 2700 per
1088 2613 1210 2679 iudices
1231 2613 1316 2700 ipsos
1335 2635 1498 2699 nunquam

399 2715 490 2781 misit
518 2716 604 2781 idem
635 2717 812 2804 Episcopus
841 2717 948 2803 ipsum
977 2717 1179 2782 Willelmum
1207 2717 1241 2783 in
1272 2717 1497 2802 possessionem

399 2819 542 2886 eiusdem
564 2821 704 2898 ecclesie,
719 2829 753 2886 et
775 2830 924 2906 preterea
944 2821 1076 2908 quidam
1098 2822 1244 2909 Rogems
1265 2822 1305 2886 de
1325 2821 1498 2906 Berninge
1608 2884 1609 2891 ,

399 2924 474 2988 hem
497 2924 631 2990 clericus
651 2924 754 3010 ipsius
775 2925 911 2991 Robcrti
932 2949 1069 3012 persona
1088 2927 1153 2991 fuit
1173 2927 1208 2991 in
1232 2925 1345 2991 eedem
1368 2925 1499 2990 ecclesia

399 3034 434 3092 et
448 3027 483 3091 in
497 3027 610 3092 eadem
625 3027 707 3092 obiit
721 3051 858 3114 persona
874 3029 959 3094 sicut
978 3029 1060 3094 rec’⁴
1073 3038 1124 3095 est
1145 3029 1196 3094 bis
1217 3029 1252 3093 in
1270 3027 1361 3092 curia
1378 3026 1498 3093 domini

398 3132 506 3218 Regis,
527 3141 561 3197 et
583 3132 668 3218 petit
690 3132 847 3198 iudicium
869 3133 911 3199 de
932 3133 993 3198 hoc
1014 3132 1100 3219 quod
1125 3133 1213 3198 idem
1239 3131 1416 3218 Episcopus
1436 3153 1495 3196 non

398 3235 473 3299 uult
487 3234 660 3301 admittere
676 3236 827 3302 clericum
843 3259 946 3302 suum.
967 3235 972 3319 Ι

464 3336 507 3400 Et
523 3336 699 3423 Episcopus
714 3339 798 3404 sicut
813 3339 903 3425 prius
917 3338 996 3404 dicit
1011 3338 1098 3424 quod
1113 3337 1241 3424 quando
1255 3337 1323 3423 ipse
1334 3345 1494 3423 promotus

397 3439 461 3504 fuit
482 3439 517 3504 in
540 3440 734 3529 Episcopum
760 3443 823 3508 luit
849 3442 937 3508 idem
961 3442 1144 3508 Willclmus
1167 3463 1304 3528 persona
1327 3440 1364 3506 in
1385 3440 1492 3506 eadem

397 3543 531 3609 ecclesie
565 3545 723 3610 admissus
759 3569 779 3610 e
815 3547 1035 3631 predecessore
1070 3569 1130 3611 suo
1166 3555 1200 3612 et
1236 3545 1342 3611 adhuc
1377 3554 1429 3610 est
1461 3543 1493 3608 in

397 3649 592 3734 possessione
623 3649 766 3714 eiusdem
796 3651 929 3716 ecclesie
955 3659 990 3716 et
1019 3651 1163 3737 apellens
1190 3673 1248 3736 pro
1276 3650 1346 3715 iure
1375 3672 1434 3714 suo
1461 3657 1494 3712 et

395 3773 454 3836 per
478 3751 587 3815 omnia
607 3751 688 3816 dicit
709 3753 793 3818 sicut
816 3755 907 3840 prius
928 3754 1014 3841 quod
1043 3776 1108 3819 non
1136 3761 1244 3839 potest
1270 3751 1413 3838 aliquem
1439 3751 1493 3816 ad-

395 3856 525 3921 mittere
541 3879 598 3942 pro
613 3858 808 3943 apellecione
823 3881 883 3924 sua
896 3881 1062 3945 quousque
1076 3858 1121 3922 sit
1135 3880 1260 3924 uacans
1608 3932 1609 3941 χ

461 3959 619 4026 Keterina
648 3984 712 4047 que
741 3961 805 4027 fuit
836 3985 917 4026 uxor
945 3962 1076 4027 Radulfi
1105 3962 1147 4027 de
1174 3961 1384 4046 Humelbeby
1411 3959 1495 4047 petit

395 4083 507 4126 uersus
535 4062 729 4149 Magistrum
751 4065 952 4130 Willelmum
981 4066 1022 4131 de
1044 4065 1141 4131 Purle
1162 4065 1305 4130 terciam
1317 4074 1444 4150 partem
1464 4087 1493 4128 x.

429 4230 570 4281 ¹Pandulf
578 4233 635 4284 who
646 4234 705 4284 died
715 4235 744 4284 in
756 4236 828 4288 1226.
864 4237 920 4287 The
1001 4235 1079 4288 ’Sia
1110 4233 1398 4285 Whatoanthecourt
1409 4233 1493 4284 Chris

395 4299 498 4358 present
509 4295 601 4362 bishop
612 4298 635 4348 is
647 4299 761 4351 Thomas
771 4301 910 4352 Blunville.
969 4301 1104 4351 tianhare
1117 4299 1171 4350 had
1187 4303 1215 4349 to
1231 4299 1265 4349 do
1281 4299 1345 4348 with
1361 4315 1378 4349 a
1394 4314 1452 4350 case
1467 4298 1495 4348 ol
1608 4342 1609 4347 ,

428 4361 557 4411 ’swerd
568 4363 919 4430 whichlcanonlyreadas
969 4365 1116 4416 homicide?
1161 4363 1287 4428 Probably
1314 4364 1360 4414 the
1385 4362 1493 4416 accunt

391 4427 443 4487 ΡΨ
464 4439 494 4473 ⁰r
508 4429 569 4489 ΡΨ·
601 4429 627 4478 It
646 4443 705 4494 may
722 4431 752 4480 be
770 4432 919 4483 recentior
969 4430 1135 4483 wasaolerk.

392 4491 501 4552 Publice·
1001 4497 1011 4528 ⁴
1028 4497 1222 4546 recordaturum
1233 4496 1395 4557 reacquitari.
