3342 5217
340 366 382 428 14
525 379 655 429 nssrnn
677 378 749 428 sun
771 378 924 440 rnrmrr,
946 375 1010 425 sn.
1036 364 1130 439 1219,
1152 376 1215 428 sn.
1240 364 1268 427 3.

337 548 506 613 uedintum
522 547 585 612 fuit
600 547 755 613 intereos
775 546 810 611 in
831 546 945 611 ecdem
967 544 1126 611 comitatu
1147 555 1182 612 et
1204 546 1291 633 quod
1311 545 1444 611 interim

337 652 407 717 fieri
436 653 556 717 faceret
590 651 757 716 recordum
793 650 882 715 illius
918 651 1045 736 loquele
1082 650 1117 714 in
1155 651 1251 736 pleno
1287 650 1445 715 comitatu

337 756 514 821 secundum
544 754 630 841 quod
659 755 800 819 deducte
828 753 892 818 fuit
922 753 1087 818 intereos
1113 761 1148 817 et
1173 754 1340 818 recordum
1363 751 1445 816 illud

337 860 472 925 baberet
495 883 601 925 coram
627 859 813 925 iusticieriis
835 881 895 945 per
916 866 1057 945 quatuor
1079 857 1201 922 milites
1226 880 1267 922 ex
1289 856 1367 942 ipsis
1389 855 1446 942 qui

337 964 467 1029 recordo
488 962 537 1027 illi
559 962 777 1026 interfuerunt
799 961 842 1026 ed
863 961 949 1026 diem
968 961 1062 1025 illum
1082 969 1244 1025 uenerunt
1262 960 1446 1025 Willelmus

338 1066 379 1132 de
404 1066 570 1143 Coleuilla,
594 1065 795 1130 Herebertus
817 1065 858 1130 de
881 1065 998 1142 Froill',
1023 1064 1130 1129 Adam
1152 1065 1193 1129 de
1219 1064 1387 1129 Portesera
1411 1071 1447 1128 et

339 1170 501 1235 Henricus
518 1169 559 1234 de
577 1167 758 1233 Wudecota
779 1176 829 1233 set
849 1189 914 1231 non
935 1167 1083 1232 tulerunt
1097 1167 1273 1245 recordum,
1287 1176 1338 1232 set
1351 1189 1446 1253 prece

338 1273 484 1359 parcium
514 1279 549 1336 et
577 1270 700 1337 domini
730 1270 978 1335 Wintoniensis¹
1007 1271 1141 1357 ponitur
1170 1271 1298 1357 loquele
1325 1271 1383 1335 illa
1410 1270 1446 1334 in

338 1384 522 1461 respectum
551 1396 653 1460 usque
683 1374 718 1438 in
747 1374 924 1438 crastinum
956 1374 1150 1437 Animarum
1180 1374 1267 1439 idem
1296 1373 1366 1438 dies
1395 1382 1447 1438 est

339 1480 435 1545 datus
464 1477 611 1564 pertibus
637 1487 672 1542 et
698 1486 838 1563 quatuor
862 1478 1022 1543 militibus
1045 1478 1080 1543 in
1105 1479 1207 1543 banco
1233 1487 1268 1543 et
1290 1478 1333 1542 sd
1359 1477 1446 1541 diem
1482 1472 1487 1484 '

339 1582 433 1647 illum
451 1581 607 1646 clloeetur
626 1581 796 1646 comitatui
816 1583 903 1667 quod
922 1604 987 1647 non
1007 1583 1156 1647 tulerunt
1174 1581 1341 1648 recordum
1362 1581 1447 1647 sicut

339 1686 371 1753 ei
385 1694 575 1772 preceptum
590 1685 654 1751 suit
669 1694 730 1770 etc.

343 2127 536 2195 PLAGITA
586 2127 711 2193 APUD
763 2126 1227 2192 WESTMONASTERIUM
1282 2128 1315 2193 A
1369 2129 1449 2195 DIE

429 2232 606 2297 PASOHE
643 2230 695 2297 IN
734 2230 805 2297 XV.
842 2230 949 2295 DIES
985 2230 1117 2296 ANNO
1154 2232 1300 2297 REGNI
1335 2234 1375 2300 n
1405 2234 1448 2298 H.

430 2336 604 2402 TEROIO.

280 2615 287 2628 ,
407 2554 605 2643 'Burgenses
625 2555 665 2621 de
688 2554 910 2641 scardeburgo
928 2563 1110 2641 queruntur
1130 2556 1216 2641 qnod
1236 2555 1352 2621 bellini
1373 2556 1452 2621 uille

268 2659 285 2690 ¹·
343 2660 384 2727 de
403 2660 546 2726 Eboraco
567 2660 687 2724 iniuste
710 2660 845 2745 capiunt
864 2661 906 2724 ab
927 2659 974 2725 eis
988 2660 1188 2725 tholomeum
1203 2670 1316 2726 contra
1328 2670 1451 2727 certem

344 2765 444 2853 Regis
461 2764 597 2829 Henrici
619 2787 717 2851 quem
739 2764 863 2829 habent
885 2772 919 2829 et
940 2772 1052 2829 contra
1071 2774 1194 2829 certam
1214 2766 1337 2829 domini
1351 2766 1452 2853 Regis

343 2868 503 2933 Johennis
526 2890 589 2953 que
616 2866 784 2931 confirmat
810 2866 858 2931 eis
883 2866 1052 2932 libertates
1080 2890 1161 2953 quas
1189 2868 1261 2932 Rex
1291 2867 1453 2932 Henricus

343 2980 439 3058 peter
461 2993 538 3035 suus
564 2970 611 3035 eis
634 2969 799 3047 concessit,
823 2969 946 3035 scilicet
970 2970 1057 3055 quod
1080 2971 1223 3036 habeant
1245 2994 1356 3037 omnes
1377 2995 1451 3037 con·

344 3072 534 3138 suetudines
554 3080 589 3136 et
609 3071 778 3136 libertates
798 3079 832 3135 et
855 3071 1055 3156 quietancias
1077 3072 1206 3137 easdem
1228 3096 1309 3159 ques
1330 3074 1453 3139 hebent

344 3177 521 3264 burgenses
545 3175 632 3240 ciues
657 3176 697 3241 de
724 3175 868 3239 Eborceo
891 3198 950 3261 per
972 3184 1075 3240 totam
1098 3186 1218 3241 terrem
1240 3200 1340 3255 suam,
1366 3178 1453 3243 unde

345 3281 432 3346 idem
458 3281 635 3367 burgenses
660 3278 847 3356 ostendunt,
871 3278 957 3365 qued
985 3278 1049 3364 ipsi
1077 3302 1136 3364 per
1164 3288 1287 3345 certem
1315 3281 1454 3367 predicti

345 3384 445 3472 Regis
465 3384 601 3450 Henriei
621 3385 753 3449 fuerunt
773 3384 837 3468 ipsi
857 3383 962 3469 quieti
982 3383 1022 3448 de
1045 3383 1196 3450 theloneo
1210 3408 1338 3472 semper
1351 3409 1454 3473 usque

272 3516 275 3523 ’
345 3490 387 3555 ed
401 3498 531 3574 tempus
546 3486 703 3583 Willelmi
719 3485 903 3552 Stitteuille
917 3486 974 3571 qui
988 3486 1052 3551 fuit
1066 3486 1246 3552 uicecomes
1266 3496 1300 3553 et
1320 3490 1378 3575 qui
1396 3512 1455 3575 per

346 3592 415 3657 uim
435 3590 523 3677 cepit
543 3590 584 3655 ab
605 3590 652 3655 eis
672 3589 869 3665 tholoneum,
884 3589 933 3654 ite
950 3589 1036 3674 quod
1049 3590 1222 3675 aliquando
1237 3600 1310 3677 post
1324 3602 1455 3678 tempus

346 3718 442 3761 suum
472 3716 531 3781 per
561 3702 752 3779 preceptum
788 3692 912 3757 domini
948 3692 1048 3779 Regis
1083 3706 1356 3780 recuperauerunt
1392 3696 1456 3784 ipsi

379 3926 389 3959 ¹
407 3925 462 3975 The
475 3924 567 3989 bishop
583 3925 611 3974 cl
620 3924 790 3984 winchester,
802 3924 878 3975 Peter
927 3928 967 3974 ter
983 3924 1007 3974 is
1023 3940 1058 3974 on
1075 3924 1119 3975 the
1133 3940 1205 3976 seme
1219 3941 1292 3989 pege,
1304 3926 1382 3977 dated
1392 3926 1456 3977 esth

348 3990 393 4041 des
404 3990 513 4040 Roches.
928 3990 1019 4040 March
1038 3992 1110 4039 1200.
1144 3991 1200 4041 The
1217 3992 1326 4041 citizens
1344 3992 1373 4041 cl
1386 3992 1456 4041 Ycrk

381 4056 392 4088 ²
407 4056 530 4113 Brscton‚
543 4054 560 4105 f.
575 4056 607 4105 56
618 4055 643 4113 b,
654 4054 703 4104 hes
718 4069 734 4105 c
749 4056 810 4117 long
827 4053 877 4104 dis·
928 4054 994 4105 here
1005 4069 1021 4104 e
1032 4060 1109 4117 grsnt
1119 4056 1149 4105 of
1158 4056 1203 4105 the
1213 4055 1320 4118 rightto
1329 4056 1389 4106 take
1397 4058 1453 4119 toll,

349 4120 454 4170 cussion
464 4119 550 4169 which
561 4134 643 4169 mins
655 4124 683 4169 to
694 4120 725 4169 be
741 4119 878 4182 suggested
928 4120 974 4169 the
986 4120 1119 4183 burgesses
1130 4121 1159 4169 of
1169 4120 1346 4183 Scarborough
1354 4136 1371 4171 e
1378 4126 1456 4185 grnnt

350 4186 384 4248 by
406 4184 460 4235 this
486 4198 561 4241 cese;
590 4184 636 4235 but
663 4184 697 4235 hc
724 4198 815 4233 names
842 4199 878 4233 no
928 4186 958 4234 ol
977 4184 1091 4234 freedom
1113 4185 1181 4236 from
1202 4186 1266 4245 toll;
1282 4186 1367 4236 which
1385 4186 1409 4235 is
1427 4192 1456 4237 to

350 4264 450 4301 names.
479 4248 534 4298 The
544 4249 613 4297 York
625 4250 729 4299 cherter
739 4249 762 4297 is
774 4248 878 4312 printed
928 4250 1045 4311 prevcil?
1078 4250 1221 4313 According
1235 4254 1263 4300 to
1276 4252 1390 4301 Brscton
1406 4251 1456 4314 pri·

351 4314 450 4365 innoc.
463 4314 533 4363 Cart.
546 4315 564 4363 l.
577 4316 609 4363 40
620 4313 673 4363 cnd
684 4314 707 4362 is
720 4314 799 4363 dated
815 4314 879 4365 seth
929 4315 980 4364 crit
1008 4314 1333 4367 olseisinwillorercome
1347 4316 1457 4381 priority

351 4378 442 4431 March
454 4380 526 4429 1200.
552 4378 607 4429 The
619 4378 794 4441 Scerbcrough
805 4378 879 4429 cher-
929 4380 980 4429 osc
1016 4383 1077 4431 rter.

1610 456 1630 554 ,l
