3342 5217
510 418 650 496 nasrna,
672 434 736 483 nu.
762 421 855 496 1232,
877 435 940 487 na
965 423 1015 487 16.
1249 420 1312 489 517

200 606 367 693 predictus
393 606 482 671 Elias
507 605 712 693 recuperauit
735 605 887 672 seisinam
911 629 1003 671 suam
1026 606 1067 671 de
1089 605 1204 672 eadem
1225 615 1313 673 terra

200 710 294 775 salua
307 708 522 773 incestitura¹
538 708 683 774 eiusdem
700 716 785 773 terre
800 707 863 794 ipsi
878 710 1022 775 Roberto
1036 732 1096 795 per
1108 710 1310 776 concordiam

199 811 355 877 intereos
375 813 494 876 factam
516 810 564 875 ita
586 810 672 896 quod
693 810 762 895 ipse
783 810 881 875 fidem
897 811 989 877 dedit
1004 811 1044 876 de
1060 813 1264 879 restituenda
1278 815 1310 879 ei

199 914 397 979 inuestitura
411 914 445 979 in
460 923 651 1000 autumpno,
665 923 700 978 et
715 914 783 1000 ipse
804 914 835 979 ei
854 915 1083 981 inuestituram
1107 917 1260 996 detinuit,
1275 928 1310 983 et

198 1015 272 1081 ideo
287 1017 494 1103 inplacitanit
510 1039 585 1081 eum
603 1016 638 1081 in
657 1016 747 1080 curia
769 1016 1000 1084 cristianitatis
1046 1020 1163 1085 Postea
1184 1021 1309 1087 dictum

200 1127 250 1183 est
277 1120 435 1206 Episcopo
462 1120 699 1185 Conuentrensi
729 1119 786 1205 qui
815 1143 947 1206 presens
972 1132 1022 1186 est
1048 1122 1135 1207 quod
1160 1124 1309 1189 absoluat

200 1223 306 1287 Eliam
328 1232 440 1288 contra
460 1245 558 1308 quem
576 1222 611 1286 in
627 1230 757 1287 tantum
772 1245 956 1308 processum
971 1224 1036 1289 fuit
1050 1225 1086 1289 in
1100 1226 1190 1291 curia
1203 1227 1307 1293 cristi-

199 1327 333 1391 anitatis
348 1327 435 1412 quod
453 1326 750 1391 excommunicatus
769 1324 854 1390 fuit'.
901 1326 944 1390 Et
958 1326 1083 1391 dictum
1099 1336 1149 1392 est
1164 1329 1307 1394 Roberto

199 1432 285 1516 quod
299 1432 340 1496 de
355 1439 462 1497 cetero
477 1454 542 1495 non
557 1438 712 1516 sequatur
726 1452 839 1494 uersus
853 1429 993 1495 eundem
1010 1430 1122 1496 Etiam

134 1596 142 1609 ,
264 1534 417 1599 Warinus
438 1533 479 1598 de
503 1534 615 1597 Monte
639 1532 768 1598 Canisio
788 1533 875 1618 petit
889 1556 1002 1598 uersus
1018 1534 1123 1598 Adam
1139 1534 1180 1599 de
1196 1535 1307 1620 Kailly
1384 1564 1410 1592 en

200 1643 234 1699 et
264 1634 431 1700 Mabiliam
469 1657 602 1699 uxorem
639 1633 710 1699 eius
739 1634 951 1699 medietatem
987 1634 1125 1699 duarum
1161 1636 1306 1721 parcium

199 1738 337 1804 duarum
367 1762 469 1805 carue.
499 1748 584 1803 terre
614 1761 688 1803 cum
718 1746 799 1824 pert.
829 1738 864 1802 in
895 1738 1107 1817 Luddeduna,
1133 1748 1168 1805 et
1194 1762 1307 1806 uersus

199 1844 371 1909 Isabellam
396 1844 436 1909 de
459 1843 596 1907 Friuilla
618 1843 751 1907 terciam
774 1852 901 1928 partem
927 1842 1066 1908 duarum
1091 1867 1193 1909 carue.
1220 1854 1305 1911 terre

199 1971 274 2013 cum
303 1957 383 2035 pert.
414 1948 448 2013 iu
478 1949 592 2014 eadem
622 1949 711 2025 uilla,
740 1956 775 2013 et
804 1970 918 2012 uersus
947 1948 1142 2013 Matillidem
1172 1949 1306 2017 Giffnu'

198 2045 410 2117 medietatem
432 2052 570 2118 duarum
592 2052 739 2139 parcium
758 2051 898 2115 duarum
918 2074 1019 2116 carue.
1035 2060 1120 2117 terre
1135 2076 1210 2117 cum
1225 2063 1306 2139 pert.

197 2155 233 2219 in
248 2156 363 2221 eadem
382 2157 463 2221 uilla
482 2164 521 2220 ut
544 2156 596 2220 ius
618 2178 714 2220 suum
737 2154 823 2219 unde
846 2154 986 2239 quedam
1010 2154 1132 2220 Oecilia
1152 2158 1307 2221 antecess'

197 2282 257 2323 sua
271 2260 334 2323 fuit
349 2258 461 2324 scisita
475 2259 509 2322 in
524 2258 685 2322 dominico
700 2280 759 2321 suo
774 2265 812 2321 ut
833 2257 874 2322 de
897 2255 990 2321 feodo
1012 2265 1047 2321 et
1068 2256 1139 2321 iure
1161 2266 1307 2343 tempore

198 2362 240 2427 Η
257 2363 357 2450 Regis
372 2364 427 2427 aui
442 2363 534 2427 Dom.
552 2363 652 2448 Regis
667 2361 823 2447 capiendo
839 2369 908 2438 eto,
918 2369 952 2425 et
967 2361 1007 2425 de
1023 2361 1170 2447 predicta
1185 2362 1307 2427 Cecilia

198 2466 275 2551 quia
289 2466 371 2529 obiit
386 2466 455 2531 sine
471 2466 589 2530 herede
604 2465 645 2530 de
661 2488 694 2529 se
710 2464 878 2529 descendit
893 2464 945 2529 ius
963 2472 1048 2529 terre
1067 2466 1156 2530 illius
1177 2466 1305 2531 cuidam

196 2569 321 2657 Agneti
336 2578 374 2633 ut
390 2568 488 2633 sorori
503 2576 538 2632 et
552 2567 664 2633 heredi
673 2566 692 2645 ⁸,
708 2575 742 2632 et
757 2568 835 2653 quia
850 2567 919 2653 ipse
935 2567 1120 2632 Willelmus
1139 2568 1222 2632 obiit
1236 2569 1305 2633 sine

196 2672 315 2739 herede
330 2673 371 2738 de
386 2696 420 2738 se
436 2672 602 2737 descendit
617 2672 668 2736 ius
683 2680 768 2736 terre
789 2671 877 2736 illius
891 2670 949 2735 isti
963 2671 1097 2735 Warino
1111 2681 1150 2735 ut
1165 2672 1257 2736 fratri
1271 2679 1306 2735 et

196 2775 309 2840 heredi
323 2798 389 2852 suc,
405 2784 439 2839 et
454 2775 540 2861 quod
560 2775 707 2860 predicta
729 2774 852 2840 Cecilia
873 2774 922 2839 ita
943 2774 1007 2838 fuit
1029 2773 1141 2839 seisita
1162 2784 1197 2839 et
1219 2776 1306 2861 quod

196 2874 262 2945 tale
278 2880 323 2944 sit
336 2879 387 2943 ius
402 2902 498 2943 suum
514 2880 608 2943 offert
623 2887 682 2944 etc.

262 2983 306 3047 Et
321 2981 394 3047 Ada
408 2990 443 3046 et
464 2981 600 3046 Mabilia
619 2991 654 3047 et
676 2982 738 3046 alie
762 2981 911 3059 ueniunt,
932 2990 966 3047 et
991 2981 1132 3046 Isabella
1155 2981 1248 3045 uenit
1271 2990 1305 3046 et

195 3094 292 3149 uocat
307 3085 382 3149 inde
398 3082 439 3150 ad
454 3093 633 3149 warantum
654 3085 816 3171 predictos
837 3086 944 3150 Adam
961 3085 1128 3149 Mabiliam
1145 3093 1180 3149 et
1195 3084 1306 3150 Matil-

195 3189 296 3254 lidem
318 3188 376 3274 qui
397 3196 563 3273 presentes
585 3198 663 3253 sunt
685 3197 720 3253 et
742 3188 809 3253 eis⁴
830 3188 1042 3252 warentiaant
1061 3196 1096 3252 et
1110 3187 1306 3272 respondent

194 3292 236 3356 de
252 3299 322 3355 toto
337 3300 371 3355 et
386 3290 566 3356 defendunt
581 3290 631 3355 ius
646 3291 748 3377 ipsius
764 3291 890 3355 Warini
904 3290 945 3355 de
960 3290 1074 3355 eadem
1091 3301 1177 3355 terra
1191 3300 1305 3355 tenen-

194 3396 238 3461 da
253 3395 288 3459 in
303 3394 471 3471 dominice,
487 3403 523 3459 et
542 3394 620 3459 satis
639 3404 838 3480 cognoscunt
860 3395 946 3480 quod
968 3394 1090 3460 Cecilia
1112 3393 1306 3460 Comitissa⁸

194 3499 236 3565 de
265 3499 358 3563 cuius
386 3497 505 3563 seisina
532 3498 618 3563 idem
644 3499 797 3563 Warinus
826 3499 912 3583 petit
942 3507 1062 3562 terram
1091 3499 1182 3563 illam
1212 3498 1305 3563 dedit

194 3613 314 3668 terram
341 3602 430 3667 illam
454 3625 528 3667 cum
551 3612 631 3688 pert.
659 3603 797 3668 Ricardo
819 3602 952 3669 Giffard'
976 3603 1063 3689 patri
1084 3603 1303 3689 predictarum

193 3705 329 3770 Mabilie
344 3714 379 3771 et
394 3706 554 3771 Isabelle⁶
568 3728 627 3791 per
641 3724 763 3771 cartam
779 3729 871 3771 suam
887 3729 985 3792 quam
1008 3707 1175 3791 proferunt
1191 3714 1224 3770 et
1240 3729 1303 3792 que

193 3818 336 3875 testatur
350 3810 436 3895 quod
450 3810 563 3874 eadem
580 3810 702 3877 Cecilia
715 3811 807 3876 dedit
827 3810 891 3897 ipsi
911 3800 1049 3875 Ricardo
1071 3820 1191 3875 ternam
1214 3810 1303 3874 illam

191 3914 263 3981 iure
291 3914 488 3991 hereditario
517 3914 743 4000 possidendam
769 3915 810 3979 de
837 3916 951 3980 eadem
977 3923 1012 3979 et
1038 3913 1211 3979 heredibus
1236 3913 1304 3977 suis

226 4129 236 4162 ¹
255 4128 311 4204 i'he
323 4131 425 4178 reaturo
436 4128 464 4177 oi
480 4126 525 4177 the
536 4126 607 4189 land,
620 4125 637 4177 i.
642 4141 664 4177 e.
679 4126 724 4176 tho
774 4127 863 4224 *85⁰³
872 4128 899 4176 to
910 4125 1028 4176 William
1037 4126 1062 4174 ia
1072 4124 1192 4187 missing.

192 4210 309 4308 mgwiidti
319 4208 493 4319 cthoepsprotest
518 4256 546 4305 oi
573 4256 618 4305 tho
640 4226 725 4320 oiergy
808 4194 1141 4306 vdhcintessofflereford
1154 4255 1194 4320 (?).
1217 4253 1301 4317 Dngd.

193 4340 246 4374 nn.
266 4325 329 4374 12³7
347 4322 449 4384 against
472 4322 535 4371 auch
557 4322 724 4384 proceedings
775 4324 837 4371 Bar.
852 4322 903 4370 vol.
917 4322 939 4378 1,
951 4337 977 4383 p.
990 4321 1046 4369 561.

193 4406 224 4440 as
236 4389 298 4447 this,
311 4388 380 4436 Ann.
393 4388 505 4438 Mouaat.
519 4387 570 4436 rol.
584 4388 607 4443 1,
619 4402 644 4449 p.
658 4390 714 4437 255.
808 4386 819 4417 ⁶
837 4388 907 4437 Corr.
922 4388 1062 4435 iracundis
1075 4385 1114 4447 (7).

227 4456 238 4487 ³
255 4456 277 4501 Δ
289 4456 346 4516 step
358 4454 385 4501 in
405 4452 448 4501 the
465 4452 569 4502 deacent
586 4451 635 4503 viz.
656 4454 723 4501 from
