3342 5217
465 466 699 529 arenarium,
722 466 787 519 an.
813 454 906 529 1219,
930 467 992 517 aa
1016 454 1111 519 3—4.
1301 452 1343 519 67

235 634 323 700 illius
338 636 478 714 ecclesie,
494 646 528 702 et
542 646 691 723 preterea
705 637 862 725 intelligit
877 638 964 725 quod
978 637 1118 703 Thomas
1138 638 1169 701 le
1190 636 1342 723 Sauuage

236 740 313 804 fecit
328 739 490 805 desaltam.

301 842 562 908 ¹Consideratum
578 852 628 909 est
644 844 731 930 quod
745 844 808 929 ipsi
822 843 965 909 habeant
979 844 1079 909 breue
1093 844 1136 909 ad
1156 843 1342 930 episcopum

236 940 322 1027 quod
358 965 422 1006 non
455 942 604 1007 obstante
633 944 864 1009 reclamacione
893 944 995 1030 ipsius
1023 943 1155 1009 Ricardi
1182 943 1341 1030 ydoneam

235 1068 404 1130 personam
439 1045 594 1111 admittat
628 1054 687 1113 etc.
718 1055 753 1113 et
787 1046 946 1112 Ricardus
974 1046 1010 1111 in
1039 1045 1256 1111 misericordia
1284 1068 1343 1131 pro

236 1148 357 1213 iniusto
393 1147 621 1234 inpedimento.
679 1150 779 1236 Hugo
815 1149 1011 1236 Capellanus
1045 1149 1109 1215 fuit
1137 1172 1273 1235 persona
1301 1149 1342 1214 de

237 1252 329 1317 cuius
350 1258 453 1317 morte
476 1252 632 1317 mamiato
652 1252 717 1316 fuit
739 1252 845 1318 assisa
890 1253 934 1317 Et
956 1252 1123 1318 sciendum
1145 1253 1232 1338 quod
1253 1253 1343 1317 curia

236 1354 421 1420 recordatur
449 1354 535 1441 quod
563 1355 729 1421 Johannes
758 1356 900 1421 Maudut
927 1365 1022 1443 pater
1049 1358 1267 1444 predictarum
1293 1381 1341 1422 re·

236 1458 405 1545 cuperauit
427 1458 673 1525 aduocacionem
695 1458 796 1545 ipsius
818 1460 951 1526 ecclesie
972 1482 1085 1526 uersus
1105 1460 1286 1525 Gerardum
1300 1461 1341 1526 dc

236 1560 441 1647 Manqueney
470 1583 528 1646 per
556 1561 688 1627 assisam
717 1562 833 1627 ultime
864 1563 1117 1649 presentacionis
1148 1572 1278 1649 ceptam
1307 1564 1342 1628 in

237 1664 325 1729 curie
339 1663 462 1729 domini
477 1664 576 1750 Regis
591 1665 614 1730 J
615 1663 750 1729 ohannis
764 1664 888 1731 scilicet
901 1688 986 1731 anno
1001 1666 1105 1751 primo
1124 1666 1217 1752 regni
1236 1666 1288 1730 sui
1307 1673 1343 1729 et

237 1765 297 1833 hoc
313 1770 384 1853 [per
397 1775 598 1833 attornatum
613 1768 738 1852 suum¹]
754 1768 842 1834 idem
856 1770 1030 1835 inuentum
1048 1777 1099 1835 est
1118 1768 1153 1835 in
1172 1769 1288 1835 rotulis
1307 1777 1342 1834 et

237 1870 310 1935 ideo
325 1870 384 1935 fiat
398 1872 523 1936 mencio
538 1871 573 1936 in
587 1871 680 1937 breui
694 1872 735 1937 de
749 1872 806 1937 illa
820 1871 937 1938 assisa'.

153 1978 177 2038 '.
301 1974 428 2040 ‘Assisa
448 1975 541 2039 uenit
563 1974 768 2061 recognitum
789 1975 862 2061 quis
883 1974 1060 2041 aduocatus
1082 1982 1227 2060 tempore
1253 1973 1341 2060 pacis
1392 1990 1458 2031 Beck

236 2077 438 2163 presentauit
452 2078 603 2142 ultimam
617 2099 786 2163 personam
806 2100 870 2163 que
892 2085 1022 2143 mortua
1041 2084 1091 2141 est
1110 2076 1153 2141 ad
1173 2076 1341 2141 ecclesiam
1354 2096 1506 2137 Anu-urano

235 2180 276 2245 de
300 2180 385 2245 Eure
408 2202 470 2266 que
492 2188 588 2245 uacat
610 2189 669 2246 etc
689 2180 781 2245 cuius
802 2181 1051 2246 aduooacionem
1070 2179 1236 2245 Johannes
1255 2179 1342 2244 filius
1353 2149 1458 2230 lm*

236 2282 371 2349 Roberti
389 2284 507 2349 clamat
525 2306 638 2349 uersus
658 2284 822 2352 Abbatem
842 2284 884 2349 de
906 2284 1092 2371 Langelega
1113 2282 1170 2369 qui
1191 2283 1285 2349 uenit
1307 2291 1342 2349 et

235 2386 423 2474 dicitquod
445 2387 544 2453 assisa
565 2410 629 2452 non
652 2387 750 2453 debet
771 2387 848 2453 inde
870 2387 949 2465 fieri,
971 2387 1049 2474 quia
1070 2386 1231 2451 Robertus
1254 2387 1340 2451 filius

235 2489 362 2576 Rogeri,
376 2498 469 2575 pater
486 2489 588 2576 ipsius
607 2489 630 2554 J
631 2489 765 2555 ohannis
786 2490 878 2555 euius
897 2491 990 2555 heres
1009 2490 1078 2575 ipse
1100 2498 1151 2555 est
1172 2489 1340 2555 ecclesiam

233 2590 324 2655 illem
346 2591 438 2656 dedit
459 2591 583 2656 Abbati
605 2590 646 2655 de
669 2590 856 2677 Langeleha
880 2613 939 2677 per
967 2600 1090 2655 cartam
1118 2613 1212 2656 susm
1241 2614 1338 2677 quam

233 2696 354 2778 profert
374 2702 409 2761 et
436 2718 499 2783 que
519 2703 668 2773 testatur,
683 2696 770 2781 quod
789 2696 874 2782 ipse⁸
888 2696 996 2761 anime
1016 2696 1117 2782 Regis
1131 2696 1290 2761 Johannis
1305 2707 1340 2762 et

233 2823 291 2886 pro
304 2800 410 2865 salute
430 2800 537 2865 anime
557 2822 615 2865 sue
635 2808 694 2865 etc
710 2800 803 2867 dedit
824 2810 860 2865 et
881 2801 1037 2867 concessit
1057 2800 1094 2866 in
1115 2810 1275 2888 quantum
1297 2801 1339 2868 ad

233 2902 348 2967 laicam
370 2910 497 2991 spectat
518 2902 727 2967 donacionem
750 2901 857 2966 dedit⁶
878 2901 939 2967 deo
961 2910 996 2968 et
1017 2904 1149 2968 ecclesie
1181 2903 1212 2969 S.
1237 2902 1338 2967 Marie

232 3005 273 3070 de
289 3004 488 3092 Langelega'
503 3013 537 3070 et
552 3004 713 3070 canonicis
728 3005 850 3070 ibidem
864 3005 925 3069 deo
940 3005 1157 3071 seruientibus
1172 3005 1339 3071 ecelesiam

232 3111 273 3176 de
289 3112 375 3176 Eure
390 3133 464 3176 cum
487 3110 636 3175 omnibus
656 3110 865 3197 pertinenciis
884 3110 951 3175 suis
970 3111 1005 3174 in
1023 3133 1139 3196 puram
1153 3111 1288 3176 liberam
1304 3120 1339 3175 et

232 3222 424 3299 perpetuam
454 3213 663 3279 elemosinam
694 3221 753 3279 etc.
799 3213 925 3277 Profert
955 3213 1057 3277 eciam
1087 3220 1210 3278 cartam
1239 3214 1339 3299 Regis

233 3317 364 3383 Ricardi
399 3318 434 3382 in
471 3340 536 3405 qua
571 3317 757 3382 continetur
785 3316 873 3402 quod
901 3316 970 3402 ipse
999 3316 1090 3381 dedit
1119 3324 1154 3380 et
1183 3317 1339 3381 concessit

232 3421 375 3487 Roberto
397 3422 465 3486 filio
487 3421 606 3507 Rogeri
627 3443 686 3507 pro
705 3419 856 3506 homagio
876 3428 910 3485 et
930 3420 1065 3485 seruicio
1084 3442 1143 3484 suo
1158 3420 1338 3484 manerium

232 3525 273 3589 de
304 3524 390 3589 Eure
418 3525 545 3611 integre
570 3524 640 3589 sine
662 3524 730 3588 ullo
751 3532 975 3589 retenemento
998 3546 1072 3587 cum
1094 3522 1245 3587 omnihus
1266 3544 1338 3609 per-

231 3628 383 3695 tinenciis
411 3628 478 3692 suis
508 3626 686 3693 tenendum
716 3626 757 3691 de
787 3648 825 3691 eo
854 3634 889 3691 et
918 3624 1091 3690 heredibus
1120 3625 1188 3691 suis
1216 3625 1339 3691 sibiet

232 3733 406 3799 heredibus
430 3732 498 3797 suis
521 3755 579 3818 per
604 3732 777 3797 seruicium
803 3731 889 3796 feodi
914 3731 1011 3795 unius
1033 3730 1148 3794 militis
1171 3753 1229 3816 pro
1250 3731 1339 3795 omni

230 3838 367 3903 semicio
382 3860 480 3924 quare
495 3838 569 3901 uult
585 3844 619 3902 et
633 3837 771 3923 precipit
786 3837 873 3923 quod
887 3836 974 3901 idem
986 3836 1149 3901 Robertus
1160 3846 1194 3901 et
1205 3836 1339 3901 heredes

262 4015 674 4079 ¹This1’udgmentisnotinB.
809 4015 892 4066 made.
926 4014 978 4064 For
993 4014 1038 4064 the
1053 4012 1145 4064 earlier
1154 4013 1285 4076 litigetion
1297 4030 1340 4065 see

262 4082 360 4132 ’Ina
379 4082 425 4132 the
439 4082 522 4131 words
537 4097 585 4144 per
603 4088 759 4131 attentatum
809 4081 870 4131 Rot.
882 4079 942 4129 Cur.
956 4080 1018 4141 Bcg.
1034 4080 1085 4129 vol.
1098 4081 1123 4138 2,
1138 4094 1163 4142 p.
1178 4082 1217 4131 18.

229 4164 303 4197 mem
323 4146 417 4209 belong
441 4150 469 4197 to
491 4146 602 4197 another
623 4160 690 4204 case,
713 4146 759 4195 but
842 4146 899 4195 *Δ
914 4147 1011 4202 m.20;
1033 4145 1065 4193 B.
1076 4159 1112 4193 m.
1125 4148 1156 4193 14
1165 4144 1191 4194 d.

229 4213 293 4276 they
304 4212 402 4275 projeet
412 4212 469 4261 into
484 4212 538 4261 thir
552 4226 611 4261 enee
625 4211 678 4261 aud
693 4210 759 4261 have
843 4211 854 4243 ⁵
866 4225 914 4272 pro
925 4212 1007 4259 salute
1018 4210 1050 4270 A,
1062 4209 1085 4257 Β
1097 4211 1199 4273 supply.

229 4278 323 4329 misled
332 4276 379 4328 the
389 4277 507 4339 copyist3
524 4275 656 4339 disregard
666 4274 748 4325 them.
842 4273 1025 4324 ‘Omitcledr't
1037 4276 1067 4336 Δ,
1080 4274 1110 4324 Β.

261 4344 273 4377 ³
288 4342 391 4405 Ahuge
402 4344 483 4392 Error
493 4341 542 4393 hae
553 4342 618 4391 been
631 4340 760 4391 seribbled
842 4339 853 4373 ⁷
869 4339 959 4402 Abbey
978 4339 1008 4389 ot
1027 4339 1145 4403 hengley
1163 4340 1193 4389 in
1214 4339 1339 4398 Norlolk;

228 4409 258 4459 in
275 4409 322 4458 the
339 4406 441 4469 margin
461 4407 490 4457 ot
510 4407 540 4465 Δ,
557 4404 710 4470 apparently
726 4404 760 4469 by
810 4405 924 4455 Monast.
936 4404 987 4455 vol.
1001 4404 1035 4455 ri.
1047 4419 1074 4467 p.
1086 4406 1142 4458 929.

149 4470 158 4477 ’
227 4474 274 4525 the
287 4488 382 4537 person
398 4472 457 4523 who
478 4472 533 4522 had
553 4470 599 4521 the
620 4470 761 4522 note-book

1168 4573 1253 4634 5-2
