3342 5217
394 431 454 496 162
695 449 844 510 rmsmr,
866 452 928 497 nn.
955 438 1046 510 1222,
1071 453 1130 501 ns.
1155 441 1183 502 6.

455 616 512 680 Er
529 617 628 682 Lucia
642 619 753 684 relicte
767 621 897 686 Andree
912 630 947 686 et
967 621 1045 687 elie²
1064 621 1216 688 mulieres
1238 625 1332 690 misse
1354 625 1395 690 sd
1416 627 1485 711 pal-

389 720 527 804 pandam
550 721 727 806 predictam
749 723 906 789 Leticicm
927 724 1040 790 dicunt
1054 734 1093 791 ut
1107 727 1297 814 intelligunt
1312 729 1398 814 quod
1413 724 1484 815 ipsa

389 843 548 908 pregnans
559 833 615 888 est.

329 981 335 996 ,
453 924 627 990 'Dominus
648 925 719 991 Rex
744 929 830 1012 petit
855 950 968 994 uersus
993 932 1135 997 Priorem
1160 931 1200 997 de
1228 933 1484 999 Kenillewurthe

388 1029 596 1095 medietatem
618 1031 840 1097 eduocccionis
861 1034 992 1098 ecclesie
1014 1034 1055 1098 de
1078 1035 1195 1100 Stokes
1215 1047 1255 1101 ut
1274 1037 1325 1101 ius
1339 1061 1434 1102 suum
1449 1048 1484 1103 et

388 1139 426 1195 ut
448 1131 536 1198 illam
559 1133 644 1198 unde
667 1134 815 1199 dominus
830 1135 871 1199 Η
894 1135 964 1200 Rex
978 1159 1061 1201 anns
1074 1159 1152 1202 suns
1166 1139 1229 1202 fuit
1244 1141 1374 1206 scisitus
1388 1150 1427 1207 ut
1440 1142 1483 1207 de

387 1234 479 1300 feodo
493 1243 528 1300 et
542 1235 611 1300 iure
626 1236 674 1300 its
688 1236 773 1322 quod
787 1239 988 1322 presenteuit
1008 1240 1169 1325 quendem
1184 1241 1377 1306 Viuienum⁴
1391 1244 1483 1308 cleri·

306 1369 318 1399 0
340 1371 359 1400 e
387 1360 461 1403 cum
475 1339 532 1426 qui
543 1340 584 1404 ad
595 1341 867 1426 presentationem
883 1365 974 1407 suem
988 1344 1052 1408 fuit
1066 1345 1223 1411 admissus
1238 1347 1392 1432 capiendo
1407 1348 1484 1413 inde

225 1417 338 1541 *euidenti
357 1465 367 1492 ⁵
387 1444 515 1530 explete
529 1446 615 1510 utin
631 1445 848 1512 oblacionibus
867 1455 926 1512 etc.
942 1457 977 1513 et
998 1449 1039 1513 de
1060 1449 1130 1535 ipso
1152 1451 1294 1516 Henrico
1315 1451 1483 1516 descendit

270 1558 309 1588 ⁰¹²
385 1546 443 1622 ius¹
465 1547 552 1612 illius
576 1548 796 1614 aduocacionis
822 1549 963 1615 Henrico
984 1551 1069 1638 Regi
1095 1552 1176 1616 filio⁶
1201 1574 1259 1617 suo
1285 1553 1386 1617 etde
1412 1555 1483 1640 ipso

386 1651 525 1716 Henrico
541 1651 624 1738 Regi
639 1652 775 1716 Ricardo
786 1652 878 1716 fratri
893 1675 950 1718 suo
961 1662 996 1718 et
1010 1653 1050 1718 de
1065 1654 1178 1719 eodem
1193 1654 1330 1720 Ricardo
1344 1655 1436 1742 Rege
1451 1657 1482 1722 J.

385 1754 469 1840 Regi
493 1763 526 1819 et
550 1755 590 1820 de
614 1756 726 1821 eodem
749 1757 899 1821 Johenne
922 1757 1027 1822 eidem
1049 1758 1179 1823 domino
1201 1759 1286 1845 Regi
1307 1767 1345 1824 ut
1365 1759 1432 1824 filio
1447 1769 1483 1824 et

385 1858 494 1924 heredi
509 1883 566 1924 suo
580 1870 614 1924 et
629 1860 688 1926 hoe
703 1862 797 1925 offert
812 1860 890 1926 etc⁸

395 2029 399 2038 ,
451 1961 494 2024 Et
509 1962 598 2027 Prior
612 1963 704 2029 uenit
719 1972 752 2027 et
773 1962 918 2028 defendit
940 1964 991 2028 ius
1013 1987 1108 2029 suum
1131 1974 1165 2030 et
1187 1965 1337 2030 seisinem
1358 1967 1482 2032 domini

385 2067 484 2155 Regis
502 2069 558 2133 eui
576 2070 626 2134 sui
650 2079 684 2133 et
708 2069 787 2134 dicit
809 2068 895 2155 quod
917 2069 1126 2134 medietatem
1148 2069 1238 2134 illem
1259 2071 1482 2136 eduocecionis
1556 2062 1560 2068 ⁵

385 2171 528 2236 eiusdem
543 2173 674 2238 ecclesie
688 2173 788 2238 hsbet
802 2173 871 2258 ipse
886 2195 926 2238 ex
940 2173 1023 2237 dono
1038 2173 1174 2238 Walteri
1189 2173 1229 2238 de
1245 2175 1480 2240 Kenereswelle

385 2283 420 2339 et
434 2275 568 2360 profert'
588 2285 646 2342 etc.
670 2276 755 2364 quod
777 2277 846 2363 ipse
869 2278 959 2342 dedit
980 2286 1039 2342 etc.
1062 2296 1120 2363 pro
1141 2278 1202 2343 deo
1224 2288 1282 2344 etc
1307 2280 1342 2344 in
1364 2302 1479 2365 puram

385 2379 591 2444 elemosinam
620 2388 654 2445 et
682 2390 872 2467 perpetuam
901 2382 962 2447 deo
988 2392 1021 2447 et
1046 2383 1178 2448 ecclesie
1208 2384 1238 2449 S.
1269 2383 1413 2449 wulfadi
1438 2385 1481 2449 de

387 2481 511 2546 Stenis⁸
526 2490 560 2547 et
570 2484 729 2549 cononicis
739 2484 861 2549 ibidem
873 2492 932 2548 etc.
942 2484 1152 2549 medietatem
1164 2486 1296 2550 ecclesie
1307 2487 1348 2551 de
1361 2487 1479 2552 Stokes

384 2608 457 2650 cum
487 2587 616 2672 capellis
645 2596 679 2654 et
705 2588 776 2652 eliis
804 2588 1017 2673 pertinenciis
1063 2588 1187 2652 Profert
1212 2589 1314 2654 eciem
1342 2589 1481 2654 certam'

382 2689 504 2754 domini
519 2691 617 2779 Regis
632 2692 673 2757 H.
689 2691 743 2756 ani
761 2691 883 2755 domini
901 2691 1000 2778 Regis
1019 2713 1083 2776 que
1097 2690 1243 2755 concedit
1258 2700 1294 2756 et
1307 2692 1477 2756 confirmet

383 2791 429 2856 eis
444 2792 550 2878 plures
565 2802 665 2858 terras
680 2801 713 2857 et
729 2791 876 2858 ecclesias
890 2791 975 2858 inter
989 2813 1069 2878 quas
1083 2792 1250 2856 confirmet
1262 2791 1308 2856 eis
1321 2791 1479 2856 medieta-

383 2903 450 2960 tem
466 2895 595 2960 ecclesie
611 2895 651 2960 de
667 2895 783 2961 Stokes
798 2917 839 2959 ex
853 2894 936 2959 dono
951 2893 1088 2958 Walteri
1105 2892 1146 2957 de
1161 2893 1377 2959 Kenerswelle
1393 2894 1479 2960 unde

383 2996 462 3062 dicit
479 2998 712 3088 quoddesiout
733 3021 814 3063 auus
835 2997 958 3063 domini
980 2997 1079 3084 Regis
1100 2997 1267 3062 confimat
1289 2997 1336 3062 eis
1356 2996 1478 3062 donum

381 3102 463 3168 illud
488 3104 619 3168 uidetur
642 3104 672 3168 ei
695 3103 781 3190 quod
806 3103 956 3169 dominus
983 3102 1055 3167 Rex
1081 3102 1179 3167 debet
1208 3102 1268 3167 hoc
1297 3102 1417 3167 donum
1447 3103 1480 3168 ei

382 3207 593 3271 warentizere.

446 3311 490 3374 Et
504 3309 652 3374 dominus
667 3310 736 3374 Rex
752 3332 809 3395 per
829 3309 989 3376 Comitem
1010 3308 1135 3375 cestrie
1157 3316 1357 3374 attomatum
1379 3331 1477 3376 suum

381 3414 569 3501 dicitquod
594 3416 763 3480 cartaille
789 3415 819 3479 ei
845 3436 958 3478 nocere
984 3436 1048 3477 non
1074 3414 1180 3490 debet,
1206 3415 1284 3500 quie
1312 3415 1477 3501 predictus

307 3527 309 3534 “
380 3519 543 3583 Walterus
565 3519 627 3583 fuit
647 3520 787 3584 bellinus
804 3519 926 3585 domini
941 3518 1041 3605 Regis
1056 3520 1097 3583 Η
1114 3519 1169 3582 eui
1184 3519 1234 3582 sui
1249 3528 1284 3583 et
1298 3520 1477 3586 uiceeomes

411 3745 532 3794 lecilicet
543 3749 589 3793 not
600 3753 632 3803 ct,
644 3745 674 3792 B.
949 3742 1475 3799 wsscrowned,butdiedinhisfether’s

411 3811 530 3860 ⁹Nemes
542 3810 570 3858 in
581 3811 612 3858 B.
948 3807 1064 3857 lifetime.
1098 3808 1123 3857 lt
1134 3807 1158 3856 is
1168 3809 1271 3856 curicus
1282 3808 1407 3858 therefore
1415 3810 1475 3860 that

411 3875 467 3924 ³B.
485 3891 519 3923 m.
537 3877 560 3924 ὅ.
591 3875 703 3924 Brccton
722 3874 750 3938 (f.
768 3874 828 3923 5311
845 3873 898 3923 end
949 3872 993 3921 the
1003 3873 1108 3922 descent
1119 3871 1473 3936 shouldbctrscedthrough

377 3940 454 4002 cgein
466 3940 483 3991 l.
493 3942 541 3988 246
552 3940 578 4000 b)
586 3940 648 3988 cites
656 3941 721 3987 from
734 3939 788 3988 Hil.
797 3939 827 3987 A.
836 3939 866 3989 R.
880 3941 896 3988 6
948 3937 1022 3999 him;
1039 3938 1085 3986 bnt
1096 3952 1137 3986 see
1147 3938 1191 3986 Br.
1202 3939 1220 3988 f.
1235 3940 1291 3988 374.

378 4021 394 4054 n
409 4021 466 4054 cnse
484 4005 593 4054 between
611 4006 654 4053 the
669 4005 731 4053 Enrl
747 4005 776 4053 ol
791 4004 898 4052 chester
979 4001 990 4034 ⁸
1006 4012 1030 4051 et
1043 4005 1085 4051 hoc
1097 4005 1168 4065 offert
1179 4010 1232 4062 etc,
1247 4007 1294 4052 not
1305 4002 1333 4051 in
1344 4003 1375 4051 Β.

378 4069 445 4135 (who
462 4069 521 4120 here
537 4085 643 4132 appears
659 4085 688 4118 ss
704 4069 748 4118 the
759 4068 844 4130 king's
858 4072 896 4117 st·
980 4066 992 4100 ⁷
1008 4075 1104 4116 cortem
1116 4070 1224 4117 ciuem
1242 4069 1346 4117 Walten'
1361 4083 1408 4131 que
1426 4075 1473 4119 tes-

376 4135 476 4199 torney)
491 4134 543 4184 end
560 4135 603 4183 the
614 4134 687 4183 Prior
698 4136 726 4182 ol
741 4133 898 4182 Kenilworth
949 4140 1027 4189 tatur,
1039 4133 1069 4181 B.

376 4200 499 4262 tonching
521 4199 565 4248 the
586 4199 682 4249 chureh
704 4200 732 4248 ol
757 4199 842 4248 Stoke.
873 4198 898 4248 It
980 4196 1063 4246 aThe
1073 4197 1160 4259 priory
1171 4198 1199 4245 of
1213 4197 1292 4246 Stone
1304 4197 1332 4245 in
1349 4197 1472 4248 seirom-

376 4280 435 4328 msy
447 4266 477 4315 be
494 4269 520 4314 to
538 4265 581 4314 the
596 4265 699 4327 present
715 4278 773 4314 csse
789 4263 848 4313 thot
863 4263 896 4312 hc
948 4261 1017 4311 shire
1038 4276 1091 4310 was
1112 4277 1128 4312 s
1155 4263 1202 4310 cell
1223 4263 1253 4310 ol
1275 4261 1321 4310 the
1339 4262 1425 4324 Abbey
1446 4266 1476 4312 ol

375 4332 461 4379 refers.
947 4326 1111 4377 Kenilwortn
1147 4327 1260 4376 Monest.
1271 4327 1322 4374 vol.
1338 4329 1362 4376 6.
1374 4343 1400 4390 p.
1412 4331 1470 4379 225.

407 4397 418 4426 ⁴
434 4397 446 4444 l
460 4397 626 4452 Viennensium,
639 4395 668 4445 B.
979 4392 990 4424 ⁹
1006 4392 1117 4441 Monest.
1129 4391 1179 4440 rol.
1191 4393 1215 4441 6.
1227 4407 1252 4454 p.
1264 4393 1320 4439 232.

406 4461 417 4492 ὅ
433 4460 530 4521 Henry,
540 4474 587 4508 son
600 4459 627 4508 of
636 4459 726 4520 Henry
734 4458 778 4508 the
788 4457 896 4515 Second.
