3342 5217
342 382 383 442 18
523 390 652 441 aasrna
675 388 747 439 sun
769 390 918 450 rnrsrrr,
941 388 1006 439 an.
1030 376 1124 451 1219,
1147 390 1210 439 aa.
1234 376 1263 439 3.

340 563 427 651 quod
452 564 581 650 quando
605 563 678 627 finis
701 562 756 627 ille
783 562 888 625 faetus
913 560 977 625 suit
999 560 1086 625 idem
1107 560 1274 625 Johannes
1296 582 1361 624 non
1384 560 1448 625 fuit

340 668 375 732 in
390 667 509 731 saisina
522 666 563 730 de
578 674 665 731 terra
682 664 746 741 illa,
761 663 861 727 immo
881 662 1045 749 prodictus
1066 664 1166 749 Hugo
1188 663 1252 727 fuit
1273 662 1308 727 in
1330 663 1449 727 seisina

341 772 426 835 siout
446 771 487 835 de
510 770 567 835 illa
589 768 676 835 unde
697 767 865 833 Johannes
886 766 1053 832 dimiserat
1078 790 1113 831 se
1137 776 1171 832 et
1194 766 1270 832 inde
1293 766 1387 853 ponit
1412 790 1446 832 se

341 896 437 960 super
451 873 592 938 iuratam
606 871 719 958 patrie.

407 976 451 1041 Et
475 976 660 1041 Gilebertus
686 974 772 1061 petit
797 974 955 1039 iudicium
980 974 1009 1039 si
1037 974 1098 1039 hoo
1126 973 1245 1039 debeat
1274 974 1305 1039 ei
1333 996 1447 1040 nocere

342 1079 427 1165 quod
449 1079 617 1143 «lohannes
642 1078 743 1141 talem
765 1076 1016 1141 conuentionem
1043 1076 1120 1140 feeit
1144 1076 1289 1162 predicto
1313 1077 1447 1164 Hugoni

342 1192 377 1247 et
399 1182 426 1247 si
448 1182 508 1246 hoe
530 1203 595 1245 non
617 1180 736 1245 sufficit
759 1178 846 1265 quod
867 1178 941 1243 finis
963 1179 1067 1243 faetus
1088 1178 1151 1244 fuit
1165 1180 1253 1244 inter
1266 1181 1445 1267 predictum

344 1285 510 1351 Simonem
536 1294 570 1349 et
596 1284 779 1349 Johannem
805 1292 933 1369 patrem
962 1283 1064 1369 ipsius
1093 1284 1244 1370 Hugonis
1271 1293 1447 1371 antequam

341 1388 406 1453 suit
421 1386 614 1473 desponsata
628 1385 753 1451 atinde
768 1408 802 1451 se
817 1386 910 1471 ponit
925 1408 1022 1472 super
1034 1387 1175 1452 iuratam
1189 1388 1304 1474 patrie.

409 1491 452 1554 Et
468 1489 611 1556 Oristina
625 1488 753 1574 quesita
767 1487 824 1553 ubi
840 1497 925 1552 esset
940 1488 1039 1575 Hugo
1059 1489 1112 1553 uir
1130 1512 1208 1555 suus
1227 1490 1356 1576 quando
1374 1490 1448 1554 finis

343 1594 448 1657 faetus
469 1590 533 1656 fuit
554 1590 634 1655 dicit
656 1590 742 1677 quod
765 1590 828 1654 fuit
850 1590 938 1655 ultra
958 1612 1046 1655 mare
1069 1599 1103 1654 et
1121 1590 1207 1677 quod
1227 1599 1339 1677 postea
1355 1592 1449 1656 uenit

342 1704 416 1783 post
445 1694 544 1760 finem
573 1694 666 1759 illum
697 1701 731 1759 et
761 1693 824 1758 fuit
854 1693 952 1759 uiuus
977 1716 1036 1780 per
1060 1718 1111 1759 xv.
1137 1717 1237 1759 annos
1262 1704 1296 1759 et
1321 1695 1448 1760 nullum

343 1802 495 1867 elamium
510 1800 668 1888 apposuit.

409 1904 533 1969 Eadem
556 1903 699 1970 Oristina
719 1903 804 1989 petit
827 1902 940 1968 eodem
960 1903 1055 1968 modo
1074 1904 1208 1969 temiam
1229 1912 1355 1990 partem
1376 1906 1448 1971 red·

343 2008 433 2073 ditus
455 2031 505 2073 xv.
529 2007 702 2073 solidorum
725 2030 838 2073 uersus
864 2007 1065 2072 Willelmum
1091 2007 1131 2072 de
1154 2009 1186 2072 la
1208 2008 1314 2075 Meroe
1338 2010 1373 2073 in
1394 2032 1447 2074 ea-

343 2113 417 2177 dem
442 2111 522 2176 uilla
545 2120 584 2175 ut
608 2110 717 2175 dotem
742 2134 834 2175 suam
857 2119 915 2175 etc.
961 2112 1005 2176 Et
1027 2112 1210 2176 Willelmus
1230 2112 1375 2177 defendit
1398 2113 1449 2177 ius

344 2239 439 2281 suum
455 2224 488 2280 et
503 2216 583 2280 dicit
598 2215 685 2301 quod
698 2216 863 2302 predictus
876 2216 900 2280 J
900 2216 1043 2281 ohannes
1056 2224 1151 2303 pater
1160 2218 1310 2304 Hugonis
1324 2218 1449 2283 remisit

344 2320 375 2385 ei
391 2326 614 2384 tenementum
630 2340 687 2404 pro
707 2340 770 2404 quo
788 2317 921 2383 reddere
936 2319 1060 2384 solebat
1074 2342 1124 2385 xv.
1140 2319 1256 2384 solidos
1270 2320 1448 2385 tenendum

345 2421 407 2487 sibi
433 2429 467 2485 et
492 2419 665 2485 heredibus
696 2420 762 2485 suis
791 2444 850 2507 per
877 2422 1051 2487 semieium
1080 2432 1219 2509 quatuor
1246 2423 1449 2489 denariorum

344 2524 513 2590 annuatim
538 2524 764 2589 soluendorum
789 2526 853 2612 ipsi
878 2526 1022 2591 Johanui
1045 2535 1080 2591 et
1105 2528 1278 2593 heredibus
1300 2529 1367 2593 suis
1392 2552 1449 2616 pro

344 2629 432 2693 omni
447 2628 582 2694 seruioio
597 2635 631 2693 et
646 2627 722 2693 inde
737 2630 859 2715 profert
873 2638 995 2694 cartam
1016 2630 1117 2717 ipsius
1131 2631 1154 2696 J
1155 2631 1290 2695 ohannis
1309 2654 1372 2717 que
1389 2632 1450 2697 hoc

343 2732 431 2796 idem
453 2739 594 2796 testatur
616 2739 650 2795 et
671 2730 751 2796 dicit
771 2732 857 2817 quod
878 2732 937 2797 hoe
958 2733 1080 2797 fartum
1095 2734 1159 2797 fuit
1173 2744 1348 2821 antequam
1362 2736 1449 2799 idem

345 2837 444 2922 Hugo
460 2857 532 2899 eam
547 2834 755 2921 desponsauit
770 2836 857 2899 unde
872 2836 1005 2900 uidetur
1019 2836 1050 2900 ei
1065 2836 1150 2922 quod
1170 2858 1234 2901 non
1255 2837 1353 2902 debet
1372 2838 1448 2903 inde

343 2938 454 3002 dotem
469 2937 595 3002 habere.

410 3041 454 3104 Et
464 3040 606 3106 Oristina
617 3040 710 3105 uenit
721 3048 755 3105 et
767 3040 847 3104 dicit
859 3040 944 3126 quod
956 3049 1045 3105 carta
1054 3041 1112 3105 illa
1120 3043 1206 3106 faeta
1217 3042 1280 3106 fuit
1291 3051 1364 3129 post
1375 3065 1448 3106 eon·

344 3142 534 3207 uenoionem
550 3143 669 3206 tantam
684 3140 771 3206 inter
784 3141 807 3207 J
808 3142 967 3205 ohannem
982 3149 1109 3227 patrem
1123 3142 1225 3227 ipsius
1243 3143 1393 3229 Hugonis
1414 3152 1449 3207 et

344 3246 452 3333 ipsum
464 3247 639 3332 Hugonem
651 3253 685 3310 et
700 3254 871 3330 postquam
883 3244 954 3330 ipsa
964 3245 1028 3309 fuit
1036 3243 1228 3329 desponsata
1241 3245 1304 3330 ipsi
1315 3246 1450 3332 Hugoni

260 3388 265 3399 ·
345 3360 379 3415 et
394 3350 470 3415 inde
485 3352 577 3436 ponit
588 3372 622 3414 se
635 3372 731 3435 super
739 3350 879 3414 iuratam
892 3350 996 3435 patrie
1011 3359 1045 3414 et
1055 3349 1238 3415 Willelmus
1248 3351 1403 3418 similiter.
1424 3353 1430 3440 Ι

411 3454 490 3519 Dies
510 3452 607 3518 datus
627 3460 676 3517 est
696 3452 743 3517 eis
763 3451 803 3516 de
824 3451 986 3517 audiendo
1004 3451 1124 3516 iudicio
1139 3474 1197 3515 suo
1211 3474 1231 3516 a
1245 3451 1298 3517 die
1314 3453 1345 3518 S.
1362 3454 1447 3519 Trin

346 3558 380 3620 in
399 3556 535 3621 radies
555 3564 589 3619 et
610 3556 687 3640 quia
706 3576 765 3639 per
783 3563 905 3618 cartam
926 3562 1084 3619 testatum
1106 3562 1156 3618 est
1177 3554 1263 3639 quod
1284 3554 1450 3621 Johannes

345 3668 439 3745 pater
454 3658 604 3744 Hugonis
619 3679 745 3742 semper
760 3656 868 3721 tenuit
883 3666 1002 3720 terram
1017 3655 1107 3721 illam
1128 3664 1162 3720 et
1181 3678 1247 3720 non
1265 3656 1396 3722 demisit
1416 3683 1450 3724 se

347 3772 381 3825 et
406 3768 554 3846 preterea
577 3758 663 3822 idem
690 3758 789 3844 Hugo
815 3758 942 3822 nullum
965 3758 1118 3822 olamium
1144 3758 1294 3843 apposuit
1319 3770 1358 3823 ut
1381 3761 1452 3847 ipsa

347 3863 499 3949 cognouit
511 3862 758 3928 Consideratum
770 3870 820 3925 est
835 3861 920 3946 quod
932 3861 994 3946 ipsi
1006 3860 1081 3925 inde
1092 3861 1196 3946 quieti
1211 3870 1245 3925 et
1261 3863 1403 3928 Oristina
1416 3865 1451 3929 in

347 3965 563 4031 misericordia
574 3975 607 4029 et
622 3965 715 4029 heres
727 3966 796 4029 eius
811 3966 930 4030 habeat
945 3966 1011 4029 tale
1025 3988 1211 4051 recuperare
1223 3967 1318 4051 quale
1332 3967 1450 4033 habere

347 4068 479 4133 debebit
494 4078 528 4132 et
543 4068 613 4153 ipsa
628 4068 662 4131 in
678 4068 901 4132 misericordia.
939 4067 1031 4132 Idem
1047 4076 1096 4131 est
1112 4068 1152 4131 de
1168 4067 1352 4135 Willelmo¹.

378 4258 387 4291 ¹
406 4258 489 4307 There
499 4257 522 4307 is
534 4273 569 4307 no
580 4258 644 4308 need
660 4259 726 4309 sora
736 4259 810 4321 jum
827 4259 874 4309 the
924 4261 1036 4311 between
1056 4261 1100 4311 the
1119 4262 1205 4313 father
1224 4262 1316 4331 (John)
1336 4263 1388 4313 and
1408 4264 1452 4315 tha

346 4338 478 4372 easesoan
491 4322 873 4386 badeoidedonthepleadinga
923 4341 973 4375 son
990 4326 1090 4389 (Hugh)
1108 4326 1169 4377 does
1185 4332 1232 4378 not
1246 4342 1451 4378 serveasaeon·
1486 4344 1490 4349 ’

347 4388 399 4438 and
411 4387 547 4438 thedeeds.
571 4388 626 4438 The
637 4402 705 4438 mare
718 4390 873 4439 corruention
924 4391 1046 4440 stitutiou
1058 4392 1087 4440 of
1101 4392 1185 4442 dower
1200 4408 1231 4442 ax
1246 4408 1356 4443 assensu
1370 4395 1452 4455 patria
