<?xml version="1.0" encoding="UTF-8"?>
<!DOCTYPE html PUBLIC "-//W3C//DTD XHTML 1.0 Transitional//EN"
    "http://www.w3.org/TR/xhtml1/DTD/xhtml1-transitional.dtd">
<html xmlns="http://www.w3.org/1999/xhtml" xml:lang="en" lang="en">
 <head>
  <title>
</title>
<meta http-equiv="Content-Type" content="text/html;charset=utf-8" />
  <meta name='ocr-system' content='tesseract 3.04.00' />
  <meta name='ocr-capabilities' content='ocr_page ocr_carea ocr_par ocr_line ocrx_word'/>
</head>
<body>
  <div class='ocr_page' id='page_1' title='image "bractonsnoteboo01maitgoog_0639.png"; bbox 0 0 3342 5217; ppageno 0'>
   <div class='ocr_carea' id='block_1_1' title="bbox 223 134 1339 1559">
    <p class='ocr_par' dir='ltr' id='par_1_1' title="bbox 223 134 1337 824">
     <span class='ocr_line' id='line_1_1' title="bbox 223 134 1336 221; baseline -0.002 -20"><span class='ocrx_word' id='word_1_1' title='bbox 223 145 343 201; x_wconf 87' lang='lat' dir='ltr'><strong>terram</strong></span> <span class='ocrx_word' id='word_1_2' title='bbox 363 134 454 199; x_wconf 88' lang='lat' dir='ltr'><strong>illam</strong></span> <span class='ocrx_word' id='word_1_3' title='bbox 472 134 569 199; x_wconf 91' lang='lat' dir='ltr'><strong>simul</strong></span> <span class='ocrx_word' id='word_1_4' title='bbox 589 157 665 198; x_wconf 90' lang='lat' dir='ltr'><strong>cum</strong></span> <span class='ocrx_word' id='word_1_5' title='bbox 685 135 794 220; x_wconf 92' lang='lat' dir='ltr'><strong>pueris</strong></span> <span class='ocrx_word' id='word_1_6' title='bbox 815 134 881 200; x_wconf 91' lang='lat' dir='ltr'><strong>illis</strong></span> <span class='ocrx_word' id='word_1_7' title='bbox 901 134 1037 199; x_wconf 75' lang='lat' dir='ltr'><strong>tradidit</strong></span> <span class='ocrx_word' id='word_1_8' title='bbox 1060 143 1094 199; x_wconf 89' lang='lat' dir='ltr'><strong>et</strong></span> <span class='ocrx_word' id='word_1_9' title='bbox 1117 135 1243 200; x_wconf 90' lang='lat' dir='ltr'><strong>comisit</strong></span> <span class='ocrx_word' id='word_1_10' title='bbox 1265 158 1336 221; x_wconf 90' lang='lat' dir='ltr'><strong>pre-</strong></span> 
     </span>
     <span class='ocr_line' id='line_1_2' title="bbox 223 239 1337 326; baseline -0.002 -21"><span class='ocrx_word' id='word_1_11' title='bbox 223 241 311 314; x_wconf 85' lang='lat' dir='ltr'><strong>dicto</strong></span> <span class='ocrx_word' id='word_1_12' title='bbox 334 239 464 303; x_wconf 84' lang='lat' dir='ltr'><strong>Andree</strong></span> <span class='ocrx_word' id='word_1_13' title='bbox 490 248 529 303; x_wconf 89' lang='lat' dir='ltr'><strong>ut</strong></span> <span class='ocrx_word' id='word_1_14' title='bbox 555 240 623 325; x_wconf 91' lang='lat' dir='ltr'><strong>ipse</strong></span> <span class='ocrx_word' id='word_1_15' title='bbox 650 240 726 304; x_wconf 87' lang='lat' dir='ltr'><strong>inde</strong></span> <span class='ocrx_word' id='word_1_16' title='bbox 749 239 910 325; x_wconf 91' lang='lat' dir='ltr'><strong>predictos</strong></span> <span class='ocrx_word' id='word_1_17' title='bbox 934 263 1051 326; x_wconf 91' lang='lat' dir='ltr'><strong>pueros</strong></span> <span class='ocrx_word' id='word_1_18' title='bbox 1073 248 1280 313; x_wconf 88' lang='lat' dir='ltr'><strong>sustentaret,</strong></span> <span class='ocrx_word' id='word_1_19' title='bbox 1304 248 1337 304; x_wconf 86' lang='lat' dir='ltr'><strong>et</strong></span> 
     </span>
     <span class='ocr_line' id='line_1_3' title="bbox 224 342 1337 428; baseline -0.002 -19"><span class='ocrx_word' id='word_1_20' title='bbox 224 344 310 409; x_wconf 89' lang='lat' dir='ltr'><strong>unde</strong></span> <span class='ocrx_word' id='word_1_21' title='bbox 336 343 417 408; x_wconf 89' lang='lat' dir='ltr'><strong>dicit</strong></span> <span class='ocrx_word' id='word_1_22' title='bbox 442 342 529 428; x_wconf 90' lang='lat' dir='ltr'><strong>quod</strong></span> <span class='ocrx_word' id='word_1_23' title='bbox 556 342 625 427; x_wconf 91' lang='lat' dir='ltr'><strong>ipse</strong></span> <span class='ocrx_word' id='word_1_24' title='bbox 652 366 716 406; x_wconf 91' lang='lat' dir='ltr'><strong>non</strong></span> <span class='ocrx_word' id='word_1_25' title='bbox 742 343 920 407; x_wconf 87' lang='lat' dir='ltr'><strong>disscisiuit</strong></span> <span class='ocrx_word' id='word_1_26' title='bbox 946 366 1021 407; x_wconf 90' lang='lat' dir='ltr'><strong>eum</strong></span> <span class='ocrx_word' id='word_1_27' title='bbox 1047 343 1177 419; x_wconf 89' lang='lat' dir='ltr'><strong>iniuste,</strong></span> <span class='ocrx_word' id='word_1_28' title='bbox 1201 350 1235 407; x_wconf 89' lang='lat' dir='ltr'><strong>et</strong></span> <span class='ocrx_word' id='word_1_29' title='bbox 1257 343 1337 408; x_wconf 90' lang='lat' dir='ltr'><strong>dicit</strong></span> 
     </span>
     <span class='ocr_line' id='line_1_4' title="bbox 224 444 1337 532; baseline -0.001 -22"><span class='ocrx_word' id='word_1_30' title='bbox 224 444 311 532; x_wconf 91' lang='lat' dir='ltr'><strong>quod</strong></span> <span class='ocrx_word' id='word_1_31' title='bbox 332 446 360 510; x_wconf 89' lang='lat' dir='ltr'><strong>si</strong></span> <span class='ocrx_word' id='word_1_32' title='bbox 381 445 470 509; x_wconf 90' lang='lat' dir='ltr'><strong>idem</strong></span> <span class='ocrx_word' id='word_1_33' title='bbox 493 445 615 531; x_wconf 83' lang='lat' dir='ltr'><strong>Symon</strong></span> <span class='ocrx_word' id='word_1_34' title='bbox 638 445 770 530; x_wconf 82' lang='lat' dir='ltr'>aliquod</span> <span class='ocrx_word' id='word_1_35' title='bbox 792 445 914 509; x_wconf 91' lang='lat' dir='ltr'><strong>donum</strong></span> <span class='ocrx_word' id='word_1_36' title='bbox 937 445 1014 510; x_wconf 88' lang='lat' dir='ltr'><strong>inde</strong></span> <span class='ocrx_word' id='word_1_37' title='bbox 1036 446 1123 524; x_wconf 88' lang='lat' dir='ltr'><strong>fecit,</strong></span> <span class='ocrx_word' id='word_1_38' title='bbox 1139 446 1198 510; x_wconf 92' lang='lat' dir='ltr'><strong>hoc</strong></span> <span class='ocrx_word' id='word_1_39' title='bbox 1219 445 1283 509; x_wconf 85' lang='lat' dir='ltr'><strong>fuit</strong></span> <span class='ocrx_word' id='word_1_40' title='bbox 1303 446 1337 509; x_wconf 90' lang='lat' dir='ltr'><strong>in</strong></span> 
     </span>
     <span class='ocr_line' id='line_1_5' title="bbox 224 547 1335 637; baseline 0 -23"><span class='ocrx_word' id='word_1_41' title='bbox 224 548 408 637; x_wconf 83' lang='lat' dir='ltr'>egritudine</span> <span class='ocrx_word' id='word_1_42' title='bbox 423 556 531 613; x_wconf 90' lang='lat' dir='ltr'><strong>suaet</strong></span> <span class='ocrx_word' id='word_1_43' title='bbox 547 548 675 634; x_wconf 91' lang='lat' dir='ltr'><strong>quando</strong></span> <span class='ocrx_word' id='word_1_44' title='bbox 689 548 876 613; x_wconf 85' lang='lat' dir='ltr'><strong>memoriam</strong></span> <span class='ocrx_word' id='word_1_45' title='bbox 893 548 1012 624; x_wconf 91' lang='lat' dir='ltr'><strong>amisit,</strong></span> <span class='ocrx_word' id='word_1_46' title='bbox 1024 556 1058 613; x_wconf 89' lang='lat' dir='ltr'><strong>et</strong></span> <span class='ocrx_word' id='word_1_47' title='bbox 1073 547 1160 635; x_wconf 91' lang='lat' dir='ltr'><strong>quod</strong></span> <span class='ocrx_word' id='word_1_48' title='bbox 1174 549 1201 613; x_wconf 91' lang='lat' dir='ltr'><strong>si</strong></span> <span class='ocrx_word' id='word_1_49' title='bbox 1216 547 1335 615; x_wconf 91' lang='lat' dir='ltr'><strong>donum</strong></span> 
     </span>
     <span class='ocr_line' id='line_1_6' title="bbox 223 652 1337 740; baseline -0.001 -22"><span class='ocrx_word' id='word_1_50' title='bbox 223 653 354 740; x_wconf 81' lang='lat' dir='ltr'><strong>aliquod</strong></span> <span class='ocrx_word' id='word_1_51' title='bbox 369 652 444 717; x_wconf 91' lang='lat' dir='ltr'><strong>inde</strong></span> <span class='ocrx_word' id='word_1_52' title='bbox 460 653 554 716; x_wconf 86' lang='lat' dir='ltr'><strong>fieret</strong></span> <span class='ocrx_word' id='word_1_53' title='bbox 565 652 651 738; x_wconf 92' lang='lat' dir='ltr'><strong>quod</strong></span> <span class='ocrx_word' id='word_1_54' title='bbox 662 652 750 716; x_wconf 91' lang='lat' dir='ltr'><strong>idem</strong></span> <span class='ocrx_word' id='word_1_55' title='bbox 762 652 908 739; x_wconf 86' lang='lat' dir='ltr'><strong>Rogerus</strong></span> <span class='ocrx_word' id='word_1_56' title='bbox 920 674 1086 738; x_wconf 91' lang='lat' dir='ltr'><strong>nunquam</strong></span> <span class='ocrx_word' id='word_1_57' title='bbox 1099 652 1175 717; x_wconf 90' lang='lat' dir='ltr'><strong>inde</strong></span> <span class='ocrx_word' id='word_1_58' title='bbox 1187 653 1337 717; x_wconf 80' lang='lat' dir='ltr'><strong>saisinam</strong></span> 
     </span>
     <span class='ocr_line' id='line_1_7' title="bbox 224 759 347 824; baseline -0.008 0"><span class='ocrx_word' id='word_1_59' title='bbox 224 759 347 824; x_wconf 77' lang='lat' dir='ltr'>habuit.</span> 
     </span>
    </p>

    <p class='ocr_par' dir='ltr' id='par_1_2' title="bbox 225 857 1339 1559">
     <span class='ocr_line' id='line_1_8' title="bbox 290 857 1338 943; baseline 0 -21"><span class='ocrx_word' id='word_1_60' title='bbox 290 860 335 922; x_wconf 82' lang='lat' dir='ltr'><strong>Et</strong></span> <span class='ocrx_word' id='word_1_61' title='bbox 364 859 511 943; x_wconf 85' lang='lat' dir='ltr'><strong>Rogems</strong></span> <span class='ocrx_word' id='word_1_62' title='bbox 540 857 621 922; x_wconf 92' lang='lat' dir='ltr'><strong>dicit</strong></span> <span class='ocrx_word' id='word_1_63' title='bbox 650 858 736 943; x_wconf 89' lang='lat' dir='ltr'><strong>quod</strong></span> <span class='ocrx_word' id='word_1_64' title='bbox 765 857 931 943; x_wconf 83' lang='lat' dir='ltr'><strong>predictus</strong></span> <span class='ocrx_word' id='word_1_65' title='bbox 960 857 1107 921; x_wconf 81' lang='lat' dir='ltr'><strong>Andreas</strong></span> <span class='ocrx_word' id='word_1_66' title='bbox 1131 857 1238 942; x_wconf 90' lang='lat' dir='ltr'><strong>ipsum</strong></span> <span class='ocrx_word' id='word_1_67' title='bbox 1262 857 1338 922; x_wconf 92' lang='lat' dir='ltr'><strong>inde</strong></span> 
     </span>
     <span class='ocr_line' id='line_1_9' title="bbox 225 961 1338 1049; baseline -0.002 -22"><span class='ocrx_word' id='word_1_68' title='bbox 225 963 347 1027; x_wconf 89' lang='lat' dir='ltr'><strong>iniuste</strong></span> <span class='ocrx_word' id='word_1_69' title='bbox 370 961 547 1026; x_wconf 88' lang='lat' dir='ltr'><strong>disseisiuit</strong></span> <span class='ocrx_word' id='word_1_70' title='bbox 573 970 611 1025; x_wconf 93' lang='lat' dir='ltr'><strong>ut</strong></span> <span class='ocrx_word' id='word_1_71' title='bbox 636 962 818 1047; x_wconf 89' lang='lat' dir='ltr'><strong>predictum</strong></span> <span class='ocrx_word' id='word_1_72' title='bbox 843 970 901 1043; x_wconf 87' lang='lat' dir='ltr'><strong>est,</strong></span> <span class='ocrx_word' id='word_1_73' title='bbox 926 962 1002 1047; x_wconf 91' lang='lat' dir='ltr'><strong>quia</strong></span> <span class='ocrx_word' id='word_1_74' title='bbox 1028 961 1192 1046; x_wconf 87' lang='lat' dir='ltr'><strong>predictus</strong></span> <span class='ocrx_word' id='word_1_75' title='bbox 1217 962 1338 1049; x_wconf 87' lang='lat' dir='ltr'><strong>Symon</strong></span> 
     </span>
     <span class='ocr_line' id='line_1_10' title="bbox 226 1065 1337 1152; baseline -0.002 -21"><span class='ocrx_word' id='word_1_76' title='bbox 226 1066 317 1131; x_wconf 87' lang='lat' dir='ltr'><strong>dedit</strong></span> <span class='ocrx_word' id='word_1_77' title='bbox 331 1065 363 1130; x_wconf 89' lang='lat' dir='ltr'><strong>ei</strong></span> <span class='ocrx_word' id='word_1_78' title='bbox 383 1074 503 1130; x_wconf 89' lang='lat' dir='ltr'><strong>terram</strong></span> <span class='ocrx_word' id='word_1_79' title='bbox 524 1066 614 1129; x_wconf 89' lang='lat' dir='ltr'><strong>illam</strong></span> <span class='ocrx_word' id='word_1_80' title='bbox 635 1088 693 1152; x_wconf 90' lang='lat' dir='ltr'><strong>per</strong></span> <span class='ocrx_word' id='word_1_81' title='bbox 712 1074 835 1131; x_wconf 89' lang='lat' dir='ltr'><strong>cartam</strong></span> <span class='ocrx_word' id='word_1_82' title='bbox 856 1088 957 1144; x_wconf 89' lang='lat' dir='ltr'><strong>suam,</strong></span> <span class='ocrx_word' id='word_1_83' title='bbox 973 1074 1007 1130; x_wconf 93' lang='lat' dir='ltr'><strong>et</strong></span> <span class='ocrx_word' id='word_1_84' title='bbox 1029 1066 1097 1152; x_wconf 89' lang='lat' dir='ltr'><strong>ipse</strong></span> <span class='ocrx_word' id='word_1_85' title='bbox 1121 1065 1184 1129; x_wconf 89' lang='lat' dir='ltr'><strong>fuit</strong></span> <span class='ocrx_word' id='word_1_86' title='bbox 1206 1066 1281 1130; x_wconf 85' lang='lat' dir='ltr'><strong>inde</strong></span> <span class='ocrx_word' id='word_1_87' title='bbox 1304 1065 1337 1129; x_wconf 91' lang='lat' dir='ltr'><strong>in</strong></span> 
     </span>
     <span class='ocr_line' id='line_1_11' title="bbox 226 1169 1338 1256; baseline -0.001 -22"><span class='ocrx_word' id='word_1_88' title='bbox 226 1170 345 1235; x_wconf 81' lang='lat' dir='ltr'><strong>saisina</strong></span> <span class='ocrx_word' id='word_1_89' title='bbox 366 1178 402 1233; x_wconf 90' lang='lat' dir='ltr'><strong>et</strong></span> <span class='ocrx_word' id='word_1_90' title='bbox 425 1192 483 1256; x_wconf 89' lang='lat' dir='ltr'><strong>per</strong></span> <span class='ocrx_word' id='word_1_91' title='bbox 506 1170 628 1233; x_wconf 91' lang='lat' dir='ltr'><strong>donum</strong></span> <span class='ocrx_word' id='word_1_92' title='bbox 652 1170 736 1234; x_wconf 88' lang='lat' dir='ltr'><strong>illud</strong></span> <span class='ocrx_word' id='word_1_93' title='bbox 761 1169 864 1234; x_wconf 86' lang='lat' dir='ltr'><strong>donec</strong></span> <span class='ocrx_word' id='word_1_94' title='bbox 890 1170 977 1234; x_wconf 88' lang='lat' dir='ltr'><strong>idem</strong></span> <span class='ocrx_word' id='word_1_95' title='bbox 1002 1170 1149 1233; x_wconf 76' lang='lat' dir='ltr'><strong>Andreas</strong></span> <span class='ocrx_word' id='word_1_96' title='bbox 1173 1190 1248 1233; x_wconf 88' lang='lat' dir='ltr'><strong>eum</strong></span> <span class='ocrx_word' id='word_1_97' title='bbox 1274 1170 1338 1233; x_wconf 91' lang='lat' dir='ltr'><strong>dis-</strong></span> 
     </span>
     <span class='ocr_line' id='line_1_12' title="bbox 226 1272 1338 1360; baseline -0.003 -21"><span class='ocrx_word' id='word_1_98' title='bbox 226 1274 362 1351; x_wconf 89' lang='lat' dir='ltr'><strong>seisiuit,</strong></span> <span class='ocrx_word' id='word_1_99' title='bbox 377 1282 412 1338; x_wconf 88' lang='lat' dir='ltr'><strong>et</strong></span> <span class='ocrx_word' id='word_1_100' title='bbox 427 1274 507 1339; x_wconf 92' lang='lat' dir='ltr'><strong>dicit</strong></span> <span class='ocrx_word' id='word_1_101' title='bbox 527 1273 614 1359; x_wconf 88' lang='lat' dir='ltr'><strong>qnod</strong></span> <span class='ocrx_word' id='word_1_102' title='bbox 636 1274 723 1338; x_wconf 93' lang='lat' dir='ltr'><strong>idem</strong></span> <span class='ocrx_word' id='word_1_103' title='bbox 745 1274 867 1360; x_wconf 82' lang='lat' dir='ltr'><strong>Symon</strong></span> <span class='ocrx_word' id='word_1_104' title='bbox 889 1274 952 1337; x_wconf 89' lang='lat' dir='ltr'><strong>fuit</strong></span> <span class='ocrx_word' id='word_1_105' title='bbox 972 1296 1049 1337; x_wconf 89' lang='lat' dir='ltr'><strong>saue</strong></span> <span class='ocrx_word' id='word_1_106' title='bbox 1070 1273 1189 1337; x_wconf 89' lang='lat' dir='ltr'><strong>mentis</strong></span> <span class='ocrx_word' id='word_1_107' title='bbox 1209 1272 1338 1358; x_wconf 90' lang='lat' dir='ltr'><strong>quando</strong></span> 
     </span>
     <span class='ocr_line' id='line_1_13' title="bbox 226 1377 1339 1463; baseline -0.004 -20"><span class='ocrx_word' id='word_1_108' title='bbox 226 1380 348 1444; x_wconf 91' lang='lat' dir='ltr'><strong>donum</strong></span> <span class='ocrx_word' id='word_1_109' title='bbox 378 1378 460 1444; x_wconf 90' lang='lat' dir='ltr'><strong>illud</strong></span> <span class='ocrx_word' id='word_1_110' title='bbox 491 1380 578 1455; x_wconf 86' lang='lat' dir='ltr'><strong>fecit,</strong></span> <span class='ocrx_word' id='word_1_111' title='bbox 607 1386 642 1442; x_wconf 92' lang='lat' dir='ltr'><strong>et</strong></span> <span class='ocrx_word' id='word_1_112' title='bbox 671 1378 747 1442; x_wconf 90' lang='lat' dir='ltr'><strong>inde</strong></span> <span class='ocrx_word' id='word_1_113' title='bbox 777 1378 871 1463; x_wconf 90' lang='lat' dir='ltr'><strong>ponit</strong></span> <span class='ocrx_word' id='word_1_114' title='bbox 901 1400 935 1442; x_wconf 89' lang='lat' dir='ltr'><strong>se</strong></span> <span class='ocrx_word' id='word_1_115' title='bbox 966 1400 1064 1462; x_wconf 91' lang='lat' dir='ltr'><strong>super</strong></span> <span class='ocrx_word' id='word_1_116' title='bbox 1092 1377 1234 1441; x_wconf 87' lang='lat' dir='ltr'><strong>assisam.</strong></span> <span class='ocrx_word' id='word_1_117' title='bbox 1295 1377 1339 1439; x_wconf 82' lang='lat' dir='ltr'><strong>Et</strong></span> 
     </span>
     <span class='ocr_line' id='line_1_14' title="bbox 227 1482 590 1559; baseline -0.008 -12"><span class='ocrx_word' id='word_1_118' title='bbox 227 1483 376 1547; x_wconf 83' lang='lat' dir='ltr'><strong>Andreas</strong></span> <span class='ocrx_word' id='word_1_119' title='bbox 390 1482 550 1547; x_wconf 88' lang='lat' dir='ltr'><strong>similiter.</strong></span> <span class='ocrx_word' id='word_1_120' title='bbox 584 1554 590 1559; x_wconf 24' lang='lat'>⁸</span> 
     </span>
    </p>
   </div>
   <div class='ocr_carea' id='block_1_2' title="bbox 226 1583 1339 2189">
    <p class='ocr_par' dir='ltr' id='par_1_3' title="bbox 226 1583 1339 2189">
     <span class='ocr_line' id='line_1_15' title="bbox 292 1583 1339 1670; baseline -0.001 -20"><span class='ocrx_word' id='word_1_121' title='bbox 292 1586 316 1651; x_wconf 92' lang='lat' dir='ltr'><strong>J</strong></span> <span class='ocrx_word' id='word_1_122' title='bbox 316 1587 362 1650; x_wconf 89' lang='lat' dir='ltr'><strong>ur’</strong></span> <span class='ocrx_word' id='word_1_123' title='bbox 377 1585 506 1650; x_wconf 90' lang='lat' dir='ltr'><strong>dicunt¹</strong></span> <span class='ocrx_word' id='word_1_124' title='bbox 521 1606 660 1670; x_wconf 87' lang='lat' dir='ltr'><strong>quorum</strong></span> <span class='ocrx_word' id='word_1_125' title='bbox 676 1584 779 1648; x_wconf 88' lang='lat' dir='ltr'><strong>maior</strong></span> <span class='ocrx_word' id='word_1_126' title='bbox 793 1606 867 1670; x_wconf 88' lang='lat' dir='ltr'><strong>pars</strong></span> <span class='ocrx_word' id='word_1_127' title='bbox 883 1592 933 1648; x_wconf 89' lang='lat' dir='ltr'><strong>est</strong></span> <span class='ocrx_word' id='word_1_128' title='bbox 949 1583 989 1648; x_wconf 89' lang='grc' dir='ltr'><strong>άθ</strong></span> <span class='ocrx_word' id='word_1_129' title='bbox 1005 1584 1145 1648; x_wconf 88' lang='lat' dir='ltr'><strong>testibus</strong></span> <span class='ocrx_word' id='word_1_130' title='bbox 1163 1584 1339 1649; x_wconf 90' lang='lat' dir='ltr'><strong>nominatis</strong></span> 
     </span>
     <span class='ocr_line' id='line_1_16' title="bbox 227 1687 1338 1774; baseline -0.003 -20"><span class='ocrx_word' id='word_1_131' title='bbox 227 1690 261 1754; x_wconf 92' lang='lat' dir='ltr'><strong>in</strong></span> <span class='ocrx_word' id='word_1_132' title='bbox 283 1697 373 1754; x_wconf 86' lang='lat' dir='ltr'><strong>carta</strong></span> <span class='ocrx_word' id='word_1_133' title='bbox 394 1711 493 1774; x_wconf 90' lang='lat' dir='ltr'><strong>quam</strong></span> <span class='ocrx_word' id='word_1_134' title='bbox 513 1688 601 1753; x_wconf 86' lang='lat' dir='ltr'><strong>idem</strong></span> <span class='ocrx_word' id='word_1_135' title='bbox 622 1688 770 1774; x_wconf 84' lang='lat' dir='ltr'><strong>Rogerus</strong></span> <span class='ocrx_word' id='word_1_136' title='bbox 789 1688 912 1772; x_wconf 87' lang='lat' dir='ltr'><strong>profert</strong></span> <span class='ocrx_word' id='word_1_137' title='bbox 932 1688 972 1751; x_wconf 89' lang='lat' dir='ltr'><strong>de</strong></span> <span class='ocrx_word' id='word_1_138' title='bbox 993 1687 1209 1763; x_wconf 82' lang='lat' dir='ltr'><strong>fcoffament0‚</strong></span> <span class='ocrx_word' id='word_1_139' title='bbox 1224 1688 1338 1752; x_wconf 92' lang='lat' dir='ltr'><strong>dicunt</strong></span> 
     </span>
     <span class='ocr_line' id='line_1_17' title="bbox 226 1791 1338 1879; baseline -0.001 -22"><span class='ocrx_word' id='word_1_140' title='bbox 226 1816 325 1879; x_wconf 85' lang='lat' dir='ltr'><strong>super</strong></span> <span class='ocrx_word' id='word_1_141' title='bbox 338 1800 576 1857; x_wconf 85' lang='lat' dir='ltr'><strong>sacramentum</strong></span> <span class='ocrx_word' id='word_1_142' title='bbox 591 1814 688 1855; x_wconf 89' lang='lat' dir='ltr'><strong>suum</strong></span> <span class='ocrx_word' id='word_1_143' title='bbox 703 1791 790 1877; x_wconf 92' lang='lat' dir='ltr'><strong>quod</strong></span> <span class='ocrx_word' id='word_1_144' title='bbox 805 1791 847 1855; x_wconf 90' lang='lat' dir='ltr'><strong>ad</strong></span> <span class='ocrx_word' id='word_1_145' title='bbox 863 1792 1078 1857; x_wconf 77' lang='lat' dir='ltr'><strong>Pentecosten</strong></span> <span class='ocrx_word' id='word_1_146' title='bbox 1093 1815 1178 1856; x_wconf 91' lang='lat' dir='ltr'><strong>anno</strong></span> <span class='ocrx_word' id='word_1_147' title='bbox 1193 1792 1338 1878; x_wconf 89' lang='lat' dir='ltr'><strong>proximo</strong></span> 
     </span>
     <span class='ocr_line' id='line_1_18' title="bbox 227 1893 1339 1981; baseline 0 -21"><span class='ocrx_word' id='word_1_148' title='bbox 227 1894 384 1981; x_wconf 82' lang='lat' dir='ltr'><strong>preterito</strong></span> <span class='ocrx_word' id='word_1_149' title='bbox 404 1894 498 1959; x_wconf 89' lang='lat' dir='ltr'><strong>uenit</strong></span> <span class='ocrx_word' id='word_1_150' title='bbox 518 1893 606 1958; x_wconf 90' lang='grc' dir='ltr'>ἰάθ]]]</span> <span class='ocrx_word' id='word_1_151' title='bbox 627 1894 774 1980; x_wconf 86' lang='lat' dir='ltr'><strong>Rogems</strong></span> <span class='ocrx_word' id='word_1_152' title='bbox 797 1902 832 1958; x_wconf 90' lang='lat' dir='ltr'><strong>ct</strong></span> <span class='ocrx_word' id='word_1_153' title='bbox 855 1916 1029 1959; x_wconf 89' lang='lat' dir='ltr'><strong>conuocare</strong></span> <span class='ocrx_word' id='word_1_154' title='bbox 1052 1894 1129 1959; x_wconf 85' lang='lat' dir='ltr'><strong>fecit</strong></span> <span class='ocrx_word' id='word_1_155' title='bbox 1151 1895 1275 1959; x_wconf 89' lang='lat' dir='ltr'><strong>uicinos</strong></span> <span class='ocrx_word' id='word_1_156' title='bbox 1297 1894 1339 1960; x_wconf 94' lang='lat' dir='ltr'><strong>ad</strong></span> 
     </span>
     <span class='ocr_line' id='line_1_19' title="bbox 227 1983 1338 2083; baseline -0.001 -20"><span class='ocrx_word' id='word_1_157' title='bbox 227 1998 361 2063; x_wconf 90' lang='lat' dir='ltr'><strong>domum</strong></span> <span class='ocrx_word' id='word_1_158' title='bbox 391 1996 526 2062; x_wconf 87' lang='lat' dir='ltr'><strong>Roberti</strong></span> <span class='ocrx_word' id='word_1_159' title='bbox 557 1997 665 2061; x_wconf 81' lang='lat' dir='ltr'><strong>fratris</strong></span> <span class='ocrx_word' id='word_1_160' title='bbox 694 1997 746 2062; x_wconf 93' lang='lat' dir='ltr'><strong>sui</strong></span> <span class='ocrx_word' id='word_1_161' title='bbox 775 1983 832 2083; x_wconf 91' lang='lat' dir='ltr'><strong>qui</strong></span> <span class='ocrx_word' id='word_1_162' title='bbox 863 2006 983 2063; x_wconf 90' lang='lat' dir='ltr'><strong>terram</strong></span> <span class='ocrx_word' id='word_1_163' title='bbox 1014 1999 1104 2063; x_wconf 91' lang='lat' dir='ltr'><strong>illam</strong></span> <span class='ocrx_word' id='word_1_164' title='bbox 1137 1999 1254 2064; x_wconf 92' lang='lat' dir='ltr'><strong>habuit</strong></span> <span class='ocrx_word' id='word_1_165' title='bbox 1284 2022 1338 2063; x_wconf 86' lang='lat' dir='ltr'><strong>cx-</strong></span> 
     </span>
     <span class='ocr_line' id='line_1_20' title="bbox 228 2100 1337 2189; baseline 0 -22"><span class='ocrx_word' id='word_1_166' title='bbox 228 2101 393 2167; x_wconf 88' lang='lat' dir='ltr'><strong>colendam</strong></span> <span class='ocrx_word' id='word_1_167' title='bbox 409 2100 452 2166; x_wconf 92' lang='lat' dir='ltr'><strong>ad</strong></span> <span class='ocrx_word' id='word_1_168' title='bbox 472 2101 606 2165; x_wconf 88' lang='lat' dir='ltr'><strong>terciam</strong></span> <span class='ocrx_word' id='word_1_169' title='bbox 626 2102 770 2187; x_wconf 85' lang='lat' dir='ltr'><strong>garbam,</strong></span> <span class='ocrx_word' id='word_1_170' title='bbox 785 2111 820 2166; x_wconf 92' lang='lat' dir='ltr'><strong>ct</strong></span> <span class='ocrx_word' id='word_1_171' title='bbox 841 2102 887 2167; x_wconf 93' lang='lat' dir='ltr'><strong>ibi</strong></span> <span class='ocrx_word' id='word_1_172' title='bbox 907 2111 1036 2188; x_wconf 87' lang='lat' dir='ltr'><strong>portare</strong></span> <span class='ocrx_word' id='word_1_173' title='bbox 1057 2103 1135 2168; x_wconf 87' lang='lat' dir='ltr'><strong>fecit</strong></span> <span class='ocrx_word' id='word_1_174' title='bbox 1155 2103 1337 2189; x_wconf 88' lang='lat' dir='ltr'><strong>predictum</strong></span> 
     </span>
    </p>
   </div>
   <div class='ocr_carea' id='block_1_3' title="bbox 226 2202 1339 3328">
    <p class='ocr_par' dir='ltr' id='par_1_4' title="bbox 226 2202 1339 3328">
     <span class='ocr_line' id='line_1_21' title="bbox 229 2202 1338 2291; baseline 0 -23"><span class='ocrx_word' id='word_1_175' title='bbox 229 2203 403 2288; x_wconf 86' lang='lat' dir='ltr'><strong>Symonem</strong></span> <span class='ocrx_word' id='word_1_176' title='bbox 425 2202 482 2287; x_wconf 92' lang='lat' dir='ltr'><strong>qui</strong></span> <span class='ocrx_word' id='word_1_177' title='bbox 502 2203 645 2267; x_wconf 91' lang='lat' dir='ltr'><strong>multum</strong></span> <span class='ocrx_word' id='word_1_178' title='bbox 665 2212 822 2289; x_wconf 87' lang='lat' dir='ltr'><strong>grauatus</strong></span> <span class='ocrx_word' id='word_1_179' title='bbox 843 2204 906 2268; x_wconf 86' lang='lat' dir='ltr'><strong>fuit</strong></span> <span class='ocrx_word' id='word_1_180' title='bbox 926 2204 1126 2282; x_wconf 88' lang='lat' dir='ltr'><strong>infirmitate,</strong></span> <span class='ocrx_word' id='word_1_181' title='bbox 1147 2213 1182 2270; x_wconf 86' lang='lat' dir='ltr'><strong>ot</strong></span> <span class='ocrx_word' id='word_1_182' title='bbox 1204 2204 1251 2269; x_wconf 89' lang='lat' dir='ltr'><strong>ibi</strong></span> <span class='ocrx_word' id='word_1_183' title='bbox 1273 2204 1338 2291; x_wconf 83' lang='lat' dir='ltr'><strong>legi</strong></span> 
     </span>
     <span class='ocr_line' id='line_1_22' title="bbox 228 2305 1338 2393; baseline 0.001 -23"><span class='ocrx_word' id='word_1_184' title='bbox 228 2314 350 2370; x_wconf 88' lang='lat' dir='ltr'><strong>cartam</strong></span> <span class='ocrx_word' id='word_1_185' title='bbox 366 2305 407 2369; x_wconf 87' lang='lat' dir='ltr'><strong>de</strong></span> <span class='ocrx_word' id='word_1_186' title='bbox 422 2306 638 2382; x_wconf 86' lang='lat' dir='ltr'><strong>feoffamento‚</strong></span> <span class='ocrx_word' id='word_1_187' title='bbox 653 2317 688 2370; x_wconf 86' lang='lat' dir='ltr'><strong>et</strong></span> <span class='ocrx_word' id='word_1_188' title='bbox 703 2306 790 2371; x_wconf 91' lang='lat' dir='ltr'><strong>idem</strong></span> <span class='ocrx_word' id='word_1_189' title='bbox 807 2308 930 2393; x_wconf 86' lang='lat' dir='ltr'><strong>Symon</strong></span> <span class='ocrx_word' id='word_1_190' title='bbox 945 2308 1093 2393; x_wconf 87' lang='lat' dir='ltr'><strong>quesitus</strong></span> <span class='ocrx_word' id='word_1_191' title='bbox 1113 2309 1140 2373; x_wconf 90' lang='lat' dir='ltr'><strong>si</strong></span> <span class='ocrx_word' id='word_1_192' title='bbox 1161 2316 1283 2373; x_wconf 89' lang='lat' dir='ltr'><strong>cartam</strong></span> <span class='ocrx_word' id='word_1_193' title='bbox 1304 2316 1338 2373; x_wconf 86' lang='lat' dir='ltr'><strong>et</strong></span> 
     </span>
     <span class='ocr_line' id='line_1_23' title="bbox 228 2410 1338 2498; baseline 0.003 -25"><span class='ocrx_word' id='word_1_194' title='bbox 228 2410 351 2474; x_wconf 91' lang='lat' dir='ltr'><strong>donum</strong></span> <span class='ocrx_word' id='word_1_195' title='bbox 373 2410 571 2487; x_wconf 87' lang='lat' dir='ltr'><strong>concederet,</strong></span> <span class='ocrx_word' id='word_1_196' title='bbox 593 2410 678 2476; x_wconf 87' lang='lat' dir='ltr'><strong>dixit</strong></span> <span class='ocrx_word' id='word_1_197' title='bbox 704 2412 791 2497; x_wconf 87' lang='lat' dir='ltr'><strong>quod</strong></span> <span class='ocrx_word' id='word_1_198' title='bbox 816 2413 870 2490; x_wconf 89' lang='lat' dir='ltr'><strong>sic,</strong></span> <span class='ocrx_word' id='word_1_199' title='bbox 896 2421 931 2477; x_wconf 89' lang='lat' dir='ltr'><strong>et</strong></span> <span class='ocrx_word' id='word_1_200' title='bbox 957 2412 1041 2477; x_wconf 87' lang='lat' dir='ltr'><strong>dixit</strong></span> <span class='ocrx_word' id='word_1_201' title='bbox 1067 2413 1154 2498; x_wconf 92' lang='lat' dir='ltr'><strong>quod</strong></span> <span class='ocrx_word' id='word_1_202' title='bbox 1179 2412 1279 2477; x_wconf 89' lang='lat' dir='ltr'><strong>libere</strong></span> <span class='ocrx_word' id='word_1_203' title='bbox 1304 2420 1338 2477; x_wconf 86' lang='lat' dir='ltr'><strong>ct</strong></span> 
     </span>
     <span class='ocr_line' id='line_1_24' title="bbox 227 2511 1337 2600; baseline 0.002 -23"><span class='ocrx_word' id='word_1_204' title='bbox 227 2512 369 2598; x_wconf 85' lang='lat' dir='ltr'><strong>benigne</strong></span> <span class='ocrx_word' id='word_1_205' title='bbox 384 2511 574 2578; x_wconf 89' lang='lat' dir='ltr'><strong>concederet</strong></span> <span class='ocrx_word' id='word_1_206' title='bbox 589 2514 744 2599; x_wconf 88' lang='lat' dir='ltr'><strong>quicquid</strong></span> <span class='ocrx_word' id='word_1_207' title='bbox 764 2515 898 2593; x_wconf 92' lang='lat' dir='ltr'><strong>uellent,</strong></span> <span class='ocrx_word' id='word_1_208' title='bbox 913 2524 963 2580; x_wconf 89' lang='lat' dir='ltr'><strong>set</strong></span> <span class='ocrx_word' id='word_1_209' title='bbox 983 2515 1098 2580; x_wconf 89' lang='lat' dir='ltr'><strong>dicunt</strong></span> <span class='ocrx_word' id='word_1_210' title='bbox 1117 2537 1232 2580; x_wconf 86' lang='lat' dir='ltr'><strong>reuera</strong></span> <span class='ocrx_word' id='word_1_211' title='bbox 1252 2514 1337 2600; x_wconf 92' lang='lat' dir='ltr'><strong>quod</strong></span> 
     </span>
     <span class='ocr_line' id='line_1_25' title="bbox 227 2614 1337 2703; baseline 0.003 -24"><span class='ocrx_word' id='word_1_212' title='bbox 227 2614 314 2681; x_wconf 85' lang='lat' dir='ltr'><strong>idem</strong></span> <span class='ocrx_word' id='word_1_213' title='bbox 330 2616 477 2703; x_wconf 84' lang='lat' dir='ltr'><strong>Rogerus</strong></span> <span class='ocrx_word' id='word_1_214' title='bbox 492 2638 671 2702; x_wconf 90' lang='lat' dir='ltr'><strong>numquam</strong></span> <span class='ocrx_word' id='word_1_215' title='bbox 688 2617 805 2682; x_wconf 88' lang='lat' dir='ltr'><strong>habuit</strong></span> <span class='ocrx_word' id='word_1_216' title='bbox 819 2619 897 2684; x_wconf 87' lang='lat' dir='ltr'><strong>inde</strong></span> <span class='ocrx_word' id='word_1_217' title='bbox 917 2618 1069 2683; x_wconf 82' lang='lat' dir='ltr'><strong>saisinam</strong></span> <span class='ocrx_word' id='word_1_218' title='bbox 1090 2618 1125 2682; x_wconf 89' lang='lat' dir='ltr'><strong>in</strong></span> <span class='ocrx_word' id='word_1_219' title='bbox 1145 2618 1217 2682; x_wconf 87' lang='lat' dir='ltr'><strong>uita</strong></span> <span class='ocrx_word' id='word_1_220' title='bbox 1236 2618 1337 2703; x_wconf 88' lang='lat' dir='ltr'><strong>ipsius</strong></span> 
     </span>
     <span class='ocr_line' id='line_1_26' title="bbox 228 2717 1337 2805; baseline 0.003 -23"><span class='ocrx_word' id='word_1_221' title='bbox 228 2718 380 2804; x_wconf 85' lang='lat' dir='ltr'><strong>Symonis</strong></span> <span class='ocrx_word' id='word_1_222' title='bbox 403 2718 481 2803; x_wconf 88' lang='lat' dir='ltr'><strong>quia</strong></span> <span class='ocrx_word' id='word_1_223' title='bbox 502 2717 589 2782; x_wconf 91' lang='lat' dir='ltr'><strong>idem</strong></span> <span class='ocrx_word' id='word_1_224' title='bbox 614 2719 736 2805; x_wconf 83' lang='lat' dir='ltr'><strong>Symon</strong></span> <span class='ocrx_word' id='word_1_225' title='bbox 758 2722 841 2785; x_wconf 90' lang='lat' dir='ltr'><strong>obiit</strong></span> <span class='ocrx_word' id='word_1_226' title='bbox 862 2721 938 2785; x_wconf 89' lang='lat' dir='ltr'><strong>inde</strong></span> <span class='ocrx_word' id='word_1_227' title='bbox 961 2722 1099 2798; x_wconf 83' lang='lat' dir='ltr'><strong>saisitus,</strong></span> <span class='ocrx_word' id='word_1_228' title='bbox 1117 2730 1151 2785; x_wconf 88' lang='lat' dir='ltr'><strong>et</strong></span> <span class='ocrx_word' id='word_1_229' title='bbox 1173 2721 1233 2785; x_wconf 94' lang='lat' dir='ltr'><strong>hoc</strong></span> <span class='ocrx_word' id='word_1_230' title='bbox 1255 2722 1337 2786; x_wconf 85' lang='lat' dir='ltr'><strong>bene</strong></span> 
     </span>
     <span class='ocr_line' id='line_1_27' title="bbox 227 2821 1339 2911; baseline 0.003 -25"><span class='ocrx_word' id='word_1_231' title='bbox 227 2821 361 2907; x_wconf 80' lang='lat' dir='ltr'><strong>patuit&#39;,</strong></span> <span class='ocrx_word' id='word_1_232' title='bbox 377 2821 456 2908; x_wconf 90' lang='lat' dir='ltr'><strong>quia</strong></span> <span class='ocrx_word' id='word_1_233' title='bbox 473 2822 508 2886; x_wconf 91' lang='lat' dir='ltr'><strong>in</strong></span> <span class='ocrx_word' id='word_1_234' title='bbox 527 2830 709 2909; x_wconf 86' lang='lat' dir='ltr'><strong>autumpno</strong></span> <span class='ocrx_word' id='word_1_235' title='bbox 727 2837 885 2911; x_wconf 90' lang='lat' dir='ltr'><strong>sequente</strong></span> <span class='ocrx_word' id='word_1_236' title='bbox 906 2826 971 2891; x_wconf 91' lang='lat' dir='ltr'><strong>scil.</strong></span> <span class='ocrx_word' id='word_1_237' title='bbox 991 2834 1181 2911; x_wconf 88' lang='lat' dir='ltr'><strong>autumpno·</strong></span> <span class='ocrx_word' id='word_1_238' title='bbox 1192 2825 1339 2911; x_wconf 82' lang='lat' dir='ltr'><strong>proximo</strong></span> 
     </span>
     <span class='ocr_line' id='line_1_28' title="bbox 226 2927 1339 3015; baseline 0.002 -24"><span class='ocrx_word' id='word_1_239' title='bbox 226 2927 383 3013; x_wconf 88' lang='lat' dir='ltr'><strong>preterito</strong></span> <span class='ocrx_word' id='word_1_240' title='bbox 412 2927 499 2992; x_wconf 87' lang='lat' dir='ltr'><strong>idem</strong></span> <span class='ocrx_word' id='word_1_241' title='bbox 531 2928 653 3012; x_wconf 84' lang='lat' dir='ltr'><strong>Symon</strong></span> <span class='ocrx_word' id='word_1_242' title='bbox 683 2936 717 2994; x_wconf 89' lang='lat' dir='ltr'><strong>et</strong></span> <span class='ocrx_word' id='word_1_243' title='bbox 752 2929 916 2995; x_wconf 88' lang='lat' dir='ltr'><strong>Robertus</strong></span> <span class='ocrx_word' id='word_1_244' title='bbox 953 2930 1053 2994; x_wconf 84' lang='lat' dir='ltr'><strong>frater</strong></span> <span class='ocrx_word' id='word_1_245' title='bbox 1088 2928 1190 3015; x_wconf 89' lang='lat' dir='ltr'><strong>ipsius</strong></span> <span class='ocrx_word' id='word_1_246' title='bbox 1220 2928 1339 3015; x_wconf 88' lang='lat' dir='ltr'><strong>Rogeri</strong></span> 
     </span>
     <span class='ocr_line' id='line_1_29' title="bbox 227 3031 1338 3119; baseline 0.001 -24"><span class='ocrx_word' id='word_1_247' title='bbox 227 3031 342 3117; x_wconf 86' lang='lat' dir='ltr'><strong>partiri</strong></span> <span class='ocrx_word' id='word_1_248' title='bbox 367 3032 513 3097; x_wconf 81' lang='lat' dir='ltr'><strong>fecerunt</strong></span> <span class='ocrx_word' id='word_1_249' title='bbox 538 3032 626 3097; x_wconf 89' lang='lat' dir='ltr'><strong>inter</strong></span> <span class='ocrx_word' id='word_1_250' title='bbox 651 3055 685 3097; x_wconf 88' lang='lat' dir='ltr'><strong>se</strong></span> <span class='ocrx_word' id='word_1_251' title='bbox 714 3032 848 3099; x_wconf 89' lang='lat' dir='ltr'><strong>bladum</strong></span> <span class='ocrx_word' id='word_1_252' title='bbox 878 3034 919 3098; x_wconf 91' lang='lat' dir='ltr'><strong>de</strong></span> <span class='ocrx_word' id='word_1_253' title='bbox 945 3042 1125 3119; x_wconf 87' lang='lat' dir='ltr'><strong>autumpno</strong></span> <span class='ocrx_word' id='word_1_254' title='bbox 1151 3032 1220 3097; x_wconf 88' lang='lat' dir='ltr'><strong>sine</strong></span> <span class='ocrx_word' id='word_1_255' title='bbox 1246 3040 1338 3117; x_wconf 87' lang='lat' dir='ltr'><strong>parte</strong></span> 
     </span>
     <span class='ocr_line' id='line_1_30' title="bbox 226 3136 1339 3223; baseline 0 -24"><span class='ocrx_word' id='word_1_256' title='bbox 226 3136 338 3222; x_wconf 88' lang='lat' dir='ltr'><strong>aliqua</strong></span> <span class='ocrx_word' id='word_1_257' title='bbox 367 3159 465 3222; x_wconf 88' lang='lat' dir='ltr'><strong>quam</strong></span> <span class='ocrx_word' id='word_1_258' title='bbox 492 3137 580 3202; x_wconf 90' lang='lat' dir='ltr'><strong>idem</strong></span> <span class='ocrx_word' id='word_1_259' title='bbox 606 3139 753 3223; x_wconf 81' lang='lat' dir='ltr'><strong>Rogems</strong></span> <span class='ocrx_word' id='word_1_260' title='bbox 779 3137 855 3203; x_wconf 90' lang='lat' dir='ltr'><strong>inde</strong></span> <span class='ocrx_word' id='word_1_261' title='bbox 881 3138 1025 3215; x_wconf 86' lang='lat' dir='ltr'><strong>haberet,</strong></span> <span class='ocrx_word' id='word_1_262' title='bbox 1052 3145 1087 3201; x_wconf 90' lang='lat' dir='ltr'><strong>et</strong></span> <span class='ocrx_word' id='word_1_263' title='bbox 1113 3136 1199 3201; x_wconf 89' lang='lat' dir='ltr'><strong>unde</strong></span> <span class='ocrx_word' id='word_1_264' title='bbox 1225 3136 1339 3201; x_wconf 88' lang='lat' dir='ltr'><strong>dicunt</strong></span> 
     </span>
     <span class='ocr_line' id='line_1_31' title="bbox 227 3239 1338 3328; baseline 0.001 -24"><span class='ocrx_word' id='word_1_265' title='bbox 227 3240 315 3327; x_wconf 93' lang='lat' dir='ltr'><strong>quod</strong></span> <span class='ocrx_word' id='word_1_266' title='bbox 329 3240 416 3305; x_wconf 90' lang='lat' dir='ltr'><strong>idem</strong></span> <span class='ocrx_word' id='word_1_267' title='bbox 431 3242 579 3328; x_wconf 85' lang='lat' dir='ltr'><strong>Rogems</strong></span> <span class='ocrx_word' id='word_1_268' title='bbox 593 3242 718 3307; x_wconf 90' lang='lat' dir='ltr'><strong>nullam</strong></span> <span class='ocrx_word' id='word_1_269' title='bbox 733 3242 851 3307; x_wconf 86' lang='lat' dir='ltr'><strong>habuit</strong></span> <span class='ocrx_word' id='word_1_270' title='bbox 866 3242 1018 3307; x_wconf 83' lang='lat' dir='ltr'><strong>saisinam</strong></span> <span class='ocrx_word' id='word_1_271' title='bbox 1036 3240 1190 3327; x_wconf 89' lang='lat' dir='ltr'><strong>quamuis</strong></span> <span class='ocrx_word' id='word_1_272' title='bbox 1210 3240 1241 3305; x_wconf 92' lang='lat' dir='ltr'><strong>ei</strong></span> <span class='ocrx_word' id='word_1_273' title='bbox 1262 3239 1338 3313; x_wconf 86' lang='lat' dir='ltr'><strong>¹inde</strong></span> 
     </span>
    </p>
   </div>
   <div class='ocr_carea' id='block_1_4' title="bbox 227 3341 1339 3639">
    <p class='ocr_par' dir='ltr' id='par_1_5' title="bbox 227 3341 1339 3639">
     <span class='ocr_line' id='line_1_32' title="bbox 227 3341 1339 3432; baseline -0.001 -25"><span class='ocrx_word' id='word_1_274' title='bbox 227 3352 318 3408; x_wconf 69' lang='lat' dir='ltr'><strong>cama</strong></span> <span class='ocrx_word' id='word_1_275' title='bbox 353 3344 447 3409; x_wconf 90' lang='lat' dir='ltr'><strong>fieret</strong></span> <span class='ocrx_word' id='word_1_276' title='bbox 483 3345 665 3432; x_wconf 86' lang='lat' dir='ltr'><strong>aliquando.</strong></span> <span class='ocrx_word' id='word_1_277' title='bbox 726 3348 770 3411; x_wconf 87' lang='lat' dir='ltr'><strong>Et</strong></span> <span class='ocrx_word' id='word_1_278' title='bbox 802 3346 876 3411; x_wconf 90' lang='lat' dir='ltr'><strong>idco</strong></span> <span class='ocrx_word' id='word_1_279' title='bbox 906 3344 1144 3411; x_wconf 87' lang='lat' dir='ltr'><strong>consideratum</strong></span> <span class='ocrx_word' id='word_1_280' title='bbox 1173 3352 1223 3408; x_wconf 88' lang='lat' dir='ltr'><strong>est</strong></span> <span class='ocrx_word' id='word_1_281' title='bbox 1253 3341 1339 3428; x_wconf 92' lang='lat' dir='ltr'><strong>quod</strong></span> 
     </span>
     <span class='ocr_line' id='line_1_33' title="bbox 227 3445 1338 3535; baseline -0.004 -24"><span class='ocrx_word' id='word_1_282' title='bbox 227 3448 376 3512; x_wconf 83' lang='lat' dir='ltr'><strong>Andreas</strong></span> <span class='ocrx_word' id='word_1_283' title='bbox 401 3448 476 3513; x_wconf 89' lang='lat' dir='ltr'><strong>inde</strong></span> <span class='ocrx_word' id='word_1_284' title='bbox 503 3450 643 3535; x_wconf 88' lang='lat' dir='ltr'><strong>quietus,</strong></span> <span class='ocrx_word' id='word_1_285' title='bbox 665 3458 700 3514; x_wconf 89' lang='lat' dir='ltr'><strong>et</strong></span> <span class='ocrx_word' id='word_1_286' title='bbox 723 3450 870 3535; x_wconf 87' lang='lat' dir='ltr'><strong>Rogems</strong></span> <span class='ocrx_word' id='word_1_287' title='bbox 892 3447 992 3513; x_wconf 87' lang='lat' dir='ltr'><strong>nichil</strong></span> <span class='ocrx_word' id='word_1_288' title='bbox 1015 3446 1103 3532; x_wconf 84' lang='lat' dir='ltr'><strong>capit</strong></span> <span class='ocrx_word' id='word_1_289' title='bbox 1125 3468 1183 3531; x_wconf 91' lang='lat' dir='ltr'><strong>per</strong></span> <span class='ocrx_word' id='word_1_290' title='bbox 1205 3445 1338 3509; x_wconf 85' lang='lat' dir='ltr'><strong>assisam</strong></span> 
     </span>
     <span class='ocr_line' id='line_1_34' title="bbox 228 3552 1053 3639; baseline -0.002 -22"><span class='ocrx_word' id='word_1_291' title='bbox 228 3552 336 3630; x_wconf 89' lang='lat' dir='ltr'><strong>istam,</strong></span> <span class='ocrx_word' id='word_1_292' title='bbox 350 3560 386 3616; x_wconf 86' lang='lat' dir='ltr'><strong>ct</strong></span> <span class='ocrx_word' id='word_1_293' title='bbox 400 3552 444 3616; x_wconf 90' lang='lat' dir='ltr'><strong>sit</strong></span> <span class='ocrx_word' id='word_1_294' title='bbox 458 3553 493 3616; x_wconf 92' lang='lat' dir='ltr'><strong>in</strong></span> <span class='ocrx_word' id='word_1_295' title='bbox 509 3553 727 3618; x_wconf 87' lang='lat' dir='ltr'><strong>misericordia</strong></span> <span class='ocrx_word' id='word_1_296' title='bbox 740 3575 798 3639; x_wconf 93' lang='lat' dir='ltr'><strong>pro</strong></span> <span class='ocrx_word' id='word_1_297' title='bbox 814 3554 893 3619; x_wconf 83' lang='lat' dir='ltr'><strong>salso</strong></span> <span class='ocrx_word' id='word_1_298' title='bbox 908 3553 1053 3617; x_wconf 86' lang='lat' dir='ltr'><strong>clamore.</strong></span> 
     </span>
    </p>
   </div>
   <div class='ocr_carea' id='block_1_5' title="bbox 227 3710 1054 3838">
    <p class='ocr_par' dir='ltr' id='par_1_6' title="bbox 227 3710 1054 3838">
     <span class='ocr_line' id='line_1_35' title="bbox 261 3710 997 3776; baseline -0.003 -15"><span class='ocrx_word' id='word_1_299' title='bbox 261 3710 469 3761; x_wconf 79' lang='lat' dir='ltr'><strong>¹0mitdicant.</strong></span> <span class='ocrx_word' id='word_1_300' title='bbox 495 3713 758 3776; x_wconf 76' lang='lat' dir='ltr'><strong>AhasJur&#39;quor-um</strong></span> <span class='ocrx_word' id='word_1_301' title='bbox 808 3712 857 3762; x_wconf 84' lang='lat' dir='ltr'><strong>has</strong></span> <span class='ocrx_word' id='word_1_302' title='bbox 869 3710 997 3775; x_wconf 85' lang='lat' dir='ltr'><strong>perishsd.</strong></span> 
     </span>
     <span class='ocr_line' id='line_1_36' title="bbox 227 3776 1054 3838; baseline 0 -13"><span class='ocrx_word' id='word_1_303' title='bbox 227 3778 311 3825; x_wconf 76' lang='lat' dir='ltr'><strong>motor</strong></span> <span class='ocrx_word' id='word_1_304' title='bbox 318 3790 388 3838; x_wconf 74' lang='lat' dir='ltr'><strong>porc.</strong></span> <span class='ocrx_word' id='word_1_305' title='bbox 424 3777 456 3825; x_wconf 91' lang='lat' dir='ltr'><strong>In</strong></span> <span class='ocrx_word' id='word_1_306' title='bbox 469 3777 580 3829; x_wconf 83' lang='lat' dir='ltr'><strong>Amuoh</strong></span> <span class='ocrx_word' id='word_1_307' title='bbox 591 3778 620 3827; x_wconf 77' lang='lat' dir='ltr'><strong>oi</strong></span> <span class='ocrx_word' id='word_1_308' title='bbox 629 3776 683 3827; x_wconf 81' lang='lat' dir='ltr'><strong>this</strong></span> <span class='ocrx_word' id='word_1_309' title='bbox 698 3792 757 3828; x_wconf 84' lang='lat' dir='ltr'><strong>case</strong></span> <span class='ocrx_word' id='word_1_310' title='bbox 840 3778 851 3809; x_wconf 79' lang='lat'>²</span> <span class='ocrx_word' id='word_1_311' title='bbox 868 3778 915 3827; x_wconf 84' lang='lat' dir='ltr'><strong>Soa</strong></span> <span class='ocrx_word' id='word_1_312' title='bbox 927 3778 969 3827; x_wconf 86' lang='lat' dir='ltr'><strong>Br.</strong></span> <span class='ocrx_word' id='word_1_313' title='bbox 984 3776 1002 3825; x_wconf 82' lang='lat' dir='ltr'><strong>i.</strong></span> <span class='ocrx_word' id='word_1_314' title='bbox 1015 3776 1054 3825; x_wconf 71' lang='lat'><strong>42.</strong></span> 
     </span>
    </p>
   </div>
   <div class='ocr_carea' id='block_1_6' title="bbox 0 0 1681 4801">
    <p class='ocr_par' dir='ltr' id='par_1_7' title="bbox 0 0 1681 4801">
     <span class='ocr_line' id='line_1_37' title="bbox 0 0 1681 4801; baseline 0 0"><span class='ocrx_word' id='word_1_315' title='bbox 0 0 1681 4801; x_wconf 95' lang='lat' dir='ltr'><strong> </strong></span> 
     </span>
    </p>
   </div>
   <div class='ocr_carea' id='block_1_7' title="bbox 0 5116 226 5217">
    <p class='ocr_par' dir='ltr' id='par_1_8' title="bbox 0 5116 226 5217">
     <span class='ocr_line' id='line_1_38' title="bbox 0 5116 226 5217; baseline 0 0"><span class='ocrx_word' id='word_1_316' title='bbox 0 5116 226 5217; x_wconf 95' lang='lat' dir='ltr'><strong> </strong></span> 
     </span>
    </p>
   </div>
  </div>
 </body>
</html>
