3342 5217
336 406 397 470 126
572 449 575 458 Δ
647 420 790 482 ursani,
813 420 877 470 nn.
903 407 996 481 1222,
1018 421 1080 469 aa.
1105 409 1134 469 6.

335 593 567 658 terramillam
593 601 627 658 et
653 593 762 657 tenuit
787 601 822 657 et
848 602 927 658 tunc
953 593 1046 658 uenit
1068 593 1234 679 predictus
1259 593 1442 658 Willelmu's

334 696 375 762 de
406 697 561 762 Stoctona
590 697 647 783 qui
672 697 736 761 fuit
765 719 865 783 nepos
890 697 1029 783 predicti
1054 697 1185 761 Andree
1212 705 1247 761 et
1276 695 1376 782 peciit
1399 696 1442 760 ab

335 822 373 864 eo
402 799 535 864 Andrea
562 807 601 864 ut
630 799 723 864 daret
752 799 784 864 ei
813 808 933 864 terram
969 800 1060 864 illam
1089 808 1124 864 et
1152 801 1301 864 Andreas
1328 799 1441 863 noluit.

336 904 380 967 Et
409 903 487 988 quia
514 903 662 968 Andreas
697 927 763 968 non
791 904 902 989 potuit
930 904 1048 968 morari
1077 926 1175 989 super
1202 911 1322 968 terram
1352 903 1442 968 illam

335 1027 393 1091 pro
430 1006 592 1091 paruitate
629 1014 714 1070 terre
747 1006 908 1071 commisit
945 1015 1065 1070 terram
1101 1007 1192 1070 illam
1229 1007 1365 1092 Hugoni
1400 1005 1442 1070 de

336 1109 512 1195 Wingham
542 1117 576 1174 et
605 1109 762 1194 Magistro
789 1109 954 1174 Willelmo
984 1109 1076 1173 tratri
1105 1131 1163 1173 suo
1190 1108 1443 1185 custodiendam,

337 1221 371 1278 et
394 1214 457 1278 init
479 1213 514 1278 in
536 1222 644 1299 partes
668 1211 803 1277 Eboraci
825 1220 860 1276 et
885 1211 932 1276 ibi
957 1234 1080 1276 moram
1104 1212 1181 1276 fecit
1206 1234 1264 1297 per
1286 1234 1442 1298 magnum

337 1326 473 1405 tempua
519 1319 563 1382 Et
578 1319 709 1383 interim
729 1317 822 1382 uenit
844 1317 1009 1403 predictus
1024 1317 1207 1381 Willelmus
1228 1317 1269 1381 de
1289 1317 1445 1382 Stoctona

337 1421 380 1486 ad
407 1421 494 1507 ipsos
523 1422 699 1506 Hugonem
723 1429 757 1485 et
782 1420 985 1486 Willelmum
1009 1429 1043 1484 et
1069 1421 1264 1488 monstrauit
1288 1421 1335 1486 eis
1359 1421 1445 1507 quod

337 1524 469 1611 quidam
494 1525 576 1590 liber
600 1524 696 1588 homo
720 1523 827 1588 uoluit
850 1522 882 1587 ei
907 1523 983 1587 dare
1010 1522 1110 1587 filiam
1134 1546 1226 1588 suam
1252 1524 1287 1589 in
1311 1546 1445 1588 uxorem

338 1629 366 1693 si
387 1628 522 1692 haberet
541 1627 720 1713 predictam
740 1635 860 1692 terram
880 1634 914 1690 et
933 1625 1062 1711 rogauit
1085 1648 1139 1690 eos
1158 1636 1197 1690 ut
1214 1634 1333 1691 terram
1354 1626 1445 1690 illam

339 1731 370 1796 ei
399 1731 609 1796 concederent
638 1738 673 1794 et
702 1730 765 1816 ipsi
790 1730 821 1794 ei
850 1729 1087 1814 responderunt
1116 1729 1202 1815 quod
1230 1739 1363 1816 propter
1385 1730 1445 1794 hoc

339 1859 404 1904 non
432 1844 613 1902 remaneret
642 1844 677 1900 et
703 1837 800 1901 amici
822 1835 967 1922 predicte
991 1836 1110 1900 femine
1133 1845 1297 1901 uenerunt
1322 1837 1365 1900 ad
1390 1859 1445 1901 eos

340 1950 374 2006 et
403 1965 477 2006 cum
501 1941 548 2006 eis
572 1941 671 2006 locuti
696 1943 838 2018 fuerunt,
863 1948 914 2005 set
942 1941 1033 2005 nullo
1056 1941 1152 2005 modo
1175 1941 1264 2005 illam
1290 1940 1444 2004 feminam

339 2044 370 2108 ei
398 2043 475 2108 dare
501 2043 676 2110 uoluerunt
704 2043 767 2108 nisi
793 2043 928 2108 haberet
954 2043 1196 2118 terramillam,
1223 2052 1257 2107 et
1283 2042 1446 2129 quiaipsi

339 2147 438 2233 Hugo
468 2155 502 2210 et
533 2146 715 2210 Willelmus
749 2147 924 2210 uoluerunt
953 2145 1189 2231 promocionem
1219 2146 1376 2211 Willelmi
1404 2146 1445 2210 de

340 2250 496 2315 Stoctona
510 2249 714 2314 tradiderunt
729 2250 760 2314 ei
775 2257 894 2314 terram
917 2249 1007 2314 illam
1028 2258 1061 2314 et
1081 2272 1187 2314 coram
1207 2251 1319 2315 amicis
1338 2250 1446 2315 uxoris

340 2375 397 2416 sue
412 2352 628 2417 affidauerunt
648 2353 754 2417 eidem
769 2353 934 2418 Willelmo
955 2352 1042 2438 quod
1062 2375 1137 2417 cum
1151 2353 1299 2418 Andreas
1318 2354 1446 2418 ueniret

340 2455 375 2519 in
399 2464 507 2540 partes
527 2456 608 2532 illas,
631 2453 709 2520 tunc
731 2456 824 2520 daret
846 2457 878 2521 ei
900 2455 1139 2533 terramillam,
1162 2464 1197 2520 et
1221 2456 1270 2521 ita
1290 2457 1447 2522 remansit

341 2559 524 2623 Willelmus
553 2559 593 2622 de
619 2555 774 2624 Stocton'a
796 2560 832 2624 in
856 2559 974 2624 saisina
999 2567 1033 2623 et
1058 2559 1141 2623 obiit
1166 2569 1244 2624 ante
1266 2560 1446 2625 aduentum

340 2661 478 2747 predicti
506 2661 636 2726 Andree
666 2660 701 2725 in
729 2671 839 2747 partes
867 2661 947 2726 illas.
992 2662 1036 2725 Et
1066 2662 1143 2747 quia
1166 2685 1232 2726 non
1258 2664 1374 2728 habuit
1397 2664 1447 2727 in·

341 2789 486 2852 gressum
502 2765 564 2830 nisi
583 2788 642 2852 per
661 2766 809 2831 custodes
831 2766 993 2852 predictos
1015 2788 1080 2830 non
1101 2766 1233 2831 uidetur
1252 2767 1448 2833 iuratoribus

342 2871 428 2956 quod
452 2869 635 2934 Willelmus
658 2869 740 2934 obiit
766 2869 896 2934 saisitus
921 2880 960 2935 ut
985 2870 1026 2934 de
1052 2870 1152 2935 feodo.
1198 2871 1242 2935 Et
1265 2872 1338 2936 ideo
1363 2874 1446 2938 Con-

341 2974 518 3040 sideratum
542 2985 592 3040 est
618 2975 703 3061 quod
726 2975 874 3040 Andreas
897 2976 1101 3061 recuperauit
1126 2977 1277 3041 saisinam
1303 2985 1337 3042 et
1360 2977 1447 3042 uice·

342 3103 447 3144 comes
476 3079 595 3143 habeat
624 3101 755 3165 corpora
782 3078 835 3163 xij.
872 3079 908 3142 in
937 3078 1059 3143 octabis
1088 3087 1147 3142 etc.
1178 3079 1219 3143 ad
1248 3079 1447 3143 audiendum

341 3184 497 3249 iudicium
513 3207 608 3248 suum
623 3185 707 3248 sicut
722 3184 770 3249 illi
786 3183 843 3270 qui
857 3183 998 3248 conuicti
1013 3191 1097 3248 sunt.

221 3305 292 3368 152,
408 3289 580 3353 Precentor
610 3288 640 3353 S.
673 3287 775 3352 Maria
805 3288 971 3352 Lincolnie
1000 3287 1207 3352 athachiatus
1235 3288 1299 3352 fuit
1328 3288 1370 3352 ad
1398 3311 1448 3353 re-

227 3405 284 3444 uua
343 3391 565 3476 spondendum
590 3393 732 3455 Hemico
759 3390 881 3458 Comiti
907 3390 1092 3455 Warrewici
1115 3414 1214 3476 quare
1243 3400 1375 3456 secutus
1398 3401 1448 3457 est

343 3496 499 3581 placitum
526 3495 560 3558 in
586 3495 676 3559 curia
704 3493 928 3558 cristianitatis
953 3501 1065 3557 contra
1088 3502 1147 3558 etc
1174 3493 1216 3557 de
1242 3493 1448 3579 debitisque

343 3622 408 3663 non
438 3598 529 3663 sunt¹
553 3607 612 3662 etc.
659 3599 702 3662 Et
732 3607 902 3684 precentor
928 3598 1019 3662 uenit
1045 3607 1080 3661 ct
1105 3598 1186 3662 dicit
1211 3599 1297 3683 quod
1321 3599 1449 3663 nullum

343 3701 491 3766 debitum
521 3701 562 3766 ab
592 3723 629 3764 eo
659 3701 761 3786 exigit
790 3707 841 3764 set
876 3722 990 3763 reuera
1025 3700 1094 3785 ipse
1123 3700 1260 3764 abstulit
1289 3701 1320 3764 ei
1349 3723 1449 3786 equos

182 3829 268 3869 roua
344 3827 418 3868 suos
443 3812 477 3868 et
506 3804 623 3868 catalla
648 3827 706 3868 sua
732 3812 765 3867 et
791 3802 831 3867 de
858 3803 915 3867 illa
938 3803 1130 3889 spoliacione
1161 3826 1237 3869 eum
1265 3805 1449 3891 implacitat

181 3875 322 3924 oausam-ohi-
363 3909 369 3920 ,

183 3922 332 4016 Qoggqggpg
345 3918 429 3973 sicut
454 3908 586 3974 clericus
608 3908 665 3993 qui
690 3908 817 3972 nullum
842 3907 941 3972 habet
967 3908 1084 3971 laicum
1108 3907 1238 3972 feodum
1262 3917 1297 3972 at
1322 3908 1449 3974 desicut

183 4012 443 4102 {gn‘gfflbreue
473 4011 616 4098 loquitur
644 4011 684 4075 de
715 4011 825 4076 debito
855 4021 890 4076 et
919 4012 1046 4080 nullum
1078 4012 1120 4076 ab
1149 4034 1188 4076 eo
1222 4012 1326 4098 exigit
1362 4014 1448 4099 petit

182 4109 333 4195 ffc'tffissfm·
344 4115 501 4181 iudicium
515 4115 542 4179 si
556 4115 674 4180 debeat
689 4123 747 4180 etc

183 4201 333 4288 iiiiffiffio
410 4221 455 4284 Et
476 4219 591 4286 Comes
611 4242 668 4306 per
687 4228 890 4284 attornatum
907 4243 1003 4284 suum
1024 4219 1117 4284 uenit
1139 4228 1173 4284 et
1192 4220 1275 4286 bene
1295 4221 1448 4309 cognouit

219 4295 333 4380 “iamiam
624 4353 633 4386 ¹
650 4354 680 4402 de
692 4361 837 4403 testuumnto
846 4356 889 4402 uel
899 4355 930 4402 de
941 4356 1107 4403 matrimonio.

622 4417 633 4448 ²
650 4418 714 4466 This
725 4433 782 4468 case
793 4419 816 4468 is
827 4418 896 4468 cited
906 4419 940 4481 by
951 4419 1072 4477 Bracton,
1085 4419 1102 4467 i.
1115 4421 1172 4470 407.
