3342 5217
234 126 396 192 Robertus
411 126 452 191 de
467 126 598 211 Gauges
613 133 648 191 et
662 126 825 192 Hemicus
845 126 886 193 de
907 126 939 193 la
957 128 1047 194 More
1069 138 1210 216 quatuor
1224 128 1344 217 legales

234 229 381 295 homines
404 228 545 294 ueniunt
573 252 649 294 cum
679 229 809 294 recordo
839 230 926 315 quod
956 231 1021 296 tale
1051 240 1109 297 est.
1165 231 1260 311 Quod
1289 232 1343 297 die

234 334 327 399 Lune
341 334 490 421 proxima
509 341 583 420 post
601 335 722 399 festum
744 334 776 400 S.
797 334 938 399 Martini
960 334 1082 420 optulit
1103 356 1138 399 sc
1161 335 1283 401 Editha
1302 336 1343 402 de

234 439 461 506 Wackefordia
496 439 532 503 in
568 438 659 503 curie
689 438 731 503 de
767 437 984 525 Wyndesores
1012 462 1126 504 uersus
1161 440 1343 526 predictum

234 544 437 609 Willelmum
460 541 604 620 Nutach,
626 549 661 606 et
680 541 767 607 dixit
789 542 876 628 quod
898 542 985 607 idem
1005 543 1189 609 Willelmus
1210 545 1245 609 in
1265 568 1344 631 pace

235 648 289 713 dei
318 657 353 713 et
378 648 471 711 Dom.
497 646 599 733 Regis
624 654 659 709 et
681 646 878 711 bellicorum
901 648 1022 712 iniuste
1049 648 1193 713 detinuit
1222 649 1253 713 ci
1280 658 1345 715 tres

112 750 117 757 “
235 774 346 839 porcos
361 752 419 837 qui
433 751 464 815 ei
484 751 618 816 fuerunt
635 749 784 827 addirati
799 760 834 815 et
853 752 928 816 inde
949 751 1097 837 producit
1117 762 1238 819 sectam
1259 754 1344 840 quod

236 856 321 941 porci
346 855 397 920 sui
423 856 557 919 fuerunt
583 863 618 919 et
644 854 675 919 ei
701 854 883 940 porcelleti¹
908 862 943 920 et
966 864 1079 940 postea
1107 855 1255 921 adducti.
1301 858 1345 921 Et

235 960 420 1025 Willelmus
444 981 577 1046 presens
603 958 668 1023 fuit
697 966 731 1023 et
760 956 908 1023 defendit
936 958 1092 1023 iniustam
1122 958 1344 1025 detentionem

235 1071 347 1127 contra
369 1062 549 1149 predictam
576 1062 731 1127 Editham
756 1070 791 1126 et
816 1070 939 1127 sectam
965 1086 1066 1139 suam,
1093 1071 1127 1127 et
1153 1063 1233 1129 dicit
1259 1065 1344 1150 quod

236 1168 322 1254 porci
337 1167 387 1232 illi
401 1190 476 1233 cum
492 1167 565 1233 aliis
580 1168 684 1253 porcis
700 1167 731 1231 ei
751 1167 866 1232 traditi
884 1169 1017 1233 fuerunt
1037 1167 1079 1233 ad
1097 1168 1343 1234 custodiendum

235 1272 270 1336 in
293 1294 436 1358 pessona,
463 1281 498 1337 et
520 1272 667 1338 defendit
689 1280 801 1337 contra
821 1272 924 1357 ipsam
948 1272 1034 1358 quod
1056 1273 1144 1359 porci
1166 1296 1344 1360 numquam

236 1378 369 1441 fuerunt
387 1376 490 1463 ipsius
511 1376 632 1441 Edithe
652 1399 712 1441 nec
735 1375 766 1440 ei
784 1376 951 1460 porcelleti
972 1399 1030 1441 nec
1053 1375 1193 1442 addirsti
1216 1386 1253 1443 ut
1275 1378 1346 1463 ipss

235 1481 364 1546 dicebat
393 1489 428 1545 et
453 1480 514 1545 hoc
541 1480 663 1566 optulit
686 1480 822 1565 probare
852 1502 910 1565 per
936 1480 1226 1546 consideracionem
1257 1483 1344 1548 curie

235 1607 348 1650 uersus
363 1606 444 1650 eam.
489 1584 533 1649 Et
553 1584 624 1670 ipsa
646 1583 769 1647 Editha
790 1583 916 1647 exiens*
939 1591 973 1647 et
995 1584 1095 1669 peciit
1113 1584 1291 1663 consilium,
1310 1593 1345 1651 et

235 1711 350 1754 reuera
363 1688 448 1754 dixit
463 1687 550 1774 quod
566 1689 600 1753 in
615 1710 694 1773 pecc
709 1688 804 1752 Dom.·
820 1688 920 1774 Regis
940 1697 974 1753 et
993 1688 1187 1754 balliuorum
1209 1698 1247 1754 ut
1262 1691 1345 1755 latro

235 1792 386 1878 nequiter
400 1791 562 1877 predictos
576 1798 643 1854 tres
658 1812 769 1876 porcos
783 1812 921 1875 qnorum
942 1812 1045 1855 unum
1065 1792 1175 1856 tenuit
1189 1792 1224 1857 in
1245 1816 1343 1858 manu

235 1896 309 1962 sua’
332 1898 460 1961 furatus
487 1896 551 1960 fuit
576 1895 663 1961 idem
688 1894 882 1973 Willelmus,
907 1904 941 1959 et
967 1903 1082 1980 parata
1104 1896 1168 1960 fuit
1190 1896 1251 1961 hoc
1280 1898 1344 1963 dis·

234 2002 398 2067 racionare
421 2024 536 2066 uersus
562 2023 646 2077 eum,
669 2000 755 2065 sicut
778 1999 900 2063 femina
925 2021 1038 2063 uersus
1064 1999 1231 2077 latronem,
1257 2002 1343 2087 quod

234 2108 338 2193 legale
360 2106 514 2171 catallum
537 2127 633 2169 suum
656 2103 808 2189 nequiter
831 2102 862 2167 ei
884 2102 1088 2168 contradixit.
1135 2104 1342 2171 cnidiorum

234 2211 298 2276 fuit
313 2235 333 2276 a
347 2211 494 2298 predicta
507 2208 598 2274 curia
612 2205 700 2293 quod
714 2230 788 2271 cum
803 2206 875 2292 ipsa
889 2230 947 2292 per
962 2230 1077 2293 corpus
1092 2231 1188 2273 suum
1203 2208 1263 2274 hoc
1278 2233 1343 2274 non

233 2325 342 2401 posset
353 2315 497 2402 probare,
512 2312 599 2400 quod
616 2312 679 2377 sibi
702 2311 799 2377 aliter
816 2311 1015 2397 prouideret,
1039 2320 1073 2376 et
1097 2313 1146 2378 ita
1168 2313 1254 2398 quod
1273 2315 1343 2400 ipsa

233 2428 348 2507 postea
361 2418 516 2505 produxit
531 2416 708 2481 Ricardum
723 2414 828 2479 filium
849 2415 962 2479 sunm‘
984 2416 1095 2480 dicens
1119 2416 1205 2502 quod
1220 2440 1260 2482 ex
1278 2441 1342 2504 quo

233 2548 298 2590 non
314 2525 423 2611 potuit
437 2523 650 2589 disrscionare
665 2520 790 2586 dictum
805 2544 900 2585 suum
921 2542 980 2606 per
998 2542 1113 2605 corpus
1133 2544 1237 2599 sunm,
1255 2524 1340 2607 quod

233 2629 321 2694 idem
343 2627 502 2693 Ricardus
524 2626 615 2691 illam
637 2626 757 2690 faceret
779 2624 1091 2703 disracionscionem,
1118 2632 1153 2689 et
1178 2625 1227 2690 ita
1255 2627 1339 2711 quod

233 2734 321 2798 idem
361 2731 521 2797 Ricardus
561 2730 652 2796 dedit
693 2729 827 2800 uadium
868 2728 910 2793 ad
950 2728 1231 2794 dismcionandum
1276 2754 1342 2795 una

232 2837 312 2901 hora
336 2836 402 2901 diei
426 2857 485 2921 per
510 2857 624 2920 corpus
654 2856 750 2899 suum
781 2854 894 2897 uersus
917 2832 1099 2919 predictum
1124 2834 1342 2899 Willelmum⁶

232 2940 318 3027 quod
333 2940 404 3025 ipse
418 2938 502 3003 sicut
517 2938 600 3002 latro
615 2945 650 3002 et
670 2936 821 3024 nequiter
838 2936 964 3001 furatus
986 2937 1050 3001 fuit
1070 2959 1180 3023 porcos
1202 2937 1283 3015 illos,
1306 2947 1340 3003 et

231 3043 281 3108 ita
309 3040 396 3127 quod
424 3040 513 3105 idem
538 3040 723 3104 Willelmus
752 3039 899 3104 defendit
929 3039 1132 3104 latrocinium
1161 3040 1337 3129 secundum

232 3144 320 3234 quod
342 3145 373 3209 ei
394 3144 573 3230 inpositum
596 3144 668 3221 fuit,
688 3152 723 3209 et
745 3143 837 3209 dedit
858 3142 992 3209 uadium
1012 3150 1123 3207 contra
1145 3143 1339 3210 defendendi

231 3272 290 3337 per
312 3271 435 3335 corpus,
458 3258 493 3313 et
515 3249 560 3314 sic
581 3272 641 3335 per
661 3249 952 3314 consideracionem
974 3247 1062 3312 curie
1085 3247 1254 3313 usdiatum
1276 3250 1339 3314 fnit

231 3354 378 3419 duellum
414 3354 501 3418 inter
538 3377 592 3419 eos
628 3363 689 3420 eto.
733 3354 778 3417 Et
814 3376 912 3440 super
948 3352 1008 3416 hoc
1038 3351 1176 3416 ueniunt
1208 3352 1339 3430 Editha,

230 3456 389 3522 Ricardus
411 3465 446 3521 et
468 3458 651 3523 Willelmus
673 3466 708 3522 et
737 3464 934 3542 cognoscunt
960 3455 1127 3521 recordum
1153 3456 1250 3522 istud.
1295 3460 1339 3523 Et

229 3560 309 3647 quia
322 3561 411 3626 curia
425 3561 589 3648 cognoscit
603 3561 690 3648 quod
705 3561 851 3626 ducllum
866 3560 1038 3626 uadiatum
1059 3560 1123 3625 fuit
1138 3560 1178 3625 de
1193 3562 1338 3648 predicto

264 3788 393 3840 ¹SeeBr.
405 3788 423 3838 l.
437 3789 494 3839 151,
809 3792 969 3856 ofthepigs.

262 3855 273 3886 ²
290 3854 341 3915 Sic,
354 3855 377 3903 Δ
383 3870 390 3915 ;
406 3869 472 3904 corr,
483 3857 557 3905 exiit.
841 3859 853 3890 ⁴
868 3874 941 3907 rcum
952 3858 1038 3907 interl.
1051 3858 1085 3919 by
1095 3860 1250 3919 annotator:
1266 3860 1294 3910 ln
1305 3862 1335 3911 A.

261 3919 272 3953 ⁸
289 3920 400 3969 Observa
416 3918 470 3968 this
489 3920 593 3969 archaic
609 3920 757 3983 procedure,
842 3922 853 3955 ⁸
872 3924 1021 3973 Willclmum
1034 3923 1119 3973 interl
1133 3924 1168 3987 by
1179 3929 1335 3985 annotator;

229 3985 285 4035 The
299 3985 425 4034 claimant
439 3985 496 4048 lays
512 3984 559 4034 her
571 3984 643 4036 hand
658 4002 692 4036 on
708 4002 758 4036 one
810 3988 837 4037 in
849 3990 879 4037 Δ.
