3342 5217
403 167 599 234 Eustachius
628 166 669 234 de
695 163 815 232 Burn'¹
841 164 927 252 petit
952 186 1066 231 uersus
1095 166 1236 235 eundem
1260 170 1445 237 dohannem

337 272 413 337 dim
429 293 530 337 carue
547 281 632 337 terre
647 294 722 337 cum
742 277 823 357 pert
840 269 874 334 in
898 268 1011 335 eadem
1033 270 1114 336 uilla
1135 280 1174 337 ut
1195 272 1247 339 ius
1269 297 1364 340 suum
1384 283 1447 341 etc.

337 375 424 441 unde
449 374 624 441 Godwinus
645 382 828 439 antecessor
850 394 962 437 eorum
987 372 1052 438 scil
1077 374 1256 441 Willelmi'
1278 378 1447 445 Eustachii

336 480 401 545 fuit
422 479 552 545 seisitus
573 487 614 544 ut
633 478 674 544 de
694 479 764 543 iure
780 485 815 542 et
829 476 865 542 in
879 477 1039 543 dominico
1055 487 1200 565 tempore
1215 482 1258 548 Η.
1274 482 1374 570 Regis
1388 482 1447 569 qui

336 584 400 650 tuit
415 606 497 649 auus
511 582 567 649 aui
581 582 676 649 Dom.
692 582 792 669 Regis
806 581 872 646 scil.
888 602 972 646 anno
987 580 1089 647 etdie
1104 604 1169 668 quo
1188 582 1271 648 obiit
1290 584 1447 670 capiendo

336 688 413 753 inde
442 686 574 773 expleta
598 685 641 751 ed
666 684 848 749 ualenciam
874 682 949 749 dim.
974 706 1069 749 marc
1097 692 1132 749 et
1157 684 1245 751 idem
1270 686 1447 751 (lodwinus

337 791 454 857 habuit
483 790 563 855 duos
592 788 676 853 filios
705 787 888 853 Walterum
918 785 1172 873 primogenitum
1202 796 1238 853 11
1265 788 1446 854 Robertum

174 914 310 1002 roanos
336 905 534 987 postnatnm.
578 894 630 961 De
654 896 799 960 Waltero
827 893 922 959 uenit
945 893 1130 959 Willelmus
1155 894 1319 981 predictus
1345 904 1380 961 et
1404 896 1447 962 de

174 962 310 1058 smmi
337 1003 480 1069 Roberto
510 1002 592 1067 Euat
589 1000 705 1065 achius
734 999 822 1064 unde
852 1006 971 1084 petunt
1001 1006 1121 1064 terram
1147 999 1237 1065 illam
1263 1008 1302 1066 ut
1326 1010 1446 1067 terrem

174 1056 325 1199 {EQ
338 1106 531 1194 partibilem.

173 1197 310 1283 {Sam
403 1212 448 1276 Et
476 1209 642 1275 Johannes
670 1206 765 1272 uenit
794 1213 830 1271 et
859 1204 1040 1272 defendit
1030 1228 1082 1271 ius
1107 1228 1218 1272 eorum
1244 1208 1420 1273 habendi
1411 1232 1447 1274 111

172 1290 251 1333 Μ
337 1314 498 1381 dominico
512 1320 547 1379 et
566 1310 648 1376 dicit
667 1308 753 1397 quod
774 1330 840 1373 non
863 1307 1012 1373 debet
984 1328 1031 1373 111
1054 1308 1131 1374 inde
1154 1310 1345 1395 respondere
1369 1312 1449 1398 quis

337 1427 411 1506 post
424 1420 525 1485 breue
544 1416 634 1483 istud
656 1415 870 1500 impetratum
892 1412 1015 1498 recepit
1036 1411 1124 1478 idem
1139 1412 1324 1478 Willelmus
1345 1416 1448 1481 serui·

337 1523 424 1588 cium
446 1545 542 1588 suum
562 1520 603 1585 de
625 1518 739 1584 eadem
755 1525 841 1582 terra
856 1516 920 1581 1111.
936 1515 978 1580 ad
992 1515 1147 1582 ultimum
1162 1516 1282 1583 festum
1300 1519 1332 1584 S.
1347 1518 1446 1585 Mich.

336 1626 418 1691 duas
443 1646 566 1690 marcas
591 1620 774 1689 11111111.
797 1629 832 1685 et
856 1619 982 1685 desicut
1005 1620 1128 1707 recepit
1151 1622 1324 1687 seruicium
1349 1646 1448 1689 suum

334 1730 422 1816 petit
436 1728 593 1793 indicium
608 1726 637 1791 si
651 1725 770 1791 debeat
784 1723 977 1810 respondere
992 1723 1032 1789 de
1048 1732 1135 1790 terra
1148 1725 1183 1790 in
1198 1725 1366 1794 dominico.

400 1834 478 1898 Post
499 1831 594 1897 uenit
615 1831 638 1896 ,J
639 1830 783 1894 ohannes
802 1835 838 1893 et
856 1835 954 1893 uocet
968 1827 1008 1893 de
1024 1836 1095 1894 tota
1109 1837 1196 1895 terra
1209 1831 1252 1897 ad
1265 1840 1447 1897 warantum

334 1934 554 2023 Reginaldum
583 1933 625 1998 de
655 1932 834 1999 Cornhulla
868 1932 946 2019 quie
974 1932 1158 1999 Willelmus
1188 1942 1222 1999 et
1252 1934 1448 2001 Eustachiue

335 2039 450 2105 dicunt
465 2037 551 2125 quod
565 2036 606 2102 de
622 2045 710 2102 terra
723 2057 822 2123 quam
842 2042 964 2121 petunt
983 2036 1111 2100 nullum
1133 2035 1296 2101 redditum
1318 2060 1448 2125 recepe·

334 2150 421 2209 runt.
465 2143 511 2207 Et
532 2141 605 2206 ideo
628 2140 724 2205 datus
746 2148 797 2205 est
817 2140 887 2205 dies
908 2139 983 2205 talis
1001 2147 1036 2205 et
1050 2147 1130 2205 tunc
1144 2140 1263 2207 habeat
1278 2142 1309 2210 J.
1324 2164 1447 2209 waran-

201 2320 205 2326 ,
244 2267 246 2270 ·
335 2255 409 2313 tum
423 2268 519 2313 suum
534 2268 593 2331 per
607 2244 767 2310 auxilium
781 2244 876 2309 curie.

279 2410 287 2427 ‚
401 2350 600 2417 ‘Osteneum
630 2348 694 2414 suit
718 2348 813 2415 Dom.
838 2348 922 2435 Regi
948 2346 1034 2435 quod
1059 2348 1240 2415 uicecomes
1265 2351 1353 2438 cepit
1381 2353 1448 2419 Ro·

335 2455 467 2522 bertum
503 2452 608 2518 filium
644 2450 819 2519 Gundrede
848 2459 883 2517 11
912 2452 1092 2518 Robertum
1123 2453 1163 2519 de
1193 2454 1384 2521 Hekintona
1412 2464 1449 2522 et

336 2560 423 2647 ipsos
439 2559 475 2623 in
494 2558 623 2643 prisona
641 2556 785 2621 detinuit
805 2578 845 2621 ea
866 2555 1030 2620 occasione
1053 2555 1139 2641 quod
1161 2555 1344 2622 debuerunt
1365 2558 1449 2623 occi-

338 2662 423 2728 disse
448 2663 612 2748 Rogerum
636 2661 667 2726 le
694 2659 829 2727 Stillard
855 2669 890 2725 et
916 2660 1122 2725 Salomonem
1144 2661 1248 2725 filium
1271 2683 1367 2727 sunm
1389 2664 1448 2749 qui

337 2766 409 2832 uiui
430 2774 508 2832 sunt
528 2773 563 2831 et
577 2765 656 2842 sani,
671 2763 758 2830 unde
776 2772 968 2851 preceptum
983 2763 1047 2828 fuit
1061 2764 1246 2830 nicecomiti
1261 2766 1348 2852 quod
1361 2766 1448 2853 ipsos

337 2870 518 2936 Robertum
533 2876 568 2934 et
582 2868 762 2933 Robertnm
777 2867 960 2932 dimitteret
971 2890 1030 2954 per
1040 2867 1147 2933 saluos
1160 2869 1283 2957 plegios
1297 2871 1346 2936 ita
1360 2870 1447 2957 quod

338 2982 446 3040 essent
470 2973 513 3039 ad
541 2972 629 3037 hunc
657 2971 744 3037 diem
774 2979 833 3037 etc
893 2972 938 3037 Et
967 2972 1147 3037 uicecomea
1173 2973 1238 3039 scil.
1264 2974 1448 3039 Herbertus

339 3079 484 3148 Clericus
512 3077 606 3142 uenit
632 3084 667 3143 et
689 3077 852 3163 cognoscit
875 3076 962 3164 quod
991 3099 1045 3142 eos
1071 3076 1159 3164 cepit
1186 3098 1224 3142 eo
1250 3078 1336 3164 quod
1361 3080 1449 3145 lema

338 3181 443 3269 patrie
458 3181 523 3247 scil.
538 3181 582 3245 xl.
597 3180 744 3246 homines
764 3180 918 3246 dixerunt
939 3179 1025 3267 quod
1040 3178 1067 3245 si
1082 3180 1230 3267 Rogerus
1244 3188 1279 3245 et
1294 3180 1447 3247 Salomon

338 3286 433 3351 occisi
448 3293 556 3351 essent
577 3284 769 3351 credebatur
788 3286 875 3372 quod
890 3284 1028 3371 predicti
1047 3282 1209 3350 Robertus
1229 3292 1264 3349 et
1285 3284 1448 3351 Robertus

337 3390 424 3477 ipsos
438 3388 625 3454 occiderunt
639 3396 674 3453 et
688 3396 837 3475 preterea
852 3412 890 3454 eo
910 3387 997 3475 quod
1010 3386 1126 3453 rettati
1140 3388 1273 3452 fuerunt
1287 3386 1328 3453 de
1343 3396 1447 3455 morte

337 3494 505 3561 cuiusdam
520 3492 687 3581 garcionis.

404 3600 447 3664 Et
461 3621 559 3685 super
572 3597 633 3663 hoc
646 3597 740 3663 uenit
758 3598 905 3685 Rogerus
925 3597 956 3664 le
977 3588 1112 3663 Stillard
1133 3603 1167 3661 et
1188 3595 1340 3661 Salomon
1361 3596 1448 3663 filius

338 3702 409 3768 eius
431 3709 466 3768 et
487 3702 601 3767 dicunt
622 3700 709 3788 quod
731 3701 870 3787 predicti
892 3702 1055 3768 Robertus
1081 3707 1116 3766 et
1139 3699 1301 3765 Robertus
1323 3702 1448 3769 nullam

371 3836 467 3885 Beck
478 3834 530 3885 and
541 3838 614 3885 Bura
625 3834 783 3887 1111111111.
916 3850 962 3901 my
989 3838 1083 3887 tenent
1110 3835 1124 3885 1
1151 3849 1196 3886 am
1226 3838 1282 3885 esto
1282 3836 1350 3899 ppecl
1380 3836 1448 3889 trum

371 3900 455 3963 ¹pSu
455 3900 499 3964 ply
510 3909 542 3961 e,t
555 3901 586 3959 A,
598 3902 629 3953 B.
916 3902 1040 3965 claiming
1051 3902 1096 3952 the
1106 3900 1187 3951 land
1179 3914 1207 3950 111
1219 3900 1348 3953 demesne.

371 3964 453 4014 ’The
469 3936 688 4015 wordeiehonld
703 3964 815 4030 perpehs
834 3967 865 4017 be
948 3966 1232 4027 ⁴A.m.;...le2

338 4034 413 4081 sicut.
445 4030 473 4079 Il
486 4032 500 4079 1
512 4034 600 4094 accept
614 4035 673 4082 rent
686 4032 754 4082 from
769 4046 820 4096 yon
835 4047 867 4082 aa
