3342 5217
482 323 618 383 menna,
641 324 705 373 nn.
732 310 910 385 123116
935 312 984 374 15.
1223 310 1287 378 437

182 495 269 580 quod
283 494 448 580 predictus
463 495 614 561 Oliuerus
629 495 745 561 habuit
763 494 936 582 quemdam
956 496 1088 560 fratrem
1109 495 1286 562 Redulfum

182 599 312 664 nomine
327 608 519 665 antenatum
535 600 618 665 etin
633 601 693 666 hoc
707 600 959 687 aquieteuerunt
978 600 1064 686 ipseo
1081 600 1237 666 iuratores
1251 612 1287 667 61

181 702 245 789 ipai
258 702 427 769 iusticierii
442 703 726 769 considerauerunt
741 704 827 790 quod
843 704 994 769 Oliuerus
1004 704 1068 769 fuit
1079 704 1288 793 propinquior

181 806 274 871 heres
289 829 327 871 eo
341 807 427 893 quod
442 808 607 893 predictus
627 806 786 872 Radulfus
800 830 865 872 non
880 808 990 893 potuit
1004 829 1073 873 6666
1087 808 1238 875 dominus
1252 819 1287 875 et

180 909 282 987 heres,
298 918 332 975 61
346 911 406 976 hoc
421 911 543 977 scilicet
557 934 626 977 6666
641 911 808 976 dominum
822 920 859 976 et
873 910 1023 980 heredem
1039 919 1164 997 spectat
1179 912 1222 978 ed
1235 912 1286 978 ius

181 1020 217 1078 et
236 1036 301 1078 non
316 1013 359 1079 ad
372 1015 602 1100 possessionem
617 1017 671 1080 uel
686 1015 818 1097 assisam
837 1015 950 1080 mortis
969 1015 1186 1092 antecessoris,
1202 1015 1285 1082 Gon-

182 1116 359 1182 eideratum
374 1125 425 1183 est
439 1118 526 1205 quod
539 1118 677 1205 predicti
691 1118 861 1184 iusticierii
874 1120 910 1183 in
926 1118 1047 1184 iudicio
1065 1119 1121 1183 illo
1140 1118 1286 1185 faciendo

183 1230 373 1286 errauerunt
395 1228 430 1285 et
452 1221 569 1285 falsum
591 1222 737 1286 fecerunt
759 1220 917 1286 indicium
931 1230 965 1286 et
979 1220 1053 1285 ideo
1067 1220 1237 1286 iusticiarii
1252 1222 1287 1287 in

182 1323 399 1389 misericordie
413 1332 447 1388 et
461 1323 617 1388 iuratores
639 1322 715 1389 inde
737 1323 808 1387 sine
828 1323 882 1388 die
897 1332 932 1387 et
947 1323 1099 1388 Oliuerus
1113 1324 1148 1388 in
1162 1324 1286 1390 miseri-

181 1426 290 1491 cordie
304 1435 339 1491 et
354 1425 446 1491 Prior
460 1425 666 1511 recuperauit
680 1424 831 1490 eeisinem
846 1448 947 1490 euam.

231 1553 314 1603 ιΝο16
324 1553 393 1616 quod
409 1568 463 1604 non
480 1554 546 1604 iacet
559 1554 642 1605 666166
658 1552 750 1604 mortis
766 1554 937 1604 antecessoris
951 1554 1020 1604 inter
1035 1555 1143 1605 fratrem
1159 1554 1287 1605 iuniorem

181 1638 314 1697 petentem
326 1634 358 1684 de
369 1639 452 1686 morte
463 1634 553 1685 fratria
564 1635 604 1685 eui
615 1638 641 1685 et
652 1635 793 1697 quemlibet
804 1635 894 1694 alium,
903 1650 963 1685 cum
973 1635 1052 1685 tuerit
1060 1636 1139 1687 freter
1146 1640 1287 1687 menaeus

181 1716 227 1778 qni
243 1716 366 1767 dominns
382 1718 429 1775 eet,
441 1716 501 1766 licet
517 1731 570 1766 non
586 1716 669 1779 possit
685 1731 740 1767 6666
756 1716 880 1767 dominae
895 1722 922 1767 et
937 1716 1019 1775 berea.
1031 1718 1093 1780 quia
1109 1717 1161 1769 hoc
1175 1719 1288 1783 pertinet

181 1802 287 1848 tantum
298 1798 331 1848 ed
342 1798 384 1847 ius
394 1802 421 1848 et
431 1814 484 1848 non
496 1798 530 1848 ad
541 1798 673 1857 aeiainam,
685 1798 746 1861 qnia
757 1800 789 1849 ad
796 1804 951 1849 antenatum
959 1800 1072 1863 pertinet
1080 1802 1168 1863 prima
1174 1802 1288 1852 6616166ι

181 1884 208 1931 et
219 1880 278 1930 ideo
289 1895 342 1930 non
354 1881 421 1931 iacet
433 1881 522 1933 666166.
559 1882 603 1932 Set
614 1896 674 1931 cum
686 1884 826 1933 antenatus
842 1882 965 1932 aeiainam
979 1882 1100 1932 hebuerit
1115 1887 1178 1933 tuno
1191 1884 1286 1947 poterit

181 1963 321 2025 poetnatue
335 1967 420 2025 petere
435 1961 559 2012 eeieinam
571 1976 645 2011 anam
656 1963 689 2012 ab
700 1965 824 2013 antenato
834 1962 950 2026 predicta
960 1961 1063 2013 racione
1074 1962 1136 2025 quia
1146 1966 1286 2014 antenataa

182 2058 284 2107 semper
294 2048 334 2094 eet
344 2042 513 2107 propinquior
523 2043 597 2094 heres
608 2046 646 2093 eet
657 2042 698 2093 ina
710 2058 769 2093 eum
780 2043 863 2093 eiciet.

247 2151 289 2217 ⁸J
290 2160 385 2217 urata
399 2152 492 2217 uenit
506 2152 710 2239 recognitum
724 2173 782 2237 per
797 2152 998 2217 Willclmum
1017 2152 1121 2217 filium
1136 2152 1286 2218 Redulfi⁴
1311 2160 1435 2211 Note-nrt

181 2256 408 2323 eiWillelmus
422 2255 463 2320 de
478 2256 608 2321 Humaz
622 2278 706 2321 enno
724 2265 758 2321 et
778 2256 830 2321 die
851 2280 915 2343 quo
937 2257 1139 2323 Normannia
1159 2258 1287 2344 perdita

181 2361 245 2426 fuit
267 2360 331 2426 fuit
352 2361 387 2425 in
410 2359 528 2426 seisine
547 2360 588 2425 de
606 2361 749 2426 manerio
763 2361 804 2426 de
819 2360 1033 2448 Dudingbona
1047 2384 1122 2427 oum
1136 2369 1216 2447 pert
1232 2364 1286 2427 uel

179 2465 209 2530 si
225 2464 386 2530 Gerendus
400 2463 442 2528 de
457 2463 637 2529 Keunuilla
651 2472 685 2528 et
700 2463 861 2529 Nicholae
879 2486 961 2529 uxor
976 2465 1047 2530 eius
1060 2474 1140 2531 tunc
1154 2466 1287 2531 fuerunt

178 2569 216 2645 in
239 2568 357 2634 seisine
378 2567 420 2632 de
441 2567 585 2654 predicto
606 2568 750 2632 manerio
772 2574 807 2632 et
827 2576 906 2633 ante
931 2568 997 2633 scih
1019 2578 1164 2655 tempore
1186 2570 1287 2657 Reg'm

179 2670 311 2736 Rieardi
337 2678 371 2736 et
396 2678 509 2757 postea
537 2670 621 2735 sicut
646 2669 687 2734 de
716 2678 809 2755 parte
834 2692 898 2757 que
923 2690 977 2735 eoo
1006 2672 1215 2759 contingebat
1242 2672 1284 2737 de

178 2774 360 2840 hereditate
376 2796 439 2860 que
454 2773 518 2838 fuit
533 2772 664 2838 Ricardi
678 2772 718 2838 de
735 2774 832 2859 Haye
851 2773 954 2859 patris
968 2772 1111 2858 predicte
1127 2774 1284 2840 Nicholac

177 2877 202 2941 J
203 2876 269 2941 ulie
295 2883 329 2940 et
354 2876 493 2941 Isebelle
518 2898 662 2941 sororum
687 2876 788 2963 ipsius
814 2876 972 2941 Nichoiae
1002 2884 1070 2940 tam
1099 2876 1134 2940 in
1163 2877 1285 2965 Anglia

179 3002 278 3066 quem
292 2980 327 3044 in
343 2978 547 3043 Normannie
558 3000 616 3064 per
633 2979 833 3043 concordiem
852 2980 973 3044 tactem
993 2979 1081 3044 inter
1101 2980 1283 3065 predictum

179 3083 360 3149 Gererdum
375 3088 409 3147 et
424 3080 615 3146 Nicholaom
631 3089 665 3145 et
680 3082 855 3169 participes
868 3106 950 3148 suco.

243 3187 412 3252 Juretores
437 3185 571 3250 dicunt⁶
596 3186 683 3272 quod
708 3186 847 3272 predicti
873 3187 1036 3253 Gererdus
1060 3196 1096 3252 et
1124 3186 1284 3252 Nicholaa

177 3299 356 3356 tenuerunt
378 3298 482 3355 totam
503 3289 617 3354 uillem
639 3289 679 3354 de
702 3289 915 3377 Dudingtone
936 3313 1011 3356 cum
1030 3291 1180 3355 omnibus
1201 3299 1283 3376 pert.

176 3394 246 3459 suis
260 3394 403 3480 exceptis
418 3417 446 3459 v.
462 3394 543 3481 uirg.
559 3401 644 3459 terre
659 3402 694 3458 et
714 3393 824 3459 dimid.
840 3400 875 3458 et
889 3416 918 3458 v,
933 3392 1062 3457 coteriis
1077 3402 1111 3457 et
1120 3394 1145 3479 j
1160 3394 1282 3458 molen-

175 3500 255 3565 dino
278 3506 423 3584 tempore
447 3496 548 3584 Regis
569 3497 700 3562 Rioerdi
725 3506 764 3562 ut
787 3498 839 3563 ius
863 3506 897 3561 61
922 3496 1138 3562 hereditatem
1158 3495 1283 3583 {ipsius

209 3635 220 3668 ¹
238 3634 303 3711 Thia
324 3634 347 3685 ia
365 3650 385 3709 Ι6
406 3636 467 3683 note
488 3632 573 3695 began
600 3633 628 3683 in
656 3650 705 3684 one
755 3634 818 3709 keep
834 3632 898 3683 both
915 3632 959 3683 the
975 3632 1094 3695 oeignory
1109 3631 1162 3682 end
1178 3632 1223 3682 the
1241 3632 1281 3681 in·

177 3698 705 3827 1111111111111111111
754 3697 1281 3839 111111111111161161

176 3832 226 3881 hae
243 3830 316 3879 three
333 3844 395 3879 eone
411 3832 443 3886 A,
459 3830 493 3887 Β,
511 3832 539 3887 0,
557 3830 664 3878 66166116
680 3832 703 3879 Β
754 3830 923 3879 ameroedfor
933 3832 982 3877 not
992 3828 1197 3890 understandrng
1208 3828 1269 3877 thre.

175 3896 230 3946 aud
246 3895 303 3944 dier
310 3914 318 3957 ς
341 3894 386 3943 the
403 3894 520 3957 eeignory
536 3893 659 3943 descende
676 3898 704 3943 to
787 3896 797 3924 ²
814 3893 889 3943 Heia
900 3893 1008 3943 entitled
1019 3897 1047 3941 to
1058 3907 1075 3942 a
1085 3892 1182 3954 primer
1191 3892 1277 3943 eeisira

174 3966 213 4022 A3
236 3960 300 4011 then
316 3960 339 4009 Β
356 3958 411 4009 dica
427 3960 537 4008 without
558 3958 642 4017 iaeue;
672 3962 702 4019 0,
787 3958 866 4007 ι1166
892 3958 937 4008 tha
963 3957 1100 4021 ptemmga
1123 3972 1165 4007 666
1191 3958 1280 4017 above,

176 4029 223 4077 not
233 4025 323 4085 A,hae
330 4024 376 4074 the
386 4024 442 4074 beet
454 4023 524 4085 right
536 4026 562 4072 to
571 4023 616 4073 the
625 4022 702 4083 land;
754 4024 819 4073 0666
830 4024 890 4073 502.

174 4095 206 4153 A,
220 4092 244 4141 it
256 4091 279 4139 ia
290 4094 355 4149 true,
367 4088 564 4153 inproptnquter
573 4088 703 4139 bertrand
785 4089 796 4121 ⁴
813 4089 868 4138 The
878 4102 968 4137 names
979 4088 1009 4137 of
1017 4086 1091 4138 other
1101 4087 1185 4151 jurora
1196 4086 1282 4137 would

174 4172 205 4207 eo
214 4158 236 4206 G
246 4158 344 4205 cannot
354 4153 429 4216 bring
436 4154 479 4203 the
485 4158 554 4203 mort
560 4152 704 4204 d’ancestor
753 4154 840 4203 iollow
851 4168 887 4203 on
897 4153 942 4203 the
952 4153 1010 4202 roll.

174 4220 382 4287 ngdaehimor
390 4219 493 4283 against
503 4234 519 4268 a
531 4221 656 4281 stranger,
664 4219 704 4268 for
786 4220 796 4251 ⁵
815 4218 863 4269 See
879 4218 939 4270 Bet.
958 4219 996 4269 Ol.
1013 4219 1063 4269 vol.
1081 4232 1100 4268 1.
1117 4233 1161 4281 pp.
1175 4220 1197 4276 1,
1209 4220 1242 4269 28
1252 4218 1278 4276 b,

175 4288 236 4337 here
248 4284 293 4335 the
304 4284 423 4347 queauon
434 4284 487 4333 will
499 4284 528 4334 be
539 4284 635 4347 merely
646 4283 703 4333 who
754 4286 798 4335 ta

175 4352 198 4402 ia
211 4352 380 4416 propinquior
397 4350 465 4400 terea
471 4366 480 4407 ,·
502 4348 549 4399 but
569 4352 589 4398 A
606 4354 703 4399 cannot
