3342 5217
232 150 308 217 inde
318 152 429 216 eicere.
453 152 570 216 Postea
580 150 718 215 seruiuit
730 149 816 214 idem
829 150 954 215 Alanus
964 150 1085 216 Comiti
1094 150 1134 216 de
1144 152 1345 217 Albamarlia

233 256 281 320 ita
289 256 376 343 quod
386 255 477 321 dedit
487 256 517 320 ei
528 255 716 320 warisonam
728 253 842 319 suam¹.
879 255 922 318 Et
934 264 1047 341 postea
1055 256 1188 321 accessit
1199 256 1241 320 ad
1253 258 1344 321 eum²

233 360 398 445 predictus
415 360 565 444 Saxynus
579 366 613 422 et
628 356 729 443 peciit
749 356 836 442 quod
860 357 961 441 possit
982 366 1091 422 tenere
1113 366 1232 423 terram
1254 359 1344 423 illam

234 462 291 526 de’
304 485 393 549 pace,
407 470 442 527 et
456 462 524 548 ipse
540 462 665 526 Alanus
683 462 744 525 hoc
759 461 790 524 ei
810 460 983 526 concedere
1003 461 1109 526 noluit
1127 484 1187 526 neo
1202 462 1295 527 daret
1314 462 1345 527 ei

234 566 377 651 aliquam
391 574 518 651 partem
533 565 621 630 illius
636 574 721 629 terre
737 572 770 628 et
786 564 841 629 ille
853 564 944 629 dedit
956 565 987 629 ei
998 587 1055 652 pro
1067 588 1145 651 pace
1158 565 1192 631 in
1205 566 1293 631 ouria
1304 566 1344 631 do

235 668 480 755 Pateringtona⁴
491 668 533 733 ix.
545 691 605 732 aer.
619 676 704 731 terre
719 666 760 730 de
775 667 889 731 eadem
905 675 999 743 terra,
1014 667 1078 733 scil.
1092 677 1158 733 tres
1169 667 1209 733 de
1221 670 1346 733 meliori

235 782 301 837 tres
316 771 356 837 de
371 772 524 836 mediocri
539 779 605 835 tres
620 771 659 835 de
675 770 786 856 peiori,
800 770 858 837 viz.
875 771 909 835 in
925 771 1090 849 Griseroft
1102 772 1136 836 in
1149 772 1346 860 Ostallinges

235 884 270 939 et
281 874 316 938 in
328 874 540 952 Sutfellonde,
551 881 585 938 et
600 873 649 937 ita
662 872 772 937 tenuit
788 874 937 959 Saxynus
952 882 1023 938 tota
1034 875 1105 938 uita
1113 898 1172 940 sua
1181 876 1345 941 residuum

237 984 272 1040 et
286 976 412 1040 Alanus
431 975 593 1061 predictas
607 974 648 1039 ix.
664 997 725 1041 aer.
772 975 816 1038 Et
830 984 944 1059 postea
958 984 1031 1061 post
1051 985 1189 1041 mortem
1204 977 1344 1062 ipsorum

236 1078 404 1143 amborum
433 1077 526 1142 uenit
555 1077 688 1163 quidam
723 1075 798 1141 Ada
826 1077 923 1141 filius'
947 1078 1046 1143 Alani
1076 1086 1109 1143 et
1139 1064 1345 1165 inplacitauit

237 1181 371 1246 Petrum
386 1180 489 1245 filium
506 1180 619 1245 Saxini
633 1180 674 1243 de
695 1188 782 1243 terra
801 1202 900 1265 quam
920 1180 989 1266 ipse
1011 1181 1151 1246 Saxinus
1174 1183 1290 1261 tenuit,
1311 1194 1345 1247 et

236 1286 272 1349 in
287 1292 416 1349 tantum
431 1284 586 1370 prooessit
601 1284 729 1370 loquela
744 1284 831 1369 quod
845 1284 880 1348 in
896 1285 1008 1350 eadem
1021 1285 1110 1351 curia
1120 1287 1160 1351 de
1176 1287 1344 1373 Patering·

238 1399 316 1452 tona
338 1388 431 1452 uenit
455 1387 543 1452 idem
566 1387 641 1452 Ada
666 1396 701 1452 et
724 1388 850 1452 remisit
876 1388 1028 1453 clamium
1052 1412 1148 1453 suum
1171 1413 1229 1475 pro
1260 1398 1345 1455 terra

239 1516 336 1579 quam
365 1493 490 1556 Alanus
520 1500 614 1577 pater
643 1515 721 1556 suus
758 1492 875 1571 tenuit,
906 1501 940 1557 et
977 1493 1025 1557 ita
1062 1494 1199 1579 quilibet
1233 1516 1345 1559 eorum

175 1622 180 1631 ·
238 1598 393 1661 remansit
415 1598 450 1660 in
471 1596 590 1661 saisina
610 1597 651 1661 da
675 1605 766 1682 parte
788 1620 849 1661 sua
871 1606 904 1661 et
923 1606 1032 1683 posteo
1053 1597 1195 1683 ipsorum
1212 1598 1346 1663 heredes

239 1723 340 1787 usque
355 1724 448 1765 nuno.
496 1701 539 1764 Et
554 1700 632 1786 quia
645 1701 803 1766 iuratores
822 1701 913 1786 prius
932 1702 1085 1766 dixerunt
1100 1703 1296 1768 contrarium
1311 1713 1346 1766 et

239 1803 316 1889 quia
329 1803 486 1867 iuratores
504 1802 648 1867 nondum
669 1803 776 1868 uisum
800 1804 946 1867 fecerunt
968 1804 1008 1868 de
1032 1812 1119 1869 terra
1141 1812 1175 1869 et
1197 1804 1346 1891 ignoran-

239 1907 337 1973 ciam⁵
351 1908 505 1973 dixerunt
520 1908 554 1973 id
569 1908 655 1994 quod
670 1908 832 1985 dixerunt,
847 1908 1028 1977 remittitur
1042 1909 1089 1973 eis
1104 1907 1345 1973 misericordia⁶.

241 2011 284 2073 Et
312 2009 550 2076 consideratum
580 2018 631 2075 est
659 2010 746 2096 quod
775 2006 938 2093 Rioanius¹
962 2011 1166 2096 recuperauit
1195 2010 1346 2075 saisinam

239 2137 331 2179 suam
353 2115 394 2179 de
417 2123 504 2180 terra
525 2136 623 2200 quam
645 2113 736 2198 prius
757 2106 912 2177 amiserat
931 2136 989 2198 per
1008 2113 1133 2178 dietum
1156 2136 1265 2178 eorum
1282 2114 1347 2178 scil.

241 2218 282 2283 de
298 2220 339 2283 xl.
355 2242 415 2284 aer.
434 2229 526 2294 terre,
542 2227 576 2282 et
592 2219 708 2282 Petrus
722 2218 757 2281 in
772 2202 996 2283 miseridordia

182 2374 188 2386 .
305 2320 544 2385 Willelmus'de
559 2320 737 2384 Albaniaco
751 2320 838 2406 petit
853 2342 965 2409 uersus
980 2320 1155 2386 Ricardum
1171 2321 1349 2386 doWater-
1441 2333 1470 2362 ⁰¹·

241 2425 321 2489 uilla
342 2425 428 2510 quod
450 2424 548 2489 faeiat
570 2424 602 2487 ei
622 2424 873 2489 eonsuetudines
895 2432 929 2489 et
951 2433 1040 2489 recta
1068 2426 1204 2490 seruicia
1226 2448 1289 2511 que
1319 2425 1349 2489 ei

240 2529 343 2592 facere
354 2528 453 2592 debet
465 2526 505 2591 de
517 2526 618 2591 libero
630 2536 819 2592 tenemento
830 2528 920 2613 'quod
935 2526 975 2591 de
992 2549 1029 2591 eo
1045 2535 1137 2591 tenet
1152 2528 1187 2591 in
1202 2527 1348 2591 Nabum’

241 2632 391 2708 Dauton’,
413 2640 448 2695 et
465 2631 553 2696 unde
573 2632 674 2717 peciit
695 2632 737 2696 ab
760 2655 798 2695 eo
821 2632 908 2717 quod
930 2632 1050 2696 faceret
1073 2631 1103 2694 ei
1126 2630 1299 2695 seruioium
1319 2654 1349 2695 v.

239 2734 406 2800 feodorum
421 2734 547 2821 integre
563 2757 621 2820 per
635 2735 803 2799 recordum
817 2735 897 2799 alibi
911 2744 972 2801 eto.

307 2840 351 2904 Et
365 2838 524 2903 Ricardus
538 2839 632 2903 uenit
647 2847 682 2903 ot
702 2839 865 2925 cognoscit
888 2838 975 2924 quod
996 2846 1105 2904 tenere
1129 2839 1228 2903 debet
1250 2837 1290 2903 de
1311 2862 1350 2903 eo

241 2968 268 3009 v.
284 2943 386 3021 feoda,
400 2952 452 3008 set
467 2943 532 3007 tria
546 2943 641 3008 feoda
654 2943 689 3007 in
705 2965 782 3007 com.
797 2943 897 3008 Oxon.
910 2943 944 3007 in
957 2944 1117 3007 Broctona
1127 2952 1162 3007 et
1177 2943 1350 3007 Niwetona

240 3057 318 3113 sunt
333 3048 374 3112 do
389 3047 500 3133 paruis
515 3047 616 3113 feodis
636 3047 676 3111 de
696 3046 872 3132 Morting'⁷.
919 3047 962 3109 Et
982 3046 1058 3110 inde
1074 3046 1183 3131 posuit
1198 3069 1231 3111 se
1253 3069 1350 3132 super

241 3172 394 3237 magnam
409 3150 541 3213 assisam
560 3150 608 3213 ita
628 3149 714 3235 quod
737 3160 877 3235 quatuor
897 3148 1018 3213 milites
1038 3148 1134 3213 electi
1154 3150 1285 3213 fuerumt
1307 3149 1349 3214 ad

242 3254 379 3341 eligend'
395 3253 448 3339 xij.
495 3255 539 3317 Et
560 3262 634 3339 post
649 3254 742 3318 uenit
762 3252 946 3317 Willelmus
960 3276 1018 3338 per
1037 3260 1239 3317 attomatum
1254 3276 1349 3317 suurn

241 3366 277 3422 et
291 3356 455 3443 eognosoit
468 3354 556 3442 quod
571 3363 655 3419 terre
671 3355 711 3419 de
733 3356 893 3419 Brootona
912 3362 947 3419 st
967 3356 1122 3420 Neutona
1143 3378 1208 3419 non
1228 3356 1350 3421 debent

275 3552 285 3584 ¹
302 3552 370 3601 Alan
381 3550 478 3612 having
489 3551 577 3600 served
588 3550 634 3601 tha
644 3550 715 3610 Earl,
728 3550 773 3600 the
822 3550 870 3600 but
881 3548 1030 3599 afterwards
1042 3548 1122 3599 Saxin
1136 3550 1201 3613 (ille)
1212 3564 1275 3611 gave
1291 3548 1349 3599 him

243 3618 306 3666 Earl
322 3617 385 3679 paid
400 3616 457 3665 him
475 3615 519 3665 his
540 3632 623 3679 wagea
646 3616 698 3665 and
720 3616 771 3664 dis·
823 3616 867 3679 (ei)
884 3611 1101 3664 ninsaoresand
1117 3630 1146 3663 so
1164 3614 1279 3664 thauma
1296 3630 1349 3663 uas

242 3680 341 3733 missod
360 3680 425 3730 him.
462 3682 585 3740 Warr'rora
608 3682 648 3730 ior
674 3682 771 3730 reward
822 3678 1020 3743 compromised.

244 3749 300 3805 dae,
313 3746 337 3795 is
347 3747 452 3796 known.
855 3744 865 3777 ⁶
883 3744 933 3794 Sia.

276 3814 287 3843 ²
303 3811 383 3862 Satin
395 3816 463 3860 went
475 3814 502 3861 to
514 3812 589 3862 Alan.
854 3809 865 3841 ⁶
883 3810 929 3859 See
939 3808 984 3857 Br.
996 3808 1015 3858 1.
1028 3810 1075 3859 289
1084 3808 1109 3857 b.

276 3878 287 3908 ³
304 3877 424 3927 (tornis.
831 3918 834 3921 .
854 3875 865 3907 ⁷
883 3873 965 3923 Thess
976 3875 1028 3923 sees
1039 3874 1132 3935 belong
1143 3876 1171 3924 to
1188 3874 1231 3924 the
1247 3874 1351 3925 honour

276 3941 452 4003 ‘Seemingly
468 3946 496 3991 at
516 3942 576 3990 first
596 3941 664 3990 Alan
686 3940 772 3990 would
822 3940 851 3987 ol
860 3938 983 3988 Mortain.

245 4012 292 4056 not
303 4006 359 4068 give
376 4021 413 4069 up
430 4021 482 4069 any
500 4012 558 4069 part
575 4007 602 4055 ol
618 4006 659 4055 his
676 4006 770 4063 claim;
