3342 5217
375 401 439 469 370
583 415 817 478 ιιιοιιιιιιιιιε,
838 417 903 466 ιιι.
928 405 1021 480 1230,
1042 418 1108 468 ,ιιι
1132 407 1269 470 14-15.

376 585 509 651 tercium
524 595 651 673 portem
667 587 907 667 nominemus,
922 597 957 654 et
971 587 1053 655 dues
1067 598 1177 676 partes
1192 587 1233 655 de
1246 591 1356 677 grecis
1375 589 1482 656 reddit

375 691 499 780 Agneti
513 691 580 756 filie
595 691 696 778 ipsius
711 693 734 758 J
736 693 871 757 ohanne.

213 793 270 879 {51³2
276 794 339 881 335⁶„
442 794 563 859 Eadem
578 795 663 880 petit
677 817 790 860 uersus
805 796 985 860 Robertum
1000 795 1032 860 le
1046 796 1189 862 Pachere
1203 797 1338 862 terciam
1353 805 1481 884 purtem

213 887 347 982 Sulsslplhl
376 898 435 986 iiij.
449 900 502 963 sol.
519 900 665 965 redditus
679 923 754 965 cum
769 909 850 986 pert.
865 901 901 965 in
916 901 1010 967 Clere
1025 908 1064 964 ut
1079 901 1188 966 dotem
1203 923 1295 966 susm
1310 910 1371 967 etc.

214 981 358 1067 tfflltt
443 1001 487 1066 Et
502 1002 663 1067 Rohertus
680 1003 774 1067 uenit
794 1010 828 1067 et
848 1003 928 1067 dicit
948 1003 1035 1090 quod
1053 1003 1154 1067 nichil
1176 1011 1268 1069 tenet
1290 1004 1331 1069 de
1352 1004 1483 1069 redditu

215 1083 347 1205 {ffdlhlm
379 1104 435 1169 illo
455 1104 518 1169 nisi
539 1114 764 1170 tenementum
786 1106 873 1171 unde
895 1106 1041 1171 redditus
1063 1108 1221 1193 pnouenit
1266 1109 1311 1173 Et
1333 1109 1486 1174 Johsnna

216 1176 369 1308 fflffilgll·
381 1230 445 1272 non
468 1208 577 1294 potuit
599 1209 659 1273 hoc
680 1208 827 1274 dedicere
850 1222 885 1274 et
906 1209 980 1273 ideo
1001 1209 1163 1275 Robertus
1185 1211 1261 1276 inde
1282 1211 1352 1276 sine
1373 1211 1426 1276 die
1449 1219 1484 1275 et

217 1306 271 1392 ῗζζξξ
280 1307 346 1346 '⁸⁶⁶¹'
381 1312 532 1377 Johenns
551 1313 585 1376 in
600 1312 822 1378 misericordis.

259 1427 331 1494 471,
367 1405 372 1414 ¹
446 1417 570 1482 ¹Assisu
598 1418 692 1482 uenit
720 1417 926 1503 recognitum.
957 1417 985 1482 si
1014 1415 1176 1482 Redulfus
1204 1418 1246 1483 de
1274 1419 1484 1485 Cheindednt

241 1528 347 1570 Herm·
380 1520 516 1585 Matillis
538 1521 578 1587 de
598 1521 777 1609 Essemgge
796 1531 831 1586 et
852 1521 987 1587 Vliunus
1009 1523 1094 1587 filius
1116 1546 1194 1588 suus
1215 1524 1336 1589 iniuste
1358 1533 1392 1588 et
1413 1523 1484 1588 sine

380 1625 499 1690 iudicio
528 1624 771 1690 disseisiuerunt
801 1624 967 1689 Simonem
1004 1624 1045 1690 de
1082 1626 1283 1711 Frankeleye
1312 1627 1353 1691 de
1381 1627 1484 1691 libem

381 1738 567 1794 tenemento
596 1751 655 1794 suo
683 1729 718 1792 in
747 1729 929 1814 Langeleye
958 1737 1032 1815 post
1060 1730 1200 1816 primam
1233 1733 1483 1796 coronacionem

381 1835 425 1899 Et
454 1835 614 1899 Radulfus
639 1835 775 1899 Metillis
805 1842 840 1898 et
865 1833 1001 1898 Vliunus
1030 1835 1170 1898 ueniunt
1199 1844 1234 1900 et
1262 1835 1363 1900 nichil
1392 1836 1484 1900 eliud

380 1938 494 2002 dicunt
513 1960 610 2024 quem
631 1936 784 2001 dixerunt
803 1936 891 2022 apud
912 1936 1219 2002 Chelmerefoidiam
1239 1959 1346 2002 coram
1368 1937 1419 2004 W.
1442 1938 1485 2002 de

379 2040 528 2126 Ralegha
542 2049 576 2104 et
590 2039 682 2104 sociis
697 2039 763 2103 suis
783 2039 876 2103 ouius
891 2038 1018 2124 loquele
1032 2039 1224 2104 inrotulacio
1238 2050 1290 2105 est
1304 2041 1433 2126 plenius
1447 2041 1484 2105 in

379 2145 485 2209 rotulo
499 2145 539 2209 de
556 2143 708 2208 termino'
722 2151 781 2208 etc.
798 2143 863 2207 nisi
877 2151 1008 2207 tantum
1027 2143 1113 2229 quod
1133 2152 1254 2229 petunt
1272 2144 1335 2209 sibi
1354 2143 1486 2209 allocari

380 2246 466 2333 quod
496 2245 624 2332 quando
648 2245 794 2332 predicta
823 2244 960 2308 Matillis
988 2244 1087 2330 petiit
1115 2245 1289 2330 aliquando
1310 2245 1420 2310 dotem
1443 2245 1485 2311 de

379 2349 492 2413 eodem
522 2357 709 2413 tenemento
738 2369 852 2411 uersus
880 2345 1063 2432 predictum
1094 2345 1260 2412 Simonem
1293 2357 1329 2412 et
1363 2349 1485 2413 Rosam

310 2509 313 2518 ,
379 2451 541 2538 quondum
556 2472 688 2514 uxorem
704 2471 804 2526 suem,
819 2447 883 2534 ipsi
898 2447 1011 2513 Simon
1026 2458 1062 2513 et
1072 2447 1159 2513 Rosa
1168 2458 1368 2514 uocauerunt
1379 2449 1484 2536 ipsam

379 2555 515 2620 Elicium
544 2555 585 2620 ad
613 2562 793 2620 warantum
822 2553 864 2618 de
901 2552 1013 2617 eodem
1050 2561 1247 2630 tenemento,
1275 2561 1314 2617 ut
1343 2554 1383 2618 de
1411 2553 1484 2618 iure

378 2658 480 2745 ipsius
494 2658 586 2736 Boeo,
601 2666 636 2723 et
651 2657 737 2744 quod
751 2657 839 2721 idem
855 2655 969 2721 Simon
988 2676 1076 2719 nunc
1093 2654 1174 2719 dicit
1194 2655 1281 2740 quod
1303 2656 1485 2721 nonhabet

378 2763 558 2851 ingressum
580 2762 615 2828 in
635 2767 862 2827 tenementum
883 2759 966 2824 illud
987 2758 1051 2824 nisi
1072 2766 1204 2822 tentum
1225 2781 1284 2845 per
1304 2760 1485 2846 predictum

378 2867 522 2944 Elicium,
552 2889 615 2952 que
645 2889 720 2931 eum
753 2865 829 2930 inde
867 2863 1016 2929 leoffauit
1050 2872 1222 2948 postquam
1258 2862 1485 2948 desponsasset

378 2971 498 3035 Rosam
521 2970 683 3056 quondam
701 2991 835 3033 uxorem
857 2989 959 3044 suum,
974 2975 1009 3030 et
1030 2966 1117 3031 unde
1139 2965 1226 3030 idem
1249 2965 1362 3030 Simon
1382 2967 1486 3031 nichil

216 3115 336 3164 nomm
379 3073 520 3138 ostendit
535 3074 575 3138 de
591 3074 795 3138 feoffemento
816 3095 877 3137 nee
898 3079 1021 3136 cartem
1041 3093 1102 3134 nec
1120 3069 1211 3134 eliud
1231 3070 1483 3136 munimentum

216 3163 367 3294 {elffiff
380 3178 423 3241 Et
438 3178 527 3242 curie
541 3177 726 3242 recordatur
740 3176 826 3262 quod
841 3174 904 3260 ipsi
920 3175 1033 3240 Simon
1052 3182 1087 3238 et
1107 3174 1194 3238 Rosa
1213 3173 1262 3238 ite
1282 3183 1485 3240 uocauerunt

217 3303 350 3388 affige
380 3279 557 3366 predictam
576 3279 712 3343 Eliciam
733 3278 775 3343 ud
789 3285 970 3342 warantum
990 3297 1105 3341 uentus
1128 3275 1266 3340 eundem
1286 3276 1484 3344 Metillidem

216 3395 363 3480 pppffilffi
380 3391 419 3448 ut
434 3383 474 3448 de
489 3383 558 3447 iure
573 3382 675 3468 ipsius
690 3382 783 3460 Rose,
798 3389 833 3445 et
847 3381 921 3445 ideo
932 3379 1084 3465 procedat
1095 3379 1195 3443 assisa
1205 3378 1247 3443 sd
1257 3401 1485 3467 recognoscen-

218 3454 368 3583 gggfflfflffi
381 3487 459 3550 dum
488 3495 599 3552 utrum
622 3485 786 3572 predictus
809 3485 922 3550 Simon
947 3484 1065 3548 hahuit
1094 3483 1275 3569 ingncssum
1298 3483 1334 3548 in
1363 3491 1485 3550 tenum

218 3581 364 3675 {lllllhffll
381 3591 470 3656 illam
486 3599 520 3656 et
535 3590 685 3656 seisinam
700 3588 741 3653 de
756 3587 869 3653 eedem
885 3596 972 3652 tenu
985 3608 1044 3673 per
1061 3587 1240 3673 predictum
1256 3586 1374 3651 Rosam
1389 3597 1429 3651 ut
1443 3588 1486 3654 de

218 3675 369 3765 ffliffl'
382 3696 451 3760 iure
471 3695 572 3780 ipsius
594 3694 678 3758 Rose
702 3693 754 3758 uel
776 3713 834 3778 per
856 3691 1034 3778 predictam
1056 3691 1193 3756 Elicism
1216 3692 1257 3757 de
1279 3692 1361 3757 dono
1382 3692 1487 3778 ipsius

218 3768 332 3807 tutuderit·

219 3815 364 3900 wilde
382 3800 483 3865 Elicie
499 3799 675 3864 secundum
690 3797 775 3884 quod
791 3797 973 3882 predictum
988 3806 1039 3861 est
1053 3804 1088 3860 et
1102 3797 1280 3861 secundum
1295 3796 1381 3882 quod
1394 3796 1485 3862 idem

219 3889 348 4002 ffiffli‘
384 3904 496 3970 Simon
510 3902 589 3966 dicit
604 3923 661 3988 pro
675 3901 825 3986 homagio
840 3909 875 3964 et
889 3898 1024 3964 seruicio
1039 3920 1105 3965 suo.

219 4001 348 4087 gffil?
446 4007 613 4072 Jurutoree
635 4004 748 4068 dicunt
770 4003 856 4089 quod
878 4002 999 4068 donum
1028 4001 1115 4088 quod
1140 4003 1264 4068 factum
1284 4002 1348 4068 fnit
1377 4003 1486 4070 eidem

219 4234 361 4274 spondebat.
415 4242 607 4301 1A.‘m.21d.-
632 4250 679 4300 See
690 4250 770 4300 above
782 4249 847 4300 (lese
857 4251 906 4303 429
955 4251 1036 4302 bruno
1046 4251 1198 4315 containing
1206 4251 1303 4303 emises
1314 4253 1429 4303 tulienin
1439 4254 1486 4306 the

382 4315 422 4365 lor
433 4331 466 4365 sn
479 4315 569 4364 earlier
581 4321 651 4377 stege
662 4317 690 4365 ol
701 4315 754 4364 this
766 4315 905 4378 htigution.
955 4322 1058 4366 aetem
1074 4319 1193 4367 countiee
1208 4318 1231 4366 is
1249 4333 1306 4367 now
1320 4319 1440 4368 mnexed
1457 4326 1486 4369 tc

413 4381 424 4412 ²
442 4381 635 4443 SupplyScucte
647 4383 905 4444 Trinitatisprcaeimn
957 4382 1001 4431 the
1013 4383 1060 4431 roll
1072 4384 1101 4432 of
1110 4383 1213 4446 Trinity
1222 4387 1287 4433 term
1299 4383 1350 4432 sud
1360 4385 1428 4434 (lm
1436 4387 1486 4438 429

381 4445 410 4496 A.
426 4445 576 4494 Thlsrelers
587 4450 614 4494 to
626 4445 691 4495 Osse
703 4447 757 4497 429.
794 4447 905 4496 Amem-
957 4447 981 4496 is
991 4461 1026 4496 on
1037 4447 1066 4498 it.
