3342 5217
384 339 447 412 320
687 356 827 416 untur,
849 356 914 404 nn.
940 344 1032 418 1230,
1056 359 1118 408 nn
1144 347 1191 408 14.

382 537 503 594 sectam
525 551 626 596 suam.
671 530 715 594 Et
732 531 806 596 ideo
826 530 1074 598 consideratum
1097 533 1166 598 cst¹
1189 534 1353 599 Galt'ridus
1375 534 1484 599 uudiet

381 630 486 717 legem
501 653 536 696 se
556 631 610 718 xij.
625 655 724 697 manu
746 641 780 697 et
800 634 914 698 ueniet
933 643 993 699 etc.
1039 636 1082 700 Et
1102 637 1269 702 sciendum
1284 637 1371 723 quod
1389 637 1484 702 umbo

381 742 576 819 cognoscunt
602 735 688 821 quod
713 736 897 822 antiquitus
926 737 1008 801 solet
1037 738 1109 802 fieri
1129 738 1291 804 districcio
1314 739 1349 803 in
1371 738 1483 804 eodem

380 843 566 902 tenemento
592 861 650 923 pro
664 839 767 926 *omui
796 840 932 905 seruioio
962 842 1048 926 quod
1078 843 1166 908 idem
1195 843 1359 909 Galfridus
1387 843 1484 907 debet

379 940 523 1026 predicto
545 940 695 1006 Johanni
741 942 785 1006 Et
814 943 887 1008 ideo
916 953 1106 1031 preceptum
1132 956 1183 1011 est
1212 947 1317 1011 eidem
1341 945 1483 1011 Galfiido

379 1045 466 1130 quod
480 1044 520 1110 de
536 1053 642 1110 cetero
662 1045 809 1132 aquietet
830 1047 939 1134 ipsum
954 1049 1156 1116 Willelmum
1176 1073 1288 1116 uersus
1303 1049 1483 1136 predict-um

378 1147 402 1212 J
402 1148 562 1213 oharmcm
577 1171 618 1214 ne
633 1149 720 1214 idem
735 1150 921 1230 Willelmus
934 1151 1113 1237 dampnum
1128 1152 1258 1218 habeat.

443 1249 602 1316 'Thomas
623 1250 822 1339 'Episcopus
844 1253 1060 1318 Norwicensis
1075 1254 1179 1340 petiit
1200 1277 1259 1341 per
1278 1255 1484 1320 libertatem⁴

284 1351 321 1443 ⁰]
378 1355 486 1419 omnia
506 1356 756 1421 amerciumentu
777 1357 946 1422 hominum
968 1381 1100 1422 suorum
1121 1357 1307 1422 tenencium
1328 1358 1369 1422 de
1392 1357 1485 1422 feodo

376 1479 434 1522 suo
466 1467 534 1523 tem
564 1459 604 1523 de
634 1458 894 1526 amerciementis
922 1460 958 1524 in
987 1459 1145 1524 comitutu
1162 1449 1273 1545 ⁴quum
1303 1459 1338 1523 in
1366 1459 1483 1524 itinere

376 1559 633 1626 iusticiariorum.
678 1561 722 1631 Et
737 1561 887 1626 dominus
905 1563 976 1626 Rex
994 1561 1136 1648 quesiuit
1150 1583 1215 1646 quo
1230 1569 1371 1627 woranto
1385 1561 1484 1646 petiit

376 1665 628 1730 amerciamentu
644 1665 709 1732 illa„
753 1665 844 1730 Dicit
859 1666 946 1751 quod
965 1689 1024 1752 per
1043 1665 1170 1732 cartss⁵
1189 1665 1284 1730 Dom.
1300 1666 1402 1752 Regis
1416 1665 1482 1730 scil.

377 1794 435 1857 per
456 1781 578 1836 curtam
599 1773 693 1840 Dom.
712 1774 812 1859 Regis
830 1775 861 1838 J.
880 1773 982 1859 petris
1004 1773 1055 1838 sui
1075 1794 1156 1859 quas
1177 1771 1322 1857 protulit.
1367 1771 1411 1836 Et
1432 1793 1481 1835 rc-

377 1875 517 1961 quisitus
546 1875 574 1940 si
603 1877 704 1940 uellet
727 1876 846 1941 habere
868 1876 1026 1941 iudicium
1047 1876 1089 1940 de
1111 1875 1208 1942 certis
1231 1875 1303 1952 illis,
1325 1875 1374 1939 itu
1395 1875 1484 1961 quod

377 1975 404 2039 si
426 1976 593 2040 amitteret
614 1999 672 2061 per
693 1976 859 2054 iudicium,
881 1976 1133 2042 amerciamenta
1161 1976 1219 2040 illu
1247 1975 1481 2061 inperpetuum

214 2075 356 2172 mm
376 2079 551 2157 amitteret,
566 2088 600 2144 et
615 2080 642 2145 si
657 2102 714 2166 pro
729 2103 763 2144 se
778 2081 977 2146 iudicaretur
987 2081 1074 2167 quod
1085 2079 1220 2144 haberet
1231 2079 1484 2145 amerciamenta

251 2169 362 2256 iffi?
375 2182 528 2269 predicto,
551 2191 585 2249 et
608 2184 783 2270 Episcopus
806 2185 866 2249 tali
888 2185 983 2250 modo
1005 2185 1130 2250 subiuit
1152 2184 1318 2251 iudicium.
1364 2183 1485 2248 Postea

212 2263 349 2372 ⁶6¹³?ssss
375 2287 459 2352 dixit
480 2289 567 2374 quod
590 2289 767 2375 Episcopus
788 2289 818 2354 J.
842 2288 883 2354 de
906 2289 994 2375 Gray
1008 2289 1211 2376 predecessor
1233 2310 1311 2352 suus
1333 2287 1396 2351 fuit
1418 2286 1482 2350 sei-

212 2355 304 2396 m'
375 2392 458 2456 situs
473 2393 512 2457 de
532 2393 790 2459 amerciamentis
811 2402 846 2458 et
867 2393 1044 2479 Episcopus
1058 2391 1262 2458 Rundulfus⁸
1276 2391 1427 2456 similiter
1446 2402 1484 2456 et

375 2496 451 2562 inde
480 2496 608 2561 inuenit
630 2497 797 2562 ecclesiam
819 2519 912 2561 suam
934 2497 1078 2560 scisitum
1101 2495 1188 2560 unde
1209 2517 1275 2559 uon
1296 2517 1395 2558 ausus
1416 2494 1484 2558 fuit

374 2601 483 2666 subire
498 2601 654 2666 iudicium
675 2600 744 2665 sine
767 2601 860 2665 Dom.
877 2600 1127 2685 Archiepiscopo
1148 2607 1182 2663 et
1197 2599 1393 2685 coepiscopis
1412 2599 1484 2664 suis

376 2713 410 2769 et
424 2704 493 2769 sine
509 2727 619 2769 eorum
635 2703 782 2768 consiliis

250 2810 322 2874 392,
440 2808 616 2874 'Ricuuus
637 2808 678 2873 de
697 2807 837 2893 Willeye
859 2815 894 2872 et
915 2807 1067 2872 Johnuua
1088 2806 1129 2871 de
1147 2806 1268 2893 Willey
1289 2806 1482 2871 summouit-i

251 2909 320 2950 wm.
374 2912 507 2976 fluerunt
535 2910 577 2975 ad
603 2909 861 2995 respondendum
884 2909 1047 2973 Willelmo
1069 2908 1110 2974 dc
1133 2909 1301 2973 Kamuillc
1322 2931 1386 2995 quo
1408 2909 1483 2973 iure

374 3035 578 3080 communem
615 3021 746 3099 pasture
781 3011 919 3100 exigunt
948 3012 983 3076 in
1011 3020 1098 3076 terra
1126 3011 1229 3097 ipsius
1257 3011 1415 3076 Willelmi
1443 3013 1482 3076 in

212 3155 345 3202 „mmm
374 3119 497 3195 Arewe,
519 3115 645 3182 desicut
673 3115 760 3180 idem
782 3115 967 3193 Willelmus
992 3114 1115 3178 nullam
1145 3135 1349 3180 communem
1379 3113 1485 3180 habet

211 3202 355 3335 {32⁸¹AEng-
374 3221 409 3286 in
435 3219 529 3286 terris
550 3219 693 3305 ipsorum
716 3217 847 3282 Ricordi
869 3225 904 3282 et
925 3217 1085 3295 Johanne,
1099 3238 1159 3281 nec
1180 3216 1242 3302 ipsi
1265 3215 1423 3281 Ricardus
1446 3227 1484 3282 et

212 3295 272 3336 nouit
279 3307 308 3344 qu

211 3342 284 3381 hbuit
292 3347 362 3392 rutu-
374 3327 396 3392 J
398 3325 526 3390 ohanna
539 3323 712 3388 seruicium
728 3322 852 3387 fuciunt
867 3343 966 3408 quare
981 3344 1186 3386 communem
1204 3321 1322 3387 habere
1337 3320 1499 3386 debeant

210 3399 344 3484 &iiiii
374 3436 425 3493 etc

224 3493 361 3614 ,00ᾚῖ
440 3531 483 3594 Et
498 3529 655 3596 Ricardus
670 3538 704 3594 et
718 3529 742 3594 J
743 3529 871 3593 ohanna
885 3529 1031 3594 ueniunt.
1077 3529 1120 3592 Et
1135 3529 1158 3592 J
1159 3528 1287 3594 ohanna
1300 3527 1380 3592 dicit
1392 3527 1484 3614 quod

211 3627 350 3708 mmm
374 3643 465 3700 tenet
480 3644 600 3700 terram
615 3635 704 3698 illum
719 3633 754 3698 in
768 3634 879 3698 dotem
893 3633 936 3698 ud
951 3655 1049 3719 quom
1064 3655 1236 3697 commune
1255 3632 1312 3696 illa
1326 3633 1484 3718 pertinet,

211 3725 344 3849 ffiiff
374 3749 408 3804 et
430 3739 617 3825 dicitquod
639 3739 809 3824 Philippus
831 3738 993 3823 quondam
1020 3737 1072 3802 uir
1100 3760 1178 3802 suus
1206 3736 1323 3802 habuit
1351 3759 1485 3822 semper

209 3855 338 3989 imiimi
611 3967 618 3991 ,
655 3964 662 3978 .
950 3932 1034 3978 essert
1045 3927 1103 3979 thot
1113 3928 1147 3978 be
1157 3927 1207 3978 hes
1217 3942 1252 3978 no
1261 3941 1382 3977 common
1393 3925 1422 3976 in
1434 3927 1482 3977 tho

950 3993 1115 4043 defendunt's
1137 3993 1210 4043 land.
1240 3992 1358 4042 william
1380 3999 1485 4042 cannot

211 4044 345 4137 ffiffiffluggf
407 4029 572 4120 minimi,
586 4059 772 4135 oonseo31226.
950 4059 1069 4134 gaytus.
1106 4057 1483 4134 uluemanygrnvanoeu

211 4134 346 4228 uum
406 4122 773 4252 :pristetirunt
949 4121 1483 4244 uunuuununrm

211 4227 338 4349 ffldffifl'
406 4254 711 4352 :Gorr.Pandulsus‚A.
950 4252 1273 4342 nottiiuttheieicpdant
1289 4251 1341 4302 hun
1356 4265 1483 4302 common

211 4330 275 4360 “mi
406 4319 569 4445 ‘iuff’Qiio
584 4383 646 4432 Jure
663 4398 679 4433 u
695 4382 810 4446 plsintifl
827 4386 898 4432 must
949 4317 1321 4446 ffiifflfflpvpffisyund.
1364 4317 1406 4366 He
1430 4317 1484 4367 hu

1627 3134 1633 3195 t
