3342 5217
256 169 328 237 715.

259 272 324 311 unu

445 163 592 227 ¹Hamon
605 160 647 226 de
662 157 878 225 Roxheuede²
892 158 977 245 petit
992 181 1105 224 uersus
1125 159 1262 224 Petrum
1282 158 1388 223 filium
1403 156 1491 221 Aiofi

380 291 408 333 v.
423 266 517 332 hides
536 274 621 331 terre
641 287 715 329 cum
735 272 816 350 pert.
837 264 871 328 in
894 264 1044 328 Hattone
1066 272 1105 327 ut
1126 263 1179 328 ius
1201 286 1297 328 suum
1319 272 1380 327 eto.
1404 259 1492 326 unde

381 372 511 436 Hamon
533 391 616 434 auus
641 390 719 433 suus
741 367 806 432 fuit
828 367 960 433 seisitus
983 376 1022 432 ut
1048 367 1089 432 de
1113 367 1207 433 feodo
1233 376 1267 433 et
1292 367 1363 432 iure
1393 374 1427 431 et
1458 366 1492 430 in

381 476 540 542 dominico
563 484 708 560 tempore
730 473 772 538 H
796 473 897 560 Regis
920 472 975 537 aui
996 473 1089 538 Dom.
1115 473 1216 560 Regis
1238 470 1395 559 capiendo
1415 470 1493 535 inde

381 582 511 667 explete
533 579 576 645 ad
598 578 779 644 ualenoiem
802 601 830 642 v.
859 580 923 654 soh,
946 589 981 643 et
1004 578 1044 643 de
1067 578 1219 643 Hemone
1248 576 1416 643 deseendit
1441 578 1493 641 ius

381 692 467 749 terre
484 682 573 748 illius
592 681 732 747 Rodulfo
752 680 900 746 filiosuo
923 689 957 747 et
977 681 1018 747 de
1036 681 1178 747 Redulfo
1198 683 1274 749 huic
1293 680 1438 747 Hamoni
1453 690 1492 745 ut

380 787 447 853 filio
462 795 497 852 et
511 785 623 851 heredi
636 808 705 850 suo.

446 893 491 956 Et
506 892 622 957 Petrus
641 891 735 956 uenit
755 899 789 956 et
808 890 956 955 defendit
976 892 1026 957 ius
1048 914 1144 956 suum
1167 891 1296 977 quando
1318 889 1491 956 defendere

380 996 522 1074 debebit,
544 1003 594 1061 set
616 995 696 1061 dicit
718 995 805 1081 quod
827 1004 914 1061 terra
935 996 993 1061 illa
1018 995 1097 1062 dats
1121 996 1201 1061 fuid
1227 996 1393 1061 Willelmo
1423 994 1491 1059 filio

380 1100 465 1166 Alofi
482 1100 569 1186 petri
582 1122 641 1165 suo
660 1122 719 1186 per
740 1098 839 1165 finem
857 1100 980 1165 foetum
998 1101 1033 1165 in
1051 1100 1142 1167 curia
1162 1100 1302 1188 predicti
1324 1101 1366 1166 H.
1390 1099 1492 1187 Regis

380 1205 436 1271 sni
465 1205 558 1270 Dom.
589 1204 690 1292 Regis
719 1226 778 1290 per
806 1205 1042 1293 cyrographum
1072 1205 1160 1292 quod
1189 1206 1312 1291 profert
1341 1212 1375 1270 et
1404 1203 1491 1290 quod

381 1318 522 1376 testetur
536 1309 622 1396 quod
636 1308 804 1374 concordie
818 1309 906 1375 faeta
919 1310 984 1374 fuit
998 1308 1087 1396 apud
1102 1308 1429 1375 westmonasterium
1450 1308 1492 1373 sd

380 1414 573 1480 seeeeerium
593 1412 647 1478 die
662 1412 798 1478 Veneris
819 1412 966 1498 proximo
986 1422 1059 1500 post
1077 1414 1198 1479 festum
1221 1414 1252 1479 S.
1278 1414 1386 1479 Meroe
1406 1436 1491 1478 anno

380 1525 459 1583 xxv⁰
472 1518 565 1605 regni
579 1516 724 1583 eiusdem
739 1517 875 1583 Henrioi
890 1540 994 1583 eoram
1012 1518 1049 1584 R.
1065 1527 1101 1584 et
1116 1519 1154 1585 G.
1171 1518 1307 1584 Eliens’⁴
1322 1518 1490 1605 Episcopis

380 1630 415 1688 et
429 1622 543 1688 multis
557 1622 731 1688 baronibus
745 1623 831 1688 inter
847 1623 1031 1689 Hemonem
1046 1624 1086 1689 de
1108 1624 1291 1690 Rokeshele
1314 1634 1348 1691 et
1363 1623 1490 1689 Willel-

380 1749 469 1791 mum
496 1726 600 1791 filium
624 1728 711 1792 Alofi
737 1727 777 1792 de
803 1736 891 1793 terre
915 1728 956 1794 de
981 1729 1109 1795 Actone
1134 1730 1197 1795 soil.
1224 1728 1265 1794 de
1290 1728 1383 1795 feodo
1412 1728 1488 1794 dim.

379 1831 494 1897 militis
508 1831 595 1897 unde
610 1831 847 1918 pleoitauerant
862 1832 896 1897 in
911 1833 1001 1898 euris
1015 1833 1108 1899 Dom.
1125 1833 1224 1922 Regis
1240 1841 1299 1898 ete
1321 1833 1387 1898 soil.
1404 1832 1490 1919 quod

379 1935 544 2022 predictus
574 1936 705 2000 Hsmon
730 1938 920 2023 reoognouit
949 1936 1036 2024 qnod
1065 1937 1212 2024 predicte
1242 1946 1330 2004 terra
1359 1945 1409 2003 est
1439 1938 1490 2003 ius

379 2039 491 2105 suum⁸
505 2048 539 2105 et
554 2039 717 2105 hereditas
732 2040 835 2127 ipsius
850 2041 1007 2107 Willelmi
1022 2051 1057 2107 et
1072 2065 1145 2108 enm
1166 2044 1323 2109 clamauit
1343 2042 1487 2130 quietam

379 2142 486 2208 eidem
509 2143 673 2210 Willelmo
697 2154 731 2209 et
757 2144 930 2211 heredibus
955 2147 1022 2211 suis
1048 2156 1108 2213 eto.
1134 2148 1183 2213 ita
1208 2148 1296 2234 quod
1325 2146 1489 2234 predictus

380 2247 563 2313 Willelmus
577 2258 613 2313 et
628 2249 762 2313 heredes
781 2250 832 2313 sui
852 2249 991 2315 reddent
1012 2250 1154 2316 Hemoni
1175 2260 1210 2316 et
1230 2251 1404 2317 heredibus
1424 2251 1489 2317 suis

379 2352 549 2417 annuatim
568 2353 593 2438 j.
614 2352 834 2438 espemerium
856 2375 964 2418 sorum
979 2356 1032 2419 uel
1049 2355 1129 2421 duos
1143 2357 1198 2421 sol.
1214 2366 1283 2433 eto„
1298 2355 1386 2421 unde
1401 2356 1487 2422 idem

379 2455 496 2521 Petrus
510 2456 590 2521 dicit
605 2455 691 2543 quod
706 2478 763 2543 per
777 2455 876 2521 finem
888 2457 980 2522 illum
992 2458 1147 2524 remansit
1160 2468 1245 2525 tenu
1256 2459 1314 2524 illa
1324 2459 1488 2525 Willelmo

379 2561 466 2647 petri
481 2584 539 2626 suo
554 2561 696 2626 tenenda
711 2561 752 2626 de
772 2561 886 2626 eodem
907 2561 1087 2627 Willelmo⁶
1104 2570 1139 2629 et
1160 2562 1334 2629 heredibus
1353 2564 1422 2629 suis
1441 2565 1488 2629 its

380 2666 465 2752 quod
494 2663 679 2731 Willelmus
708 2674 802 2751 pater
831 2688 909 2731 suus
938 2666 1015 2731 fecit
1037 2667 1212 2733 seminium
1234 2668 1317 2733 illud
1343 2668 1488 2755 predicto

269 2793 272 2799 ·
380 2769 523 2835 Hemoni
538 2777 573 2834 et
593 2776 707 2856 postes
726 2768 867 2834 Rodulfo
887 2769 953 2834 filio
973 2792 1031 2835 suo
1053 2778 1126 2836 tota
1147 2772 1218 2837 nito
1238 2794 1299 2837 sua
1320 2780 1355 2837 et
1378 2781 1490 2859 postea

379 2874 466 2940 idem
482 2874 612 2939 Hemon
627 2872 710 2938 illud
723 2873 898 2939 seruioinm
913 2874 1037 2961 recepit
1056 2882 1090 2939 et
1111 2875 1198 2962 quod
1215 2876 1264 2941 ita
1281 2876 1325 2941 sit
1340 2877 1434 2963 ponit
1454 2898 1487 2941 se

381 2979 415 3044 in
430 3000 582 3065 magnam
597 2978 729 3043 assisam
745 2977 838 3043 Dom.
855 2978 955 3066 Regis
975 2989 1009 3043 et
1033 2979 1118 3065 petit
1141 2980 1397 3067 recognioionem
1419 2980 1487 3047 fieri

379 3090 491 3147 utrum
506 3083 575 3168 ipse
595 3081 701 3147 maius
720 3082 772 3147 ius
789 3082 911 3148 habeat
931 3081 1065 3147 tenendi
1087 3091 1206 3149 terrem
1226 3084 1331 3171 ipsum
1355 3086 1396 3151 de
1420 3088 1488 3174 ipso

380 3188 530 3253 Hemone
553 3208 612 3273 per
629 3186 810 3273 predictum
834 3186 934 3251 finem
957 3187 1010 3251 uel
1033 3186 1120 3253 idem
1144 3188 1275 3254 Hsmon
1298 3190 1434 3257 tenendi
1455 3190 1487 3255 in

379 3292 545 3357 dominico.

446 3396 490 3460 Et
506 3395 637 3459 Hemon
648 3394 794 3459 defendit
805 3393 995 3459 seruioinm⁷
1007 3402 1042 3459 et
1053 3395 1139 3480 quod
1151 3417 1319 3483 nunquam
1330 3398 1486 3484 placitum

380 3502 443 3566 fuit
458 3500 544 3564 inter
557 3506 774 3564 antecessores
792 3520 867 3563 suos
888 3498 927 3564 de
951 3507 1037 3565 terre
1058 3499 1116 3565 illa
1137 3509 1171 3565 et
1193 3500 1267 3567 ideo
1288 3502 1347 3567 fiet
1370 3526 1488 3592 mngnn

379 3628 486 3673 essm

415 3770 424 3800 ¹
442 3770 472 3818 A.
485 3784 520 3818 m.
534 3767 592 3826 8d;
609 3768 640 3816 B.
652 3766 749 3816 m.td.
992 3766 1167 3825 ³Om.ouum‚
1180 3769 1250 3819 Δ.Β.

414 3835 425 3866 ¹
441 3834 573 3883 Ronemed'
584 3832 615 3881 B.
992 3832 1002 3864 ⁶
1019 3832 1090 3881 Gerr.
1107 3834 1236 3893 Humum
1255 3834 1301 3884 tut
1316 3834 1381 3885 both
1396 3837 1419 3886 A
1435 3836 1484 3888 end

414 3899 504 3948 ’doto
509 3900 567 3961 soit
577 3896 663 3949 interl.
677 3896 711 3960 by
721 3899 871 3947 annotator.
958 3897 1059 3947 Bhnre
1073 3898 1202 3949 Willetmo.

416 3966 427 3998 ⁴
443 3964 514 4016 corr.
527 3964 586 4014 Βία.
600 3964 709 4014 Winton.
720 3969 746 4011 et
761 3964 793 4012 0.
809 3963 907 4013 Etiam.
990 3962 1001 3997 ¹
1019 3964 1091 4017 tinem
1102 3967 1150 4013 not
1159 3966 1302 4023 omniurn,
1314 3966 1345 4015 L
1358 3966 1390 4016 Β.

382 4032 412 4080 Δ.
425 4030 455 4079 Β.
467 4042 547 4091 many
557 4026 633 4079 other
643 4040 740 4079 nomes
