3342 5217
425 493 658 554 moneamus,
682 495 746 544 sn.
770 481 865 556 1220,
886 495 949 544 aa
973 481 1068 546 4-5.
1236 481 1298 544 251

192 677 298 737 mater
320 670 390 735 eius
412 678 557 756 tempore
577 669 714 735 Henrici
733 668 833 757 Regis
851 668 907 734 arri
921 668 1014 734 Dom.
1031 668 1139 756 Regis,
1153 669 1203 734 its
1215 670 1303 756 quod

193 783 272 842 tunc
295 777 451 863 temporis
477 775 555 862 quic
576 775 647 862 ipse
668 773 764 841 sciuit
789 773 877 862 quod
901 783 988 841 terra
1012 775 1069 841 illa
1095 776 1160 842 fuit
1187 777 1240 844 ius
1268 786 1303 844 et

193 881 357 948 hereditas
372 904 432 947 sna
445 880 630 947 Willelmus
645 879 686 946 de
701 880 911 966 Jarpunuilla
925 889 1006 946 tunc
1019 881 1072 946 uir
1086 905 1164 948 suus
1179 892 1214 948 et
1233 883 1305 970 ipsa

193 985 471 1072 inplaciteuerunt
494 985 656 1072 predictos
676 984 880 1049 Willelmum
902 982 944 1050 de
966 984 1086 1050 Lisiors
1107 993 1142 1052 et
1163 987 1303 1052 Aliciam

194 1097 334 1154 matrem
364 1089 434 1154 eius
464 1096 499 1153 et
527 1087 660 1153 durauit
689 1088 847 1174 placitum
876 1110 936 1174 per
960 1110 1016 1152 sex
1038 1111 1147 1166 annos,
1169 1090 1303 1155 tandem

194 1191 378 1258 concordati
408 1193 540 1256 filerunt
569 1190 603 1256 in
630 1190 720 1256 curia
745 1191 846 1279 Regis
870 1213 929 1277 per
956 1192 1191 1278 cyrographum
1217 1192 1304 1280 quod

194 1301 316 1387 profert
336 1307 371 1364 et
387 1297 473 1384 quod
496 1304 638 1362 testetur
651 1295 737 1382 quod
752 1296 867 1382 xxviij⁰
881 1319 966 1362 anno
981 1297 1073 1384 regni
1087 1297 1190 1384 ipsius
1204 1299 1304 1386 Regis

194 1403 332 1470 Hemici
353 1402 491 1489 predicti
513 1402 697 1467 Willelmus
717 1401 758 1467 de
780 1401 904 1467 Lieiurs
923 1410 958 1467 et
980 1403 1087 1468 Alicia
1106 1412 1213 1469 mater
1233 1404 1304 1469 eius

194 1509 341 1596 quietam
361 1508 585 1572 clameuerunt
606 1504 647 1571 de
670 1528 704 1571 se
725 1513 759 1570 et
779 1505 954 1571 heredibus
975 1506 1120 1592 predicto
1139 1507 1304 1572 Willelmo

194 1611 236 1677 de
251 1611 274 1676 J
275 1609 460 1696 arpunuilla
474 1617 508 1674 et
520 1608 661 1674 Albrede
677 1608 770 1674 uxori
785 1609 856 1675 eius
870 1617 905 1674 et
919 1609 1094 1676 heredibus
1108 1611 1175 1676 suis
1188 1606 1303 1676 uillam

195 1715 237 1781 de
267 1715 390 1779 Estona
418 1735 476 1799 pro
505 1736 530 1778 e
556 1720 591 1778 et
613 1713 665 1798 vij.
691 1711 761 1777 libr.
789 1719 824 1776 et
854 1711 932 1798 xiiij.
960 1712 1016 1778 sol.
1039 1721 1099 1778 etc
1121 1722 1156 1778 et
1177 1713 1304 1780 desicut

195 1827 412 1886 antecessores
431 1817 574 1904 ipsorum
595 1816 779 1904 petentium
800 1825 835 1882 et
852 1817 956 1882 eciam
970 1818 1033 1904 ipsi
1048 1818 1209 1905 Rogerus¹
1224 1827 1304 1884 tnnc

195 1926 329 1990 fuerunt
350 1923 385 1988 in
407 1931 494 1988 terra
517 1930 551 1988 et
574 1922 728 1987 olamium
751 1945 848 1988 suum
874 1944 939 1987 non
967 1932 1195 2010 apposuerunt,
1218 1925 1304 2012 petit

195 2025 353 2092 iudicium
368 2025 397 2089 si
411 2023 529 2090 debent
544 2024 575 2089 ei
589 2023 781 2111 respondere
795 2047 894 2112 super
907 2025 1007 2090 finem
1020 2026 1121 2092 illum
1141 2026 1147 2114 Ι

262 2130 307 2194 Et
321 2127 384 2214 ipsi
399 2127 539 2193 ueniunt
557 2135 592 2193 et
612 2127 793 2194 concedunt
813 2136 848 2194 et
871 2138 1068 2216 cognoscunt
1087 2129 1186 2194 finem
1210 2130 1304 2195 illum

196 2243 232 2300 et
252 2232 338 2320 quod
359 2255 424 2298 non
444 2242 665 2319 apposuerunt
684 2234 838 2299 clamium
853 2255 950 2299 suum
965 2243 1025 2301 etc.
1041 2242 1076 2300 et
1089 2235 1204 2300 dicum
1218 2233 1305 2326 quod

197 2341 348 2408 nesciunt
371 2340 430 2406 ubi
454 2339 587 2404 fuerunt
610 2343 826 2402 antecessores
847 2337 900 2402 sui
923 2360 961 2403 eo
981 2345 1126 2424 tempore
1146 2361 1210 2425 quo
1230 2339 1305 2403 finis

198 2448 303 2512 factus
318 2445 390 2520 fuit,
405 2450 455 2508 set
470 2441 603 2506 uidetur
617 2439 664 2504 eis
678 2438 764 2526 quod
779 2439 854 2504 finis
867 2440 923 2504 ille
937 2463 1002 2505 non
1017 2441 1116 2506 debet
1130 2441 1177 2507 eis
1191 2464 1305 2507 nocere

196 2548 275 2637 quia
296 2547 359 2634 ipsi
380 2553 500 2634 petunt
522 2553 642 2610 terram
664 2543 754 2608 illem
776 2551 816 2608 ut
841 2544 877 2608 in
902 2553 1054 2630 proparte
1077 2567 1229 2624 semrom,
1251 2545 1305 2610 ut¹

194 2651 361 2740 predictus
383 2649 568 2714 Willelmus
594 2646 635 2711 de
661 2645 784 2711 Lisiurs
808 2654 843 2711 et
866 2647 1031 2732 predictus
1053 2648 1238 2713 Willelmus
1263 2649 1304 2714 de

193 2756 404 2844 Jarpunuilla
437 2762 471 2819 et
499 2751 643 2818 Albreda
675 2751 762 2816 inter
791 2773 871 2837 quos
901 2751 977 2816 finis
1005 2753 1111 2818 factus
1140 2753 1204 2818 fuit
1239 2777 1304 2818 non

196 2864 330 2927 suerunt
351 2865 502 2947 parentes
522 2879 582 2922 nec
604 2855 646 2922 ad
668 2855 737 2921 eos'
757 2856 868 2943 aliquo
1155 2856 1217 2922 ‘et
1231 2857 1304 2922 ideo

194 2973 316 3053 petunt
330 2963 487 3028 iudicium
501 2960 681 3026 sidebeant
690 2981 748 3046 per
763 2957 862 3024 finem
876 2959 970 3025 illum
984 2960 1136 3025 amittere
1151 2961 1303 3027 clamium

195 3093 294 3136 suum
309 3075 372 3133 etc.

263 3172 340 3236 Post
354 3167 438 3234 dixit
452 3167 605 3232 Almonis
620 3166 706 3253 quod
725 3175 820 3253 peter
834 3191 913 3234 suus
927 3177 1008 3234 tnnc
1021 3169 1085 3234 firit
1106 3170 1141 3234 in
1156 3169 1303 3256 partibus

197 3273 419 3342 transmarinis
444 3295 517 3337 cum
544 3271 672 3338 Comite
694 3272 735 3337 de
758 3273 918 3338 Bethana
963 3275 1008 3339 Et
1031 3275 1202 3339 Almarus⁸
1223 3275 1303 3340 dicit

194 3379 283 3467 quod
303 3379 459 3466 placitum
479 3377 612 3442 durauit
629 3399 688 3462 per
709 3399 765 3441 sex
787 3399 888 3442 annos
909 3377 945 3442 in
966 3378 1056 3442 curia
1077 3378 1177 3464 Regis
1198 3379 1302 3464 prius·

195 3509 295 3574 quam
317 3483 390 3549 finis
405 3484 509 3548 factus
530 3481 602 3559 fuit,
617 3481 665 3546 ita
682 3481 769 3566 quod
790 3490 885 3569 pater
906 3481 1043 3569 predicti
1066 3483 1201 3548 Roberti
1224 3491 1302 3548 tunc

195 3589 260 3654 fuit
290 3587 435 3652 incuria
462 3585 517 3650 in⁶
539 3607 670 3672 presens
700 3584 829 3672 quando
851 3585 925 3650 finis
954 3587 1060 3651 factus
1081 3587 1153 3665 fuit,
1175 3595 1210 3652 et
1239 3587 1303 3650 fuit

194 3692 336 3780 armiger
356 3713 434 3756 suus
455 3698 490 3755 et
518 3713 583 3756 non
612 3690 764 3776 apposuit
791 3691 955 3770 clamium,
977 3698 1012 3755 et
1040 3691 1114 3756 ideo
1142 3692 1227 3778 petit
1253 3691 1302 3755 iu·

194 3797 317 3863 dicium
326 3794 345 3860 '.

138 3963 146 3977 ,
260 3899 528 3965 'Bartholomeus
538 3899 625 3964 filius
636 3899 766 3965 Ricardi
777 3900 863 3986 petit
877 3920 991 3964 uersus
1006 3899 1182 3964 Osbertum
1196 3899 1301 3964 filium
1362 3908 1417 3949 ΗΜ

196 4003 328 4070 Ricardi
339 4003 471 4069 fratrem
485 4026 581 4070 suum
594 4004 723 4070 feodum
732 4005 757 4091 j
770 4003 885 4068 militis
899 4027 974 4068 cum
988 4003 1116 4089 pertin
1132 4002 1301 4069 Gedewell’

257 4201 393 4317 Supplytet
404 4203 533 4262 Robenm,
545 4202 576 4262 Δ,
587 4202 619 4253 Β.
774 4200 956 4266 tobeperttn’.
970 4199 1153 4266 (pertham).

341 4283 354 4317 e

229 4202 238 4235 ι

227 4267 329 4318 'Gom
366 4267 460 4330 ,Δ,Β.
807 4267 1040 4328 Hiberiam.

228 4333 240 4366 ³
256 4333 357 4396 supply
367 4335 404 4392 ἐπ,
415 4332 446 4392 Δ,
458 4331 489 4383 Β.
806 4332 818 4366 ⁸
834 4332 906 4382 omit
917 4335 954 4392 in,
965 4331 997 4381 Δ.

228 4399 239 4431 ⁴
255 4398 278 4447 Δ
296 4411 373 4461 space
391 4397 414 4446 is
432 4398 494 4458 left3
518 4397 564 4447 tho
582 4397 683 4462 copyist
700 4397 723 4448 is
805 4397 884 4447 7Ι<ὀι
899 4398 1008 4448 absence
1023 4396 1124 4460 beyond
1144 4411 1201 4446 sees
1217 4410 1247 4446 as
1264 4411 1300 4446 sn

194 4463 308 4528 pueeled
320 4463 354 4526 by
364 4477 380 4512 a
391 4463 513 4526 cramped
528 4462 722 4514 interlinection
774 4478 866 4512 excuse
877 4464 917 4512 ior
927 4463 1069 4513 non-claim
1081 4477 1121 4512 see
1133 4463 1176 4510 Br.
1188 4461 1206 4510 f.
1220 4461 1275 4513 436.

196 4531 224 4580 ἱιι
237 4530 273 4588 Δ;
292 4527 395 4578 inboth
411 4528 474 4577 rolla
491 4528 535 4578 the
552 4529 621 4578 word
638 4543 721 4578 seems
806 4529 864 4580 8Δ.
878 4530 972 4589 m.14;
989 4529 1120 4579 B.m.13.
