3342 5217
446 329 679 390 monastriae,
702 330 765 378 ao.
792 313 884 389 1230,
906 331 969 378 nu.
994 315 1131 381 14-15.
1277 311 1339 378 361

237 519 346 572 annua
359 504 512 592 pensione
532 512 567 571 et
587 503 687 570 nichil
706 503 796 570 eliud
818 504 904 592 petit
925 512 960 570 et
981 505 1064 571 bene
1086 502 1234 571 concedit
1255 500 1342 590 quod

237 608 401 694 predictus
439 606 627 693 Stephanus
663 614 714 673 est
750 608 928 673 aduocatos
964 607 1109 694 predicte
1139 605 1270 673 ecclesie
1299 605 1341 671 de

237 712 448 800 Ferenbergo.
493 712 542 776 Et
557 712 629 778 ideo
649 711 849 798 prohibitum
872 719 922 777 est
942 711 973 776 ei
993 710 1079 797 qnod
1101 733 1165 776 non
1186 718 1342 796 sequatur

236 815 277 881 de
292 815 425 881 decimis
439 824 473 880 et
488 814 561 880 aliis
581 815 835 882 obuencionibus
852 814 918 879 nisi
938 813 979 878 de
997 813 1152 900 predictis
1172 835 1199 877 v.
1222 811 1287 889 sol,
1307 818 1342 876 et

236 919 305 1006 ipse
329 918 478 984 concedit
502 917 588 1004 quod
610 917 638 982 si
659 927 815 1004 sequatur
837 917 923 1004 qnod
945 917 1063 983 laicum
1087 917 1216 982 feodum
1246 936 1342 978 suum

237 1024 322 1111 quod
338 1023 437 1090 habet
452 1023 487 1089 in
502 1023 624 1110 Anglia
637 1021 844 1099 incurratur¹,
860 1030 895 1087 et
910 1021 983 1087 ideo
999 1022 1068 1087 sine
1083 1021 1144 1087 die.

181 1173 188 1186 .
304 1127 477 1194 ’Unfiidus
492 1126 579 1193 filius
594 1125 763 1192 Michaelis
777 1125 984 1191 athachiatus
1003 1125 1067 1189 luit
1086 1125 1128 1190 ad
1148 1125 1341 1213 responden·
1372 1145 1484 1188 sunm

238 1231 317 1296 dum
333 1230 470 1297 Ricardo
485 1231 526 1297 de
541 1230 669 1296 Cumba
682 1253 781 1317 qnare
798 1252 865 1295 non
884 1238 977 1295 tenet
996 1230 1027 1295 ei
1046 1231 1144 1296 finem
1164 1231 1287 1297 lactum
1306 1231 1342 1297 in

238 1335 327 1400 curia
351 1335 445 1400 Dom.
472 1334 572 1422 Regis
594 1333 627 1400 J.
653 1357 758 1400 coram
785 1334 971 1400 iusticiariis
998 1335 1228 1402 itinerantibus
1254 1335 1342 1422 apud

238 1435 439 1502 Wintoniam
453 1436 541 1502 inter
555 1435 737 1522 predictum
753 1437 932 1503 Unfiidum
945 1445 1115 1523 petentem
1130 1445 1164 1502 et
1178 1438 1341 1524 prefatum

238 1535 413 1603 Ricardum
429 1544 596 1601 tenentem
611 1535 652 1600 de
668 1558 734 1601 una
748 1536 825 1601 hide
840 1544 926 1602 terre
938 1559 1013 1602 cum
1023 1544 1104 1623 pert.
1116 1536 1151 1602 in
1162 1537 1342 1603 Merelente

237 1650 272 1707 et
291 1641 332 1707 de
354 1641 455 1707 tercia
474 1653 567 1727 perte
589 1641 727 1706 duarum
748 1663 850 1707 carue
867 1650 953 1707 terre
974 1664 1049 1706 cum
1072 1650 1152 1728 pert
1168 1641 1203 1706 in
1225 1642 1342 1708 Fromo
1353 1656 1503 1697 nomm.

237 1743 323 1809 unde
338 1743 565 1830 cirographum
581 1751 640 1810 etc.
656 1752 691 1808 et
705 1743 792 1810 unde
808 1744 896 1809 idem
917 1744 1075 1810 Ricardus
1094 1745 1242 1831 queritur
1255 1745 1342 1832 quod

237 1847 402 1934 predictus
417 1847 575 1913 Unfiidus
589 1847 761 1934 inplacitat
776 1871 852 1914 eum
864 1849 900 1912 in
910 1849 1066 1913 comitatu
1078 1848 1119 1914 de
1133 1848 1343 1935 pertinenciis

237 1951 382 2018 eiusdem
405 1961 498 2030 terre,
524 1953 590 2018 scil.
614 1953 654 2018 de
677 1953 778 2018 tercia
799 1961 893 2040 parte
915 1953 980 2040 viij.
1004 1953 1242 2041 mesnagiorum
1264 1962 1299 2018 et
1316 1953 1341 2040 j.

238 2055 415 2121 molendini
441 2079 516 2121 curn
541 2064 623 2142 pert.
646 2056 681 2120 in
704 2055 951 2143 Frilingestrete
982 2064 1017 2120 et
1048 2055 1088 2120 de
1120 2055 1221 2121 tercia
1248 2064 1342 2142 parte

237 2159 295 2247 iiij.
311 2161 549 2249 mesuagiorum
563 2161 599 2226 in
614 2160 792 2226 Flinfordia
806 2184 881 2226 cum
895 2168 976 2247 pert.
992 2169 1052 2226 etc

304 2263 347 2328 Et
376 2263 535 2330 Unfridus
564 2263 658 2329 uenit
688 2271 722 2328 et
751 2264 834 2329 bene
864 2262 1028 2350 cognoscit
1057 2262 1155 2327 finem
1192 2272 1227 2328 et
1263 2263 1342 2329 ciro·

237 2368 398 2456 graphum
417 2377 452 2434 et
474 2377 581 2433 totum
605 2377 639 2433 et
661 2367 741 2432 dicit
763 2366 850 2454 quod
871 2366 906 2432 in
927 2367 1018 2432 nullo
1039 2374 1090 2432 est
1111 2375 1223 2432 contra
1244 2368 1342 2434 finem

237 2470 331 2536 illum
351 2493 410 2536 nec
431 2471 494 2537 en't
510 2480 561 2537 set
580 2470 662 2536 dicit
684 2470 770 2558 quod
792 2469 959 2556 mesuagio
980 2476 1015 2533 et
1036 2468 1258 2534 molendinum
1277 2493 1342 2536 non

238 2583 315 2640 sunt
337 2575 378 2641 de
398 2575 608 2662 pertinenciis
626 2575 770 2641 eiusdem
793 2583 878 2639 terre
897 2582 949 2638 set
969 2573 1054 2638 bene
1072 2574 1235 2663 cognoscit
1256 2575 1342 2662 quod

238 2688 315 2745 sunt
333 2679 373 2744 de
396 2680 510 2746 eodem
532 2679 625 2745 feodo
647 2688 682 2745 et
704 2680 744 2745 de
767 2678 881 2743 eodem
902 2677 1046 2743 seruicio.
1092 2679 1169 2744 Post
1190 2679 1343 2766 cognouit

238 2778 324 2864 quod
349 2779 517 2868 mesuagio
541 2788 576 2844 et
600 2788 706 2845 totum
730 2777 951 2844 molendinum
974 2786 1051 2842 sunt
1072 2777 1113 2842 de
1134 2777 1342 2864 pertinenciis

237 2883 381 2968 predicte
396 2882 495 2948 tercie
509 2883 612 2969 pertis
627 2882 765 2948 duarum
780 2889 1005 2947 carucatarum
1025 2890 1110 2946 terre
1125 2882 1161 2946 in
1176 2883 1292 2947 Frome
1307 2891 1342 2948 et

237 2985 311 3052 ideo
325 2995 476 3053 teneatur
490 2987 564 3052 finis
578 2996 613 3052 et
627 2987 786 3053 Unfiidus
801 2985 1005 3068 custodiatur
1019 2993 1078 3050 etc.
1100 2983 1106 3072 Ι

178 3146 186 3159 .
303 3091 433 3157 'Anicia
446 3114 509 3177 que
525 3092 588 3156 fuit
603 3114 684 3156 uxor
698 3091 856 3156 Willelmi
870 3091 911 3156 de
926 3090 1053 3157 Baiocis
1067 3112 1126 3176 per
1139 3097 1341 3157 attornatum
1396 3107 1461 3194 Μ

237 3217 334 3260 suum
360 3193 447 3280 petit
467 3215 580 3259 uersus
601 3192 785 3259 iohannem
808 3194 848 3259 de
870 3192 958 3258 Eure
980 3192 1114 3259 terciam
1135 3200 1262 3279 partem
1284 3193 1340 3280 iiij.

237 3321 299 3366 acr.
326 3307 411 3364 terre
437 3321 510 3364 cum
532 3306 614 3385 pert.
637 3297 672 3362 in
695 3296 895 3362 Bradewella
915 3305 950 3362 et
979 3297 1011 3384 ij.
1038 3297 1092 3362 sol.
1122 3295 1277 3376 redditus,
1307 3300 1479 3388 etfflmgg·

237 3424 350 3467 uersus
365 3401 542 3467 Radullum
557 3401 661 3466 filium
677 3399 808 3466 Ricardi
823 3399 957 3464 terciam
971 3407 1098 3485 partem
1117 3398 1174 3485 iiij
1189 3421 1340 3467 aeneum
1352 3394 1504 3492 mfflffi

237 3510 318 3589 pert
331 3503 366 3568 in
375 3503 488 3568 eadem
500 3503 587 3579 uilla,
598 3511 633 3567 et
645 3525 758 3566 uersus
767 3501 948 3567 Gerardum
962 3501 1060 3568 Barre
1071 3504 1205 3570 terciam
1213 3512 1340 3591 partem
1352 3488 1501 3584 ffiffi⁸

237 3608 279 3694 vj.
294 3630 354 3674 scr.
372 3616 457 3673 terre
471 3631 546 3674 cum
560 3617 641 3694 pert.
657 3607 692 3672 in
707 3607 820 3673 eedem
836 3606 916 3671 uilla
930 3614 970 3671 ut·
984 3606 1093 3671 dotem
1108 3630 1200 3674 suam
1215 3617 1273 3674 etc
1352 3581 1504 3715 &Qiilm
1590 3590 1592 3593 Ι

303 3713 348 3776 Et
370 3712 536 3778 Johannes
558 3720 592 3777 et
613 3710 670 3776 elii
692 3711 831 3776 ueniunt
853 3719 888 3775 et
910 3710 1023 3775 dicunt
1045 3710 1131 3796 quod
1153 3735 1217 3777 non
1242 3678 1460 3809 debelffiffi

235 3815 314 3882 inde
328 3816 439 3881 dotem
454 3815 573 3881 habere
589 3814 666 3902 quia
680 3814 845 3900 predictus
863 3812 1047 3878 Willelmus
1066 3813 1118 3878 uir
1137 3837 1215 3880 suus
1233 3815 1340 3882 adhuc
1351 3815 1459 3911 {mm

237 3919 325 3988 uiuit
340 3928 375 3984 et
389 3928 501 3984 manet
515 3918 603 4004 apud
618 3916 859 3982 Bradewellam,
1351 3909 1504 4005 133ξαῖξῇ

305 4023 349 4088 Et
371 4023 489 4090 Anicia
513 4045 572 4110 per
593 4029 796 4088 ottomatum
818 4043 916 4086 suum
939 4020 1020 4086 dicit
1044 4021 1131 4107 quod
1155 4043 1270 4088 reuera
1293 4003 1481 4146 stiffi?

271 4229 280 4262 ¹
299 4227 342 4280 Sic
351 4228 379 4278 Δ.
849 4227 860 4259 ⁴
875 4227 919 4277 Br.
932 4227 950 4276 l.
962 4225 1044 4278 801b.
1067 4226 1094 4276 Il
1102 4226 1147 4277 the
1157 4225 1280 4278 husband
1289 4227 1313 4278 is
1323 4244 1341 4281 a

242 4333 245 4338 .
270 4295 282 4327 ¹
297 4295 328 4346 A.
342 4308 377 4344 m.
390 4293 430 4342 11.
816 4307 885 4342 mers
900 4290 1066 4356 probationes
1081 4291 1152 4342 heis
1169 4295 1216 4344 not
1230 4297 1275 4356 yet
1290 4294 1341 4345 cir·

270 4360 283 4392 ⁸
298 4359 328 4410 n
340 4374 376 4408 m.
389 4359 419 4408 11
431 4357 455 4408 d.
556 4425 560 4434 Ι
815 4356 953 4421 illydssd3
969 4357 1154 4421 redirspoterit
1165 4357 1199 4409 sd
1210 4359 1333 4410 emulum.
