3342 5217
412 385 646 472 munerans,
668 386 742 461 sn.»
758 396 937 473 122111.
960 400 1055 481 82-92
1223 392 1287 471 705

179 580 262 647 illud
290 573 437 648 fecerunt
466 581 578 646 uenire
607 572 714 647 coram
740 572 788 647 eis
812 580 946 648 assisam
972 576 1070 650 illam
1116 578 1177 650 ¹Etv
1197 578 1284 652 idem
1340 630 1343 643 ·

179 686 341 751 Martinus
365 686 459 753 uenit
488 695 524 752 et
552 685 692 773 predicti
717 687 864 774 Rogems
890 695 924 752 et
950 678 1050 775 Hugo
1074 688 1225 755 similiter
1250 698 1286 755 et
1344 706 1348 713 '

178 789 299 874 quesiti
319 789 348 854 si
369 789 514 855 dicerent
534 789 660 875 aliquid
682 810 781 876 quare
805 788 906 862 assisa
927 800 1110 857 remaneret
1132 792 1287 859 dixerunt

178 891 265 977 quod
286 914 351 957 non
374 892 475 957 immo
497 892 581 957 bene
604 900 830 958 concesserunt
855 892 986 957 assisam
1008 894 1099 960 illam
1122 918 1180 982 per
1200 897 1290 983 quod

178 997 415 1063 consideratum
437 994 501 1061 fuit
522 1019 629 1061 coram
652 996 699 1061 eis
718 995 805 1082 quod
826 997 926 1062 assisa
940 999 1127 1083 procederet
1141 1010 1176 1066 et
1190 994 1287 1088 capta

177 1099 243 1164 fuit
256 1100 356 1165 assisa
369 1122 476 1165 coram
491 1100 538 1165 eis
551 1122 611 1186 per
626 1098 725 1166 tales²
744 1100 910 1179 iuratores,
926 1101 983 1187 qui
1002 1124 1113 1169 omnes
1133 1104 1287 1171 dixerunt

179 1203 265 1289 quod
288 1202 453 1290 predictus
475 1203 576 1290 Hugo
598 1212 633 1279 et
655 1204 802 1291 Rogerus
823 1226 889 1268 non
910 1204 1156 1271 disseisiuemnt
1177 1207 1284 1293 ipsum

178 1307 358 1373 Martinum
387 1308 428 1373 de
457 1306 567 1393 aliquo
595 1307 696 1373 libero
725 1315 915 1373 tenemento
943 1328 1011 1386 suo,
1040 1316 1075 1373 et
1111 1310 1189 1396 quia
1225 1311 1285 1377 hoc

177 1412 300 1498 precise
314 1411 467 1477 dixemnt
481 1411 719 1477 consideratum
734 1410 798 1475 fuit
810 1410 897 1497 quod
908 1410 971 1497 ipsi
983 1412 1083 1498 Hugo
1094 1420 1128 1477 et
1139 1406 1284 1499 Rogerus

176 1522 285 1580 essent
298 1515 375 1580 inde
390 1516 494 1602 quieti
508 1523 543 1579 et
558 1516 719 1580 Martinus
733 1515 769 1579 in
783 1513 1007 1580 misericordia
1052 1516 1098 1580 Et
1112 1538 1210 1602 super
1224 1517 1285 1582 hoc

176 1618 269 1683 uenit
298 1620 459 1685 Martinus
488 1627 523 1685 et
552 1619 635 1684 bene
661 1619 808 1684 concedit
833 1618 917 1685 illud
940 1620 1106 1685 recordum
1131 1629 1181 1685 set
1204 1620 1284 1687 dicit

176 1719 263 1807 quod
287 1720 445 1786 iuratores
469 1720 555 1785 male
580 1722 773 1787 iurauerunt
796 1720 875 1807 quia
896 1721 966 1808 ipse
989 1720 1152 1788 Martinus
1175 1730 1283 1789 totum

176 1832 403 1889 tenementum
416 1824 498 1889 illud
513 1824 623 1890 tenuit
637 1847 712 1890 cum
727 1824 812 1911 Gyla
825 1847 925 1890 uxore
940 1826 1011 1891 eius
1024 1834 1129 1892 matre
1146 1828 1283 1915 predicti

176 1928 328 2016 Hugonis
341 1937 380 1994 ut
395 1928 611 1994 hereditatem
625 1928 728 2015 ipsius
743 1928 826 2015 Gyle
841 1938 876 1993 et
891 1951 954 2014 que
974 1928 1091 1995 habuit
1110 1953 1226 2016 pueros
1241 1933 1282 1998 de

176 2053 216 2097 eo
244 2040 280 2097 et
307 2028 382 2097 ideo
409 2032 588 2098 secundum
617 2032 886 2097 consuetudinem
916 2032 1008 2120 regni
1034 2040 1144 2099 tenere
1168 2034 1283 2101 debuit

176 2144 296 2201 terram
307 2138 397 2201 illam
408 2145 480 2202 tota
490 2137 562 2201 uita
572 2158 639 2214 sua
651 2145 687 2201 et
697 2136 770 2203 ideo
781 2135 862 2201 dicit
874 2135 960 2222 quod
971 2138 1056 2202 male
1067 2138 1282 2204 iurauerunt³.

177 2240 222 2305 Et
250 2241 351 2327 Hugo
379 2248 414 2306 et
444 2241 591 2327 Rogerus
620 2247 817 2327 cognoscunt
843 2238 925 2304 bene
951 2238 1038 2326 quod
1064 2235 1225 2306 Martinus
1248 2250 1283 2306 et

176 2342 262 2429 Gyla
283 2343 469 2409 habuerunt
490 2336 606 2429 pueros
627 2343 724 2407 simul
745 2342 829 2408 sicut
851 2342 1012 2409 Martinus
1031 2340 1111 2407 dicit
1126 2342 1161 2407 et
1174 2366 1282 2431 recog-

175 2447 298 2512 nitores
310 2447 436 2511 omnes‘
450 2445 590 2511 ueniunt
609 2454 645 2512 et
664 2446 748 2512 bene
767 2445 949 2511 concedunt
968 2446 1136 2512 recordum
1156 2454 1191 2512 et
1210 2446 1284 2512 ideo
1343 2502 1346 2512 .

175 2570 287 2614 omnes
314 2550 530 2636 recognitores
559 2559 637 2615 sunt
665 2549 808 2615 conuicti
837 2550 878 2615 de
906 2549 988 2614 falso
1016 2557 1218 2615 sacramento
1244 2572 1285 2615 eo

176 2651 263 2738 quod
276 2652 439 2717 Martinus
454 2652 632 2718 secundum
646 2652 914 2717 consuetudinem
929 2651 1022 2737 regni
1036 2652 1152 2717 debuit
1171 2661 1282 2719 tenere

175 2764 366 2822 tenemento
391 2756 451 2821 illa
476 2764 549 2821 tota
575 2755 649 2821 uita
672 2777 740 2822 sua
793 2756 837 2819 Et
861 2756 1099 2821 consideratum
1122 2764 1173 2821 est
1196 2758 1282 2843 quod

174 2860 337 2925 Martinus
350 2867 518 2945 recuperet
532 2859 684 2923 saisinam
703 2882 797 2924 suam
816 2859 858 2924 de
882 2866 951 2923 toto
972 2867 1159 2925 tenemento
1177 2859 1232 2925 illo
1246 2862 1282 2926 in

174 2982 214 3025 eo
234 2968 324 3025 statu
345 2962 382 3026 in
403 2983 468 3047 quo
488 2960 553 3025 fuit
573 2960 628 3025 dic
649 2983 713 3047 quo
735 2960 835 3025 assisa
856 2968 952 3047 capte
973 2959 1046 3037 fuit,
1068 2967 1103 3025 et
1125 2960 1235 3049 Hugo'
1247 2970 1282 3027 et

174 3064 321 3151 Rogerus
334 3064 370 3128 in
385 3062 602 3129 misericordia
614 3087 673 3150 pro
688 3064 857 3129 disseisina
867 3072 901 3129 et
912 3063 1127 3150 respondeant
1138 3063 1282 3130 Martino

173 3164 216 3229 de
240 3164 391 3251 dampnis
414 3166 483 3231 suis
508 3174 543 3231 et
567 3167 783 3253 recognitores
807 3166 1059 3232 committuntur
1083 3164 1182 3253 gaola
1237 3168 1281 3231 Et

174 3268 275 3357 Hugo
298 3270 380 3335 dicit
405 3270 492 3357 quod
516 3278 626 3335 totum
648 3270 782 3336 bladum
807 3271 848 3335 de
875 3270 935 3336 hoc
960 3278 1141 3357 autumpno
1166 3270 1217 3336 est
1244 3272 1283 3337 in

173 3372 310 3460 grangia
329 3380 365 3438 et
386 3373 456 3459 ipse
477 3371 553 3437 inde
575 3372 751 3439 seminauit
772 3374 872 3439 bene³
891 3381 993 3439 terras
1007 3373 1087 3451 illas,
1102 3380 1153 3439 set
1166 3396 1280 3439 reuera

173 3477 261 3563 cepit
276 3477 317 3542 de
332 3475 519 3543 hominibus
533 3476 577 3543 xl.
591 3476 647 3541 soi
692 3477 736 3541 Et
750 3475 948 3542 inuenerunt
963 3476 1086 3563 plegios
1100 3475 1141 3541 de
1156 3476 1280 3541 miseri-

173 3579 282 3645 cordia
315 3589 350 3644 et
385 3578 427 3644 de
459 3578 608 3664 dampno.
667 3579 728 3643 Ε1ο
755 3578 971 3665 recognitores
1000 3578 1098 3643 finem
1133 3579 1280 3643 iecerunt

173 3703 232 3767 per
259 3682 281 3748 l.
309 3704 440 3758 marcas,
469 3690 505 3746 et
541 3681 587 3746 sic
622 3683 661 3745 fit
697 3682 918 3767 compensacio
954 3682 1167 3767 dampnorum
1204 3704 1290 3747 cum·

173 3786 405 3852 melior-acione

206 3971 256 4022 ¹A
276 3986 333 4022 narr
353 3972 500 4035 paragraph
521 3971 613 4035 begins
639 3972 709 4023 here
751 3972 820 4023 the
810 3986 897 4035 rurore
913 3986 957 4022 are
973 3968 1106 4021 convictad
1125 3970 1153 4020 ot
1174 3968 1277 4033 perjury

173 4037 220 4088 but
235 4037 281 4089 tha
295 4036 385 4088 record
400 4036 430 4088 ο1
449 4036 495 4089 tha
511 4038 619 4110 justiora
639 4053 701 4089 oon-
750 4036 930 4101 beoauaethey
941 4036 1048 4099 ignored
1058 4036 1090 4085 rt

173 4103 270 4153 tinuea.
781 4102 908 4166 ‘supply
938 4110 1024 4165 prem
1058 4100 1213 4164 Gausrr'daru
1246 4102 1277 4150 de

204 4166 484 4231 ’haltamma
496 4168 529 4220 Β.
749 4170 874 4226 Dertona,
886 4168 917 4226 Δ
927 4166 959 4217 Β

204 4231 288 4283 ‘Tha
308 4232 404 4283 second
424 4232 699 4297 husband’srightto
779 4202 993 4330 :perehtrih
928 4231 1036 4294 estas.

171 4297 699 4440 dlusrdil'yycfflsiitoadd'dsaesvda·
747 4296 1146 4423 'hafflpaffippgrinhpp
1160 4296 1278 4423 ἓξὲξ

171 4426 232 4478 nied
247 4431 279 4478 rt.
312 4428 360 4479 See
375 4428 421 4478 Β).
438 4429 456 4479 1.
473 4430 531 4479 138.
564 4430 618 4479 Βιι1
636 4428 697 4480 here
747 4427 1009 4489 thaamountsrary.

256 4544 293 4594 rr.
1147 4530 1188 4591 45
