3342 5217
347 328 411 390 358
555 335 874 400 menseumhaim.
900 323 993 398 1230,
1016 339 1079 388 aa
1104 323 1240 390 14-15.

347 513 436 578 nullo
451 508 544 576 uenit
559 517 670 575 contra
683 509 781 575 finem
797 517 909 574 contra
920 533 996 575 eum
1010 518 1045 575 et
1059 518 1181 576 sectam
1196 513 1303 579 suam¹
1318 523 1354 580 et
1368 515 1450 580 bene

348 615 494 682 defendit
520 614 606 702 quod
635 622 768 700 propter
796 614 960 679 defectum
989 638 1084 681 suurn
1111 615 1198 681 idem
1220 617 1366 706 Rogerus
1387 641 1451 683 non

347 720 560 808 distringitur.
606 719 682 784 Post
704 719 797 784 uenit
819 719 981 808 Margeria
999 743 1059 807 per
1077 730 1281 788 attornatum
1299 747 1396 790 suum
1416 733 1451 789 et

347 827 427 891 dicit
449 826 534 912 quod
564 825 603 890 de
633 830 784 910 proparte
810 845 871 887 sua
891 822 990 887 debet
1012 823 1206 910 capitalibus
1227 826 1367 892 dominis
1387 850 1451 893 ser·

347 929 469 996 uicium
483 927 515 1014 ij.
531 927 674 991 militum
690 934 724 990 et
739 925 850 991 dimid.
862 933 898 989 et
911 933 1059 1011 preterea
1073 926 1264 993 forinsecum
1279 929 1451 995 seruicium

347 1041 506 1122 quantum
526 1031 669 1118 pertinet
688 1029 731 1096 ad
746 1029 784 1116 vj.
807 1030 887 1118 uirg.
911 1039 997 1096 terre
1017 1054 1091 1096 cum
1113 1041 1195 1118 pert.
1216 1033 1252 1099 in
1271 1034 1452 1101 Derwines·

348 1147 429 1204 tuna
458 1146 492 1202 et
521 1135 601 1201 dicit
627 1134 714 1223 quod
743 1134 783 1200 de
809 1143 880 1199 toto
909 1135 1045 1200 seruicio
1069 1135 1126 1200 illo
1151 1138 1335 1224 aquietauit
1360 1163 1394 1206 se
1416 1151 1451 1206 et

347 1242 488 1309 reddidit
503 1240 675 1306 seruitium
697 1239 778 1304 illud
799 1238 943 1303 Johanni
963 1239 1154 1305 Brithasche
1174 1241 1295 1308 balliuo
1316 1243 1453 1311 Comitis

346 1346 484 1435 predicti
513 1354 548 1411 et
576 1343 652 1410 inde
681 1343 774 1430 ponit
803 1366 838 1408 se
867 1366 965 1430 super
992 1343 1175 1430 predictum
1204 1346 1387 1414 Johannem
1416 1359 1452 1414 et

347 1451 493 1539 Rogerus
515 1448 670 1514 similiter.
717 1445 760 1511 Et
779 1445 853 1511 ideo
875 1455 1065 1533 preceptum
1086 1455 1137 1513 est
1158 1448 1343 1516 uiceoomiti
1364 1451 1450 1538 qnod

347 1555 521 1642 distringat
535 1551 717 1639 predictum
732 1551 756 1615 J
757 1550 918 1616 ohannem
930 1551 1016 1639 quod
1030 1553 1074 1617 sit
1085 1561 1143 1618 etc
1156 1553 1198 1618 ad
1213 1556 1453 1622 testificandum

347 1659 375 1724 si
403 1658 549 1746 predicta
578 1655 739 1744 Margeria
767 1656 925 1722 satisfecit
955 1658 986 1722 ei
1021 1667 1059 1722 ut
1089 1659 1209 1725 balliuo
1240 1660 1376 1727 Comitis
1410 1662 1452 1728 de

346 1763 492 1850 predicto
516 1761 652 1828 seruicio
677 1762 762 1826 sicut
785 1761 857 1849 ipsa
879 1762 1039 1848 Margaria
1060 1761 1141 1828 dicit
1161 1765 1215 1829 uel
1237 1765 1265 1831 si
1286 1766 1454 1832 distrinxit
1581 1773 1585 1779 '

346 1868 529 1956 predictum
559 1868 721 1954 Rogerum
751 1889 809 1952 pro
835 1867 991 1932 forinseco
1013 1867 1149 1932 semicio
1170 1868 1387 1955 predictarum
1409 1873 1452 1958 vj.

347 1972 428 2060 uirg.
452 1979 536 2036 terre
558 1971 644 2036 sicut
664 1971 752 2037 idem
775 1972 921 2058 Rogerus
943 1970 1023 2036 dicit
1045 1980 1104 2039 etc
1149 1971 1243 2038 Idem
1265 1974 1334 2040 dies
1354 1975 1453 2043 datus

348 2084 399 2141 est
413 2075 567 2163 partibus

293 2220 298 2232 -
413 2177 540 2244 'Abbas
576 2178 617 2244 de
648 2177 849 2266 Coggeshale
878 2177 936 2243 dat
965 2178 1076 2246 dimid
1106 2202 1200 2245 marc
1231 2203 1290 2268 pro
1318 2182 1454 2252 licencia

349 2282 560 2349 concordandi
581 2305 655 2347 cum
680 2282 796 2348 sibilla
817 2282 858 2347 de
881 2282 1011 2348 Kaume
1034 2283 1074 2348 de
1096 2283 1218 2370 placito
1237 2295 1323 2352 terre
1342 2297 1402 2354 etc.
1417 2299 1453 2354 et

348 2395 399 2452 est
428 2385 595 2451 concordia
623 2385 698 2450 talis
720 2385 805 2472 quod
834 2385 982 2472 predicta
1004 2386 1120 2452 Sibilla
1139 2392 1328 2477 recognouit
1348 2393 1367 2458 h
1391 2415 1451 2458 aer.

348 2500 433 2557 terre
448 2514 523 2556 cum
538 2498 618 2577 pert.
634 2491 669 2554 in
684 2489 772 2556 Rod³
788 2513 857 2555 esse
878 2490 930 2556 ius
944 2491 1085 2557 Abbatis
1105 2500 1139 2557 et
1160 2493 1390 2562 Monachorum
1412 2497 1452 2563 de

349 2595 549 2685 Coggeshale
565 2594 729 2661 habendas
744 2603 778 2660 et
793 2595 950 2661 tenendas
966 2597 1072 2662 eidem
1087 2598 1211 2663 Abbati
1231 2609 1265 2666 et
1286 2601 1452 2669 Monachis

349 2711 384 2769 et
413 2723 524 2768 eorum
554 2699 788 2766 successoribus
817 2701 1049 2787 inperpetuum
1078 2702 1118 2767 de
1145 2703 1258 2768 eadem
1281 2705 1398 2772 Sibilla
1419 2716 1454 2772 et

349 2805 522 2871 heredibus
551 2804 618 2869 suis
647 2802 810 2869 reddendo
839 2802 916 2868 inde
945 2826 1004 2890 per
1032 2827 1154 2870 annum
1179 2806 1256 2872 dim.
1277 2831 1372 2874 marc
1395 2833 1453 2897 pro

349 2911 437 2976 omni
452 2909 587 2976 seruicia
602 2909 691 2973 saluo
706 2908 870 2986 forinseco,
886 2916 920 2972 et
935 2931 992 2995 pro
1007 2909 1068 2974 hac
1083 2918 1142 2976 etc
1158 2911 1325 2996 predictus
1339 2915 1452 2981 Abbas

349 3015 440 3081 dedit
455 3015 485 3080 ei
501 3037 550 3078 xv.
565 3035 661 3078 marc.
705 3013 750 3077 Et
764 3021 912 3078 remanet
927 3013 1152 3102 cirographum
1172 3016 1355 3083 faciendum
1375 3019 1454 3106 qnia

350 3120 461 3185 Abbas
475 3125 603 3183 amotus
618 3125 667 3182 est
682 3115 783 3182 donec
803 3116 915 3182 redeat
935 3118 988 3182 uel
1010 3119 1110 3185 donec
1130 3121 1213 3186 elius
1235 3123 1455 3190 substituatur

350 3224 382 3289 ei
403 3233 463 3288 etc.
508 3222 568 3288 Set
589 3219 713 3284 dictum
736 3228 786 3285 est
808 3220 916 3286 eidem
937 3223 1051 3290 Sibille
1073 3226 1159 3312 quod
1178 3227 1223 3293 sit
1242 3229 1327 3314 apud
1344 3229 1453 3295 West·

350 3323 581 3391 monasterium
594 3331 653 3388 etc.
665 3323 707 3388 ad
721 3324 915 3409 capiendum
930 3327 1154 3415 cirographum
1169 3349 1264 3397 suum
1279 3341 1314 3397 et
1327 3332 1454 3400 dictum

350 3437 401 3496 est
430 3428 597 3494 Monaehis
626 3429 666 3494 de
697 3428 898 3522 Coggeshale
928 3433 1014 3518 quod
1043 3433 1186 3500 habeant
1214 3436 1260 3502 ibi
1292 3438 1456 3524 predictos

349 3534 497 3600 denarios
526 3533 568 3599 ad
597 3533 797 3599 reddendum
826 3535 972 3622 predicte
999 3537 1113 3603 Sibille
1143 3547 1178 3603 et
1199 3540 1310 3606 uenire
1332 3542 1456 3610 faciant

350 3640 515 3705 Abbatem
529 3639 572 3704 ad
586 3639 779 3725 capiendum
794 3639 1020 3727 cirographum
1035 3665 1138 3708 suum.

415 3742 594 3809 ⁴Robertus
613 3742 654 3808 de
675 3743 813 3808 Hiltona
828 3746 1044 3811 summonitus
1059 3747 1123 3812 fuit
1138 3747 1180 3813 ad
1195 3750 1455 3836 respondendum

351 3847 443 3912 Dom.
460 3847 544 3935 Regi
564 3868 628 3934 quo
652 3855 792 3912 waranto
812 3849 986 3914 assartauit
1006 3872 1210 3917 communem
1229 3853 1361 3919 boscum
1383 3877 1457 3942 per·

351 3951 510 4016 tinentem
533 3949 575 4014 ad
597 3950 741 4015 maneria
760 3950 800 4016 de
824 3950 1006 4018 Shoffordia
1026 3952 1233 4020 Ordeshales⁸
1252 3965 1288 4020 et
1307 3956 1457 4026 Burtona

351 4053 393 4119 ad
407 4061 638 4118 nocumentum
653 4053 769 4118 foreste
784 4054 879 4120 Dom.
891 4055 991 4143 Regis
1006 4056 1046 4122 de
1062 4057 1277 4149 Westdereby
1290 4068 1352 4126 etc

384 4239 522 4302 ¹desendit
544 4245 630 4288 contro
651 4252 706 4286 cum
728 4245 752 4286 et
774 4245 874 4299 sectam,
959 4239 1048 4302 *Μ
1065 4241 1096 4290 Δ.

353 4305 398 4354 she
408 4303 498 4354 denies
509 4301 867 4366 againsthirnandhissuit
960 4305 1128 4358 ⁴A.m.su

384 4371 394 4402 ²
409 4371 439 4419 Δ.
452 4384 487 4420 m.
501 4373 525 4420 9.
959 4371 969 4402 ⁶
987 4373 1105 4435 stafford
1117 4374 1260 4436 Ordeabale,
1273 4376 1302 4426 A.
