3342 5217
468 321 591 384 DE
636 320 1053 385 TERMINO
1101 320 1164 385 S.
1212 319 1717 385 MICHAELIS
1764 321 2030 387 ANNO
2076 321 2365 386 REGNI
2414 322 2685 388 REGIS

642 422 1036 490 HENRIOI
1139 423 1364 488 FILII
1467 424 1740 489 REGIS
1841 424 2315 490 ,IOHANNIS
2421 424 2685 491 XVIJ0.

644 526 1184 593 INCIPIENTE
1245 526 1568 594 XVII-103

208 767 372 833 784.
599 765 884 852 'Symon
943 765 1024 829 de
1084 764 1306 828 Toftes
1364 786 1482 849 per
1532 770 1938 827 attornatum
1991 787 2183 829 suum
2236 765 2407 850 petit
2460 787 2688 829 uersus
2806 763 2923 802 ΝΜ·

472 868 682 933 Adam
755 868 837 932 de
914 866 1163 953 Stagno
1236 875 1305 931 et
1379 866 1698 932 Thomam
1760 866 1995 932 Picher
2065 868 2237 953 quod
2311 867 2550 932 faciant
2626 868 2688 932 ei

469 969 966 1035 consuetudines
1025 977 1094 1033 et
1152 978 1331 1034 recta
1388 969 1664 1034 seruicia
1723 991 1850 1055 que
1911 971 1973 1034 ei
2036 971 2241 1034 facere
2302 970 2546 1035 debent
2604 970 2684 1035 de

472 1082 843 1139 tenemento
873 1072 1047 1159 quod
1076 1072 1156 1136 de
1189 1095 1264 1136 eo
1296 1081 1525 1137 tenent
1556 1072 1626 1136 in
1656 1073 2010 1159 uillenagio
2041 1074 2111 1137 in
2141 1074 2375 1138 TofteS.

601 1176 687 1240 Et
746 1175 872 1261 ipsi
930 1174 1208 1239 ueniunt
1268 1183 1336 1239 et
1387 1182 1783 1261 cognoscunt
1834 1174 2006 1261 quod
2058 1174 2287 1240 uillani
2338 1183 2506 1241 sunt.
2600 1177 2687 1241 Et

471 1281 715 1368 Symon
742 1280 1039 1345 concedit
1059 1279 1151 1344 eis
1180 1279 1354 1365 quod
1374 1287 1647 1347 teneant
1673 1283 2054 1345 tenementa
2082 1302 2201 1345 sua
2221 1280 2512 1345 faciendo
2535 1281 2685 1346 inde

466 1382 738 1448 seruicia
781 1405 907 1468 que
952 1380 1285 1467 pertinent
1328 1381 1414 1446 ad
1458 1380 1904 1469 uillenagium,
1933 1382 2032 1447 ita
2074 1391 2295 1447 tamen
2341 1383 2515 1469 quod
2557 1406 2687 1449 non

469 1488 627 1552 dent
678 1487 826 1573 plus
876 1486 946 1551 in
991 1486 1309 1551 auxilium
1354 1486 1435 1550 ad
1482 1486 1724 1550 festum
1769 1485 1831 1550 S.
1881 1486 2074 1550 Mich.
2121 1508 2239 1550 nec
2283 1509 2400 1572 per
2442 1509 2685 1551 annum

469 1613 664 1677 quam
713 1589 1067 1654 duodecem
1120 1588 1415 1653 denarios
1466 1587 1713 1653 scilieet
1765 1588 2044 1674 quilibet
2095 1588 2379 1674 ipsorum
2439 1597 2509 1654 et
2566 1589 2688 1654 hoc

470 1694 729 1759 nomine
760 1693 1026 1780 tallagii.

202 1805 365 1873 785.
598 1796 810 1861 ⁸Prior
839 1796 919 1861 de
949 1794 1380 1860 Wallinham⁴
1408 1794 1841 1860 summonitus
1876 1796 2006 1861 fuit
2044 1796 2127 1861 ad
2167 1795 2683 1882 respondendum
2804 1806 2923 1845 Nor&

469 1903 655 1966 Dom.
688 1900 857 1987 Regi
886 1923 1083 1986 quare
1114 1899 1389 1986 impedit
1420 1923 1571 1965 eum
1602 1908 1974 1986 presentare
2005 1900 2305 1965 idoneam
2346 1923 2684 1987 personam

466 2006 550 2070 ad
579 2004 913 2070 ecclesiam
943 2003 1024 2068 de
1056 2002 1502 2089 Bedingeham
1541 2003 1550 2090 Ι
1592 2026 1719 2089 (1110
1750 2012 1942 2069 uacat
1972 2012 2042 2069 et
2080 2004 2163 2069 ad
2205 2026 2388 2070 suam
2429 2011 2683 2090 spectat
2783 2019 2869 2068 [114
2883 2019 2939 2068 h]

467 2108 898 2173 donacionem.
991 2107 1079 2171 Et
1127 2107 1307 2171 Prior
1353 2129 1482 2170 non
1511 2106 1721 2171 'uenit
1772 2115 1911 2183 etc„
1960 2115 2029 2172 et
2080 2107 2513 2172 summonitus
2561 2115 2680 2172 etc.

467 2212 554 2275 Et
584 2211 739 2298 quia
766 2219 1026 2295 tempus
1065 2209 1264 2274 breue
1306 2217 1405 2273 est
1446 2217 1515 2274 et
1556 2210 1712 2296 quia
1751 2210 2019 2275 ecclesia
2057 2219 2266 2290 uacat,
2296 2210 2377 2275 de
2419 2210 2683 2276 consilio

466 2315 641 2380 curie
667 2314 1097 2400 distringatur
1126 2312 1295 2398 quod
1326 2312 1413 2376 sit
1442 2334 1483 2377 a
1511 2312 1648 2376 die⁶
1680 2320 1797 2378 etc.
1830 2335 1946 2398 per
1974 2321 2178 2378 terras
2207 2322 2275 2378 et
2307 2313 2556 2379 catalla.

216 2430 367 2495 786.
596 2418 941 2482 ‘’Ricardus
980 2416 1151 2481 filius
1193 2416 1513 2503 Stephani
1553 2416 1950 2481 attachiatus
1995 2416 2123 2482 fuit
2165 2417 2250 2482 ad
2293 2417 2680 2503 responden·
2777 2428 2938 2468 ”euon-

468 2522 625 2587 dum
676 2522 814 2586 Eue
865 2520 946 2585 de
999 2521 1245 2585 Breusa
1291 2544 1488 2607 quare
1541 2519 1793 2585 leuauit
1841 2520 2162 2607 quoddam
2208 2529 2564 2586 mercatum
2612 2522 2683 2587 in

470 2626 921 2692 Deretemuwe
966 2624 1049 2691 ad
1092 2633 1554 2690 nocumentum
1600 2625 1870 2690 mercati
1912 2625 2017 2689 sui
2061 2625 2140 2690 de
2186 2626 2585 2704 Tottenesse,
2615 2633 2685 2691 et

470 2754 668 2817 quare
698 2731 842 2817 capi
872 2730 1027 2796 fecit
1055 2730 1555 2796 eonsuetudines
1584 2737 1652 2794 et
1692 2729 1986 2795 namium
2025 2731 2202 2817 apud
2231 2731 2684 2797 Deretemuwe

469 2842 695 2898 contra
731 2834 1106 2898 libertatem·
1140 2833 1430 2898 eiusdem
1468 2833 1624 2898 uille
1664 2855 1793 2919 que
1832 2833 1978 2919 capi
2016 2834 2225 2898 solent
2266 2841 2430 2919 aput
2460 2833 2684 2898 Totte-

466 2962 665 3004 nesse.
759 2939 847 3003 Et
875 2938 1041 3004 bene
1072 2939 1367 3024 queritur
1407 2938 1579 3025 quod
1610 2961 1812 3003 naues
1843 2946 1912 3003 et
1941 2939 2339 3004 mercandise
2371 2961 2497 3024 que
2527 2938 2686 3003 uehi

466 3043 779 3109 deberent
808 3050 879 3107 et
905 3042 1151 3128 portari
1179 3049 1342 3127 aput
1382 3042 1765 3108 Tottenesse
1807 3052 2179 3108 arestantur
2217 3051 2381 3130 aput
2412 3042 2683 3108 Derete-

466 3168 694 3224 muwe‚
724 3154 792 3211 et
832 3144 928 3210 ibi
966 3145 1128 3210 dant
1167 3145 1665 3211 consuetudines
1710 3168 1860 3211 suas
1903 3169 2030 3232 que
2074 3146 2216 3211 dari
2260 3146 2573 3212 deberent
2617 3155 2686 3211 et

463 3250 673 3315 solent
702 3250 878 3336 apud
907 3250 1302 3323 Tottenesse,
1336 3257 1406 3314 et
1444 3248 1617 3314 unde
1647 3249 1810 3315 dicit
1840 3249 2012 3336 quod
2041 3258 2385 3337 postquam
2416 3250 2686 3316 heredes

464 3354 777 3419 Willelmi
807 3354 887 3419 de
918 3354 1166 3418 Breusa
1193 3354 1558 3419 extiterunt
1599 3354 1669 3418 in
1709 3377 1909 3420 manu
1939 3354 2125 3420 Dom.
2159 3355 2359 3442 Regis
2388 3355 2682 3419 leuatum

465 3466 564 3522 est
593 3464 951 3522 mercatum
981 3457 1162 3535 illud,
1192 3458 1365 3523 unde
1396 3458 1828 3523 deterioratus
1857 3466 1957 3523 est
1987 3465 2056 3524 et
2096 3458 2453 3544 dampnum
2484 3457 2685 3523 habet

464 3560 548 3624 ad
577 3559 938 3625 ualenciam
968 3582 1016 3625 0.
1050 3560 1163 3626 301.
1197 3568 1267 3625 et
1296 3560 1449 3625 inde
1480 3560 1782 3647 producit
1811 3569 2071 3627 sectam.

530 3746 548 3778 ¹
582 3746 685 3796 For
726 3745 835 3797 this
876 3748 1009 3798 term
1048 3746 1348 3799 A=Ooram
1386 3747 1523 3810 Rege
1690 3746 2105 3809 *Walsingham
2139 3745 2680 3808 Monast.vol.6,p.71.

462 3810 582 3861 Bon
602 3812 683 3863 40.
1689 3811 1711 3843 ⁶
1741 3811 1788 3860 A
1820 3811 2008 3860 month
2040 3812 2174 3861 from
2209 3809 2544 3861 Michaelmas
2577 3810 2683 3862 and

526 3875 549 3908 ²
579 3877 643 3927 A.
665 3891 734 3929 m.
766 3878 811 3928 1.
1624 3876 1667 3927 it
1689 3876 1736 3926 is
1758 3891 1877 3926 now
1898 3876 1988 3927 the
2009 3880 2202 3929 octavo.
2261 3876 2322 3926 A.

528 3941 739 3992 8Α.111.
766 3944 811 3994 1.
1689 3942 1710 3973 ⁶
1742 3940 2016 3992 A.m.2d.

95 4478 107 4646 ἱ
