3342 5217
534 475 675 538 armar,
698 472 762 525 an.
785 460 880 534 1222,
903 474 966 524 aa
989 461 1017 523 6.
1261 464 1323 524 125

222 647 328 713 Adam
353 656 387 713 ct
414 649 574 714 Katerina
599 655 714 714 tenent
737 647 876 734 capitale
900 648 1079 735 mesagium
1103 656 1138 712 et
1157 647 1180 733 j
1205 649 1327 712 molen-

220 750 334 816 dinum
350 759 384 816 et
399 758 464 816 tres
479 773 567 816 acras
582 759 666 816 terre
681 751 854 837 plusquam
868 750 955 836 ipsos
969 750 1132 838 contingit
1152 751 1271 816 habere
1290 751 1327 816 in

221 854 331 920 dotem
361 855 402 920 de
430 863 619 920 tenemento
648 855 787 941 predicti
816 855 917 920 Bricii
939 862 975 919 et
1000 856 1073 920 ideo
1096 855 1182 941 petit
1206 863 1327 920 terram

221 956 311 1022 illam
341 967 375 1022 et
402 957 625 1022 molendinum
655 957 733 1042 quia
761 957 849 1022 idem
880 957 1006 1023 Bricius
1035 981 1100 1022 non
1123 958 1240 1023 habuit
1264 957 1329 1023 nisi

221 1083 325 1126 unum
340 1062 562 1126 molendinum
576 1063 611 1126 in
626 1063 684 1127 illa
697 1061 784 1126 uilla

288 1165 331 1229 Et
346 1165 453 1230 Adam
468 1174 503 1230 et
519 1165 678 1231 Katerina
692 1165 832 1230 ueniunt
846 1174 882 1231 et
901 1165 1017 1230 dicunt
1038 1165 1124 1253 quod
1144 1165 1327 1253 predictum

219 1267 401 1354 menagium
423 1276 457 1332 et
477 1267 640 1353 predictas
662 1275 728 1331 tros
750 1289 840 1332 acras
861 1275 946 1332 terre
969 1276 1061 1333 tenet
1082 1269 1140 1332 illa
1160 1268 1195 1332 in
1216 1268 1326 1333 dotem
1340 1273 1398 1314 ΝΜ·
1405 1273 1462 1322 0³⁰⁶

1339 1330 1383 1359 non
1391 1321 1453 1360 babet

219 1392 278 1456 per
292 1369 546 1456 assignacionem
561 1377 595 1434 et
611 1369 815 1433 uoluntatem
830 1369 933 1455 ipsius
947 1370 1118 1435 Benedicti
1131 1394 1190 1458 per
1204 1379 1326 1437 cartam
1339 1368 1486 1453 {ffumomffl'

219 1497 311 1539 suam
327 1497 425 1560 quam
439 1474 561 1560 profert
576 1481 610 1538 et
625 1494 688 1559 que
704 1473 764 1537 hoc
779 1472 867 1537 idem
885 1482 1034 1539 testatur.
1080 1474 1124 1539 Et
1143 1475 1185 1540 de
1202 1476 1326 1540 molen·
1338 1461 1460 1555 difflui

219 1577 296 1642 dino
310 1577 424 1642 dicunt
439 1576 526 1663 quod
545 1599 610 1642 non
631 1585 745 1641 tenent
764 1576 848 1641 illud
870 1578 1001 1642 nomine
1021 1578 1107 1644 dotis
1124 1579 1224 1644 immo
1244 1579 1325 1644 illud
1338 1555 1453 1648 effi-'‘lieu'‘

219 1687 335 1745 tenent
357 1680 393 1745 in
416 1679 626 1765 maritagium
650 1701 690 1742 ex
710 1678 795 1743 dono
821 1679 969 1746 Danielis
988 1681 1029 1745 de
1054 1681 1244 1747 Stibbeheie
1267 1648 1476 1768 perirl'ffl*

219 1793 341 1848 cartam
370 1806 462 1849 suam
491 1806 590 1870 quam
614 1784 781 1869 proferunt
810 1790 846 1847 et
875 1805 939 1869 que
968 1793 1112 1849 testatur
1140 1784 1227 1871 quod
1254 1785 1325 1871 ipse
1338 1741 1464 1789 mm&

217 1887 344 1953 dimisit
372 1895 407 1952 et
429 1887 586 1952 concessit
606 1885 679 1951 Ade
702 1885 917 1971 dispensatori
938 1909 1013 1950 cum
1040 1887 1199 1952 Katerina
1220 1909 1325 1952 sorore

218 2014 278 2056 sua
299 1992 334 2056 in
353 1990 562 2077 maritagium
585 1989 807 2054 molendinum
829 1989 871 2054 de
894 1989 1112 2055 Schadewalle
1130 2014 1205 2056 cum
1225 1991 1324 2076 perti-

219 2093 341 2159 nenciis
363 2103 432 2171 etc,
454 2100 488 2158 et
514 2093 589 2157 inde
616 2098 734 2157 uocant
758 2115 834 2157 eum
861 2091 904 2157 ad
928 2101 1115 2158 warantum
1161 2094 1323 2171 Habeant,

218 2199 315 2264 datus
330 2207 380 2264 est
395 2207 454 2263 otc.

284 2304 328 2368 Et
357 2302 554 2367 Benedictus
582 2301 745 2388 cognoscit
777 2308 902 2364 cartam
930 2323 1023 2365 suam
1049 2300 1090 2364 de
1116 2301 1260 2387 mesagio
1288 2310 1324 2366 et

217 2403 258 2468 de
284 2413 378 2482 terra,
402 2413 437 2469 et
462 2404 535 2468 ideo
560 2403 657 2468 datus
681 2411 731 2467 cst
756 2409 815 2466 eta
843 2401 884 2466 de
909 2402 1072 2467 audiendo
1094 2402 1171 2467 inde
1203 2402 1324 2468 iudicio

216 2527 276 2570 suo
290 2505 332 2571 ad
346 2504 527 2591 predictum
543 2505 719 2570 terminum
734 2512 793 2569 etc

118 2622 167 2683 ⁶.
281 2610 393 2676 Assisa
407 2609 505 2694 xxiiij.
526 2609 620 2674 uenit
639 2608 846 2695 recognitum
862 2607 1089 2672 siWillelmus
1105 2607 1146 2672 de
1167 2609 1324 2674 Stactona
1385 2627 1444 2668 sun.

216 2723 311 2801 pater
341 2713 430 2778 Petri
459 2713 524 2778 fuit
549 2712 679 2777 eelsitus
702 2712 738 2776 in
766 2711 927 2776 dominico
955 2733 1014 2776 suo
1036 2721 1077 2776 ut
1099 2712 1140 2777 de
1166 2711 1259 2777 feodo
1281 2713 1323 2778 da

217 2923 367 2988 tinenciis
389 2921 424 2987 in
440 2921 603 2987 Saundres
617 2920 670 2985 die
693 2943 759 3007 qua
772 2920 855 2985 obiit
876 2929 936 2986 etc
955 2930 991 2985 et
1013 2921 1041 2986 si
1061 2931 1121 2986 etc
1144 2943 1242 3007 qnam
1257 2931 1323 2985 ter·

216 3047 286 3090 ram
312 3025 459 3090 Andreas
480 3023 521 3088 de
545 3023 708 3089 Saundres
735 3024 852 3100 tenuit,
875 3023 932 3109 qui
958 3024 1105 3109 queritur
1127 3024 1213 3110 quod
1235 3023 1322 3089 iura·

217 3136 302 3194 tores
325 3127 422 3194 assise
449 3128 490 3192 de
512 3137 616 3192 morte
641 3127 859 3206 antecessoris,
881 3150 945 3214 que
968 3127 1044 3192 inde
1067 3128 1265 3193 summonita
1286 3137 1322 3192 et

215 3237 312 3315 capta
335 3229 399 3292 fuit
428 3227 514 3292 inter
543 3227 672 3292 eosdem
695 3228 830 3292 Petrum
853 3227 1076 3292 etAndream
1098 3251 1205 3293 eoram
1228 3229 1321 3294 iusti·

215 3333 320 3398 ciariis
349 3332 466 3396 ultimo
495 3331 734 3410 itinerantibus,
764 3332 882 3396 falsum
910 3333 1057 3397 fecerunt
1084 3342 1321 3400 sacramentum

215 3447 274 3502 etc
291 3446 325 3502 et
341 3437 457 3502 Petrus
471 3460 536 3502 non
551 3437 644 3502 uenit
659 3446 693 3502 et
711 3445 761 3502 est
781 3437 867 3501 infra
885 3444 1009 3501 etatem
1029 3445 1064 3500 et
1083 3437 1156 3502 ideo
1175 3438 1324 3524 capiatur

214 3541 314 3605 assisa
335 3562 395 3625 per
414 3540 577 3604 defaltam
623 3539 667 3604 Et
689 3539 857 3605 sciendum
876 3539 962 3625 qnod
982 3540 1098 3605 Petrus
1117 3543 1324 3628 recuperauit

214 3667 273 3730 per
286 3642 466 3729 predictam
481 3643 613 3708 assisam
628 3643 809 3730 predictam
824 3650 953 3708 terram.

279 3746 449 3811 Juratores
478 3745 593 3811 dicunt
622 3746 708 3832 quod
738 3754 825 3810 terra
853 3745 910 3810 illa
938 3745 1003 3811 fuit
1032 3746 1169 3832 predicti
1191 3749 1321 3813 Andree
1334 3780 1471 3820 nomana

214 3857 249 3914 et
274 3850 361 3914 idem
391 3849 538 3914 Andreas
566 3849 657 3914 illam
686 3847 778 3914 dedit
807 3848 936 3913 cuidam
965 3849 1109 3915 Johanni
1137 3851 1229 3916 fratri
1255 3874 1320 3930 suo,
1334 3831 1453 3923 &tt-«ts

1311 3956 1317 3969 .
1333 3921 1484 3969 Μθωῑῑῠι

214 3951 396 4018 habendam
426 3952 488 4017 sibi
517 3960 552 4016 et
580 3951 754 4016 heredibus
783 3952 851 4016 suis
885 3951 927 4016 de
956 3952 1096 4038 quedam
1133 3953 1254 4019 femina
1290 3977 1321 4020 e1
1333 3967 1465 4063 fflffi

213 4054 292 4120 data
305 4055 340 4119 in
355 4077 497 4132 uxorem,
512 4062 546 4119 et
561 4054 644 4119 side
659 4054 716 4120 illa
729 4077 795 4118 non
815 4054 949 4119 haberet
964 4054 1116 4120 heredem
1131 4056 1171 4120 de
1191 4080 1320 4144 corpore
1333 4061 1426 4149 m·

212 4182 279 4236 suo,
309 4167 389 4223 tunc
417 4158 533 4222 debuit
570 4167 657 4223 terra
685 4159 744 4224 illa
779 4159 902 4223 reuerti
930 4159 973 4224 ad
1008 4160 1116 4246 ipsum
1144 4163 1320 4231 Andrenm,

212 4261 307 4328 Idem
330 4260 497 4326 Johannes
518 4260 601 4326 obiit
623 4261 692 4326 sine
712 4261 830 4326 herede
852 4262 893 4327 de
914 4283 958 4339 se,
972 4271 1007 4326 et
1028 4263 1176 4330 Andreas
1196 4268 1320 4353 recepit

367 4469 376 4502 ¹
396 4469 430 4520 So
441 4468 485 4518 Br.
499 4467 518 4520 f.
531 4469 578 4518 314
591 4467 616 4531 b,
630 4467 691 4531 quia
703 4467 795 4518 scienti
806 4470 832 4520 et
844 4466 944 4519 uolenti
955 4483 1009 4518 nou
1020 4469 1050 4519 fit
1061 4467 1164 4521 iniuria
