3342 5217
518 483 653 544 maran,
678 483 742 530 au.
768 469 861 543 1222,
884 481 947 529 an.
971 469 998 530 6.
1246 467 1307 532 147

205 659 369 747 predictus
393 657 553 724 Henricus
576 679 640 720 non
662 663 770 739 potest
793 653 886 718 hereo
905 675 974 717 esse
994 655 1071 740 quia
1088 654 1156 739 ipse
1172 663 1222 719 est
1236 655 1307 720 bae
1364 695 1368 701 ·

207 763 323 828 tantun
371 764 414 827 Et
429 763 512 828 alius
528 760 702 825 Henricus¹
718 759 804 844 quod
819 758 900 822 alias
919 758 983 822 fuit
998 757 1067 843 ipsc
1089 759 1251 824 Hauricus
1273 761 1307 825 in

205 866 295 931 curia
309 875 344 930 et
359 865 486 952 loquela
500 865 534 929 in
549 864 639 930 curia
658 861 840 949 querelam*
853 859 929 926 hinc
942 860 1028 936 inde,
1042 869 1077 926 et
1088 870 1167 927 tunc
1182 863 1306 929 nullam

207 969 406 1034 mencionem
422 968 499 1034 fecit
514 967 554 1032 de
569 965 733 1032 bastardie
748 973 782 1030 et
796 965 856 1029 hoc
870 964 956 1050 petit
970 964 1033 1029 sibi
1047 964 1183 1030 allocari

272 1073 315 1138 Et
338 1072 499 1136 Henricus
517 1070 557 1134 de
578 1069 746 1134 Naffordia
761 1069 840 1133 dicit
855 1069 942 1154 quod
955 1091 1021 1133 non
1035 1068 1134 1134 debet
1148 1069 1180 1134 ei
1194 1093 1307 1136 nocere

206 1177 285 1264 quia
306 1176 386 1241 aliea
409 1175 493 1240 dixit
515 1174 584 1260 ipse
608 1173 695 1260 quod
718 1195 783 1237 non
804 1173 869 1236 fuit
891 1173 984 1237 heres
1005 1173 1136 1239 Ricardi
1158 1197 1217 1240 nec
1239 1197 1308 1240 esse

206 1281 316 1368 potuit
331 1287 365 1344 et
380 1278 485 1343 adhuc
499 1277 586 1342 idem
602 1275 682 1342 dicit
697 1277 774 1364 quia
788 1285 838 1342 est
852 1276 1029 1342 baatardua

273 1384 351 1448 Post
365 1383 458 1447 uenit
473 1382 634 1446 Henricua
649 1381 689 1447 de
705 1381 894 1447 Glannuilla
911 1403 970 1466 per
990 1389 1191 1446 attornatum
1213 1405 1309 1446 suurn

208 1495 243 1554 et
254 1486 348 1574 ponit
363 1507 396 1550 se
408 1485 442 1549 in
457 1507 609 1572 magnam
623 1485 755 1551 assisam
770 1483 893 1550 domini
908 1485 1007 1571 Regis
1022 1494 1056 1549 et
1066 1485 1152 1571 petit
1166 1486 1310 1572 recogni-

208 1591 333 1655 cionem
348 1589 419 1654 fieri
434 1588 506 1675 quis
521 1611 632 1654 eorum
646 1589 752 1653 maius
765 1587 817 1652 ius
831 1587 951 1652 habeat
961 1587 996 1652 in
1011 1595 1098 1653 terro
1111 1588 1174 1653 illa

146 1713 159 1772 s
175 1711 193 1775 3
209 1707 217 1766 ι
231 1741 242 1753 .
274 1692 393 1758 Vitalis
407 1691 553 1776 Engaun'
568 1712 626 1776 per
639 1698 841 1756 attomatnm
852 1713 947 1756 anum
958 1691 1044 1777 petit
1053 1714 1166 1758 uersus
1176 1693 1310 1757 Petrum
1378 1709 1400 1750 ὀ
1419 1737 1425 1748 ·

208 1796 313 1862 filium
336 1794 510 1860 Hereberti
531 1794 665 1858 terciam
687 1800 813 1878 partem
834 1792 972 1858 duamm
989 1803 1211 1859 carucatarum
1226 1803 1310 1859 terre

208 1921 284 1964 cum
306 1897 514 1984 pertinenciis
534 1896 569 1962 in
591 1897 663 1961 Mor
685 1905 724 1960 ut
746 1896 797 1960 ius
818 1917 915 1960 suum
937 1903 997 1960 etc.
1014 1905 1050 1960 et
1066 1905 1106 1961 ut
1120 1897 1209 1963 illam
1223 1898 1311 1963 unde

208 2002 392 2067 Willelmua
409 2001 450 2066 de
471 2001 633 2067 Chesneto
653 1999 716 2064 fuit
731 1999 861 2064 seiaitus
874 2006 914 2063 ut
929 1999 969 2065 de
984 2000 1077 2065 feodo
1092 2010 1127 2065 et
1141 2002 1211 2067 iure
1227 2002 1310 2067 etin

208 2105 368 2171 dominico
383 2112 528 2190 tempore
548 2105 590 2169 H„
607 2105 707 2192 Regis
728 2104 784 2169 aui
806 2103 929 2168 domini
951 2103 1050 2191 Regis
1071 2105 1227 2192 capiendo
1250 2114 1310 2171 etc.

208 2209 303 2275 Idem
329 2209 512 2274 Willelmuo
541 2208 658 2273 habuit
687 2215 752 2272 tres
781 2207 865 2272 filias
893 2207 1016 2273 scilicet
1046 2207 1240 2296 Margeriam
1270 2210 1312 2274 de

209 2315 326 2400 cressy
339 2323 374 2380 et
389 2313 607 2380 Clemenciam
622 2321 657 2378 et
679 2313 807 2379 Sarrum
829 2323 1015 2399 postnatam
1037 2337 1100 2400 que
1122 2315 1187 2379 fuit
1207 2324 1312 2380 mater

209 2420 312 2507 ipsius
336 2419 456 2484 vitalis
480 2419 599 2505 quibus
624 2417 675 2483 ius
700 2427 785 2483 terre
809 2418 898 2483 illiue
922 2419 1089 2484 descendit
1112 2418 1199 2484 unde
1224 2419 1311 2505 petit

208 2523 342 2588 terciam
364 2530 490 2608 partem
512 2521 602 2586 illam
624 2531 663 2586 ut
683 2529 808 2608 partem
824 2543 914 2586 suam
931 2543 995 2608 que
1009 2543 1082 2586 earn
1096 2522 1257 2608 contingit
1270 2523 1311 2587 de

208 2625 390 2691 hereditate
410 2625 549 2711 predicti
564 2625 721 2690 Willelmi
742 2647 801 2712 per
821 2625 1000 2711 predictam
1023 2625 1152 2691 Sanam
1174 2634 1311 2692 matrem

208 2751 301 2794 cuam
317 2737 352 2792 et
367 2728 454 2814 quod
468 2727 517 2792 ita
530 2728 574 2792 cit
589 2735 647 2792 etc

275 2829 320 2895 Et
344 2829 462 2894 Petrus
490 2851 548 2916 per
576 2837 777 2894 attornatum
807 2851 903 2895 auum
932 2831 1025 2895 uenit
1054 2840 1089 2896 et
1117 2831 1198 2897 dicit
1226 2833 1313 2918 quod

208 2957 275 3000 non
288 2932 388 3000 debet
403 2934 433 2999 ei
447 2932 638 3020 respondere
652 2933 694 2998 cd
714 2933 774 2998 hoc
793 2934 901 3011 breue,
916 2934 994 3020 quia
1015 2933 1085 3021 ipse
1104 2935 1223 3000 Vitalis
1242 2931 1314 3021 qui¹

208 3039 373 3126 cognoscit
406 3038 493 3125 quod
522 3037 607 3123 petit
636 3043 755 3100 terram
785 3035 874 3100 illam
904 3046 943 3101 ut
973 3036 1008 3101 in
1044 3047 1193 3124 proparte
1229 3060 1314 3103 coro*

207 3165 290 3219 rum,
306 3151 340 3207 et
353 3141 455 3206 amite
476 3161 534 3204 sue
549 3138 671 3204 scilicet
691 3139 851 3226 Margarie
870 3150 906 3205 et
925 3139 1110 3207 Clemencie
1127 3165 1192 3206 non
1211 3143 1314 3207 nomi·

208 3254 331 3310 nentur
344 3245 380 3308 in
394 3243 487 3310 breui
500 3242 627 3307 desicut
640 3241 813 3327 participes
827 3251 905 3307 aunt
924 3243 966 3308 de
980 3243 1161 3309 hereditate
1177 3245 1315 3331 predicti

211 3349 367 3414 Wiilelmi
387 3356 422 3412 et
441 3348 513 3414 ideo
532 3346 618 3433 petit
637 3344 793 3410 iudicium
814 3345 842 3409 si
861 3345 979 3410 debeat·
998 3348 1041 3413 od
1062 3348 1123 3413 hoc
1144 3349 1243 3414 breue
1265 3371 1313 3412 re-

208 3452 375 3539 spondere.

277 3557 322 3621 Et
336 3555 453 3620 Vitalia
467 3554 547 3619 dicit
563 3553 650 3640 quod
670 3553 730 3618 hoc
751 3575 816 3618 non
837 3553 937 3619 debet
958 3555 990 3619 ei
1011 3577 1124 3621 nocere
1147 3556 1224 3642 quia
1244 3555 1314 3641 ipse

209 3681 276 3724 non
299 3657 420 3723 clamat
441 3657 504 3722 niei
526 3666 652 3744 partem
678 3679 770 3721 suam
796 3664 831 3722 et
854 3658 955 3722 amite
978 3681 1037 3724 sue
1060 3659 1183 3724 habent
1205 3669 1315 3745 purten

209 3784 286 3828 suaa
299 3770 335 3826 et
354 3760 439 3847 petit
459 3760 623 3826 iudicium.
670 3761 918 3827 consideratum
940 3762 1099 3848 estquod
1120 3763 1314 3849 respondeat

210 3865 289 3952 quia
303 3863 422 3928 Vitalis
435 3886 500 3929 non
515 3864 634 3930 clamat
648 3865 712 3929 nisi
726 3873 853 3951 partem
868 3865 983 3930 auam‘.

276 3968 320 4032 Et
335 3968 451 4032 Petrus
466 3968 559 4034 uenit
573 3975 608 4033 at
622 3968 703 4032 dicit
718 3967 804 4054 quod
824 3977 919 4032 tenet
933 3976 1053 4032 terram
1067 3969 1157 4033 illam
1171 3977 1210 4032 ut
1224 3967 1314 4034 illam

210 4093 274 4158 que
289 4072 320 4137 ei
334 4071 413 4136 data
427 4072 490 4136 fuit
505 4073 539 4136 in
554 4070 763 4158 maritagium
779 4094 853 4136 cum
868 4072 975 4136 Alicio
988 4095 1087 4136 uxore
1101 4072 1172 4136 eius
1186 4079 1219 4137 et
1238 4071 1315 4136 inde

211 4185 308 4240 uocat
335 4175 378 4241 ad
401 4181 581 4241 warantum
607 4175 826 4240 Herebcrtum
852 4175 957 4240 filium
982 4199 1078 4240 auum
1104 4191 1139 4240 et
1164 4175 1315 4241 heredem

211 4277 332 4343 habeat
346 4301 423 4344 eum
437 4301 459 4343 a
472 4279 525 4344 die
540 4286 601 4343 etc.

407 4433 418 4466 ¹
435 4433 534 4498 Supply
545 4435 617 4484 dicit.
822 4434 833 4467 ³
849 4435 922 4484 emit
932 4436 985 4498 qui.

407 4498 603 4563 ’Supplyfor't
822 4500 980 4550 *scenae
993 4500 1050 4550 429.

1125 4606 1230 4667 10-2
