3342 5217
205 94 318 159 eodem
333 94 446 180 stipite
461 102 500 158 ut
514 92 719 181 sooeagium¹,
734 94 788 158 uel
803 93 831 157 si
846 116 909 157 non
931 92 994 158 fuit
1014 92 1135 179 partita
1154 93 1239 158 siout
1259 94 1316 158 ills.

205 220 302 284 quam
317 198 387 284 ipse
402 197 549 284 Rogerus
569 205 604 263 et
623 204 840 261 anteoessores
862 196 913 261 sui
935 204 1114 262 tenuerunt
1135 219 1194 283 per
1214 197 1313 262 serui-

204 300 290 365 eium
313 300 464 377 militare,
479 309 514 365 et
533 300 648 365 ueniet
669 298 840 385 inquisicio
862 320 882 363 a
903 298 956 363 die
979 308 1037 365 ete.
1054 323 1112 386 per
1132 299 1258 366 litteras
1281 310 1316 366 et
1382 326 1385 333 ’

203 424 262 488 per
286 401 374 467 duos
420 402 551 468 Postea¹
572 424 593 467 a
614 401 668 467 die
689 412 749 467 eta
773 401 867 466 uenit
889 401 1060 487 inquisioio
1082 425 1146 489 que
1168 403 1243 468 telis
1265 412 1316 469 est

203 507 289 592 quod
303 507 450 593 predicta
464 515 550 573 terra
564 529 731 593 nunquam
746 506 810 571 fuit
829 506 953 593 partita
972 506 1172 592 temporibus
1193 507 1315 594 sliquo-

202 632 276 675 rum
290 619 528 677 antecessorum
543 634 664 691 eorum,
678 618 713 677 et
728 612 815 698 quod
828 611 994 697 predictus
1009 610 1156 697 Rogerus
1172 618 1207 675 et
1222 618 1314 676 ante-

202 714 363 801 cessores!
384 714 435 779 sui
449 714 674 780 terramillam
695 722 873 779 tenuerunt
893 736 952 800 per
970 713 1144 779 seruioium
1164 714 1314 792 militare,

203 824 237 881 et
251 816 412 883 dederunt
426 827 461 884 et
476 819 557 885 dant
570 819 613 884 ed
627 820 810 906 scutagium
831 819 961 906 quando
981 825 1032 883 est
1051 817 1093 883 sd
1108 818 1148 883 xl.
1166 817 1221 885 sol.
1236 819 1311 885 dim

80 983 93 1012 ,ἱ
203 940 350 984 maroam
396 920 441 985 Et
455 920 528 986 ideo
542 921 780 987 consideratum
795 919 947 1007 estquod
964 928 1114 984 tenentes
1130 926 1264 985 teneant
1279 920 1313 985 in

101 1029 105 1038 ’
202 1044 290 1107 paee,
304 1031 340 1087 et
353 1024 516 1089 Robertus
529 1025 566 1090 in
579 1025 804 1092 misericordis

145 1177 152 1189 .
267 1125 382 1215 'Hugo
405 1129 509 1194 Waok
532 1130 654 1216 optulit
676 1153 711 1195 se
734 1130 813 1217 iiijw.
839 1130 891 1197 die
916 1153 1029 1196 uersus
1054 1129 1248 1215 Margeriam
1272 1129 1313 1201 de
1387 1167 1402 1195 u

203 1233 347 1300 Feritate
362 1243 396 1300 et
407 1236 610 1301 Willelmum
624 1236 665 1302 de
681 1237 782 1323 Peroy
796 1236 837 1301 de
852 1236 972 1322 placito
987 1236 1074 1321 quod
1088 1235 1154 1299 sint
1169 1234 1212 1299 ed
1228 1256 1312 1299 oom-

202 1339 385 1424 putandum
407 1340 504 1405 simul
527 1364 602 1406 eum
628 1340 736 1407 Alicio,
760 1341 801 1406 de
824 1342 926 1405 Moun
948 1349 982 1405 et
1004 1339 1149 1426 predicto
1171 1340 1313 1425 Hugone

202 1464 300 1528 super
318 1443 404 1529 xviij.
421 1444 473 1510 lib.
490 1452 575 1510 terre
595 1468 659 1530 que
679 1444 743 1531 ipsi
765 1444 901 1531 Hugoni
923 1444 1042 1509 desunt
1064 1443 1104 1507 de
1127 1442 1314 1507 racionabili

202 1554 295 1632 perte
315 1570 374 1612 sua
393 1569 457 1633 que
477 1570 553 1613 eum
573 1548 735 1636 contingit
754 1548 795 1613 de
816 1549 912 1613 terris
932 1571 995 1635 que
1010 1549 1143 1613 fuerunt
1157 1548 1314 1612 Willelmi

203 1647 344 1714 Briwere
373 1658 443 1728 eto,
468 1659 503 1715 et
532 1651 619 1716 unde
644 1652 732 1717 idem
759 1652 859 1738 Hugo
889 1651 1036 1737 queritur
1065 1651 1150 1739 quod
1175 1650 1314 1737 predicti

204 1754 366 1840 Margerin
380 1755 564 1821 Willelmus
578 1765 613 1821 et
627 1756 735 1822 Alicio
752 1757 826 1842 plus
846 1756 970 1822 habent
990 1779 1088 1842 quam
1105 1756 1147 1821 ad
1166 1756 1252 1841 ipsos
1272 1754 1313 1819 de

204 1856 274 1921 iure
300 1857 445 1943 pertinet
469 1857 669 1933 habendam,⁴
695 1867 754 1924 eto
799 1859 845 1923 Et
874 1860 936 1945 ipsi
965 1882 1030 1924 non
1058 1866 1221 1925 uenerunt
1249 1866 1312 1924 ete.

205 1960 228 2024 J
229 1960 372 2025 udicium
387 1960 610 2026 attachientur
623 1961 709 2047 quod
725 1962 791 2027 sint
806 1986 827 2027 a
840 1962 893 2027 die
909 1972 968 2029 etc.

146 2117 154 2129 .
271 2061 452 2128 'dohannes
471 2063 558 2129 filius
577 2064 715 2130 Galiiidi
733 2065 950 2131 summonitus
970 2066 1034 2130 fuit
1056 2066 1097 2130 ad
1119 2064 1312 2151 responden·
1394 2102 1435 2133 ur

205 2165 285 2232 dum
307 2169 450 2234 Hem-ico
470 2168 512 2235 de
537 2169 718 2235 Kemeseek
741 2192 841 2256 quare
867 2192 932 2234 non
955 2170 1119 2256 permittit
1142 2193 1217 2235 eum
1241 2192 1312 2255 pre-

204 2279 332 2337 sentare
365 2272 550 2339 iodoneem⁸
578 2296 747 2359 personam
776 2273 819 2338 ad
848 2272 1014 2338 ecclesiam
1044 2271 1085 2337 de
1121 2272 1314 2339 Eettilburia

205 2396 268 2459 que
291 2383 387 2441 uacat
408 2384 443 2441 et
464 2377 506 2443 ed
528 2400 621 2443 suam
642 2386 770 2464 spectat
789 2377 996 2443 donationem
1018 2386 1056 2441 ut
1073 2376 1161 2455 dicit,
1177 2385 1211 2442 et
1225 2377 1312 2442 unde

203 2478 291 2543 idem
307 2479 469 2545 Henrieus
483 2481 632 2567 queritur
647 2482 733 2568 quod
748 2505 822 2547 oum
838 2504 943 2568 nuper
957 2480 1162 2567 recuperauit
1176 2481 1312 2546 aduoca-

203 2584 326 2649 tionem
340 2584 430 2650 illam
445 2609 504 2672 per
517 2586 672 2653 defaltum
687 2610 802 2654 uersus
816 2588 981 2675 Rogerum
1002 2586 1042 2652 de
1063 2585 1264 2651 Daunteseia
1279 2594 1313 2651 et

203 2686 399 2753 Matillidem
423 2712 556 2755 uxorem
582 2691 653 2757 eius
677 2692 712 2757 in
738 2692 829 2758 ouria
854 2692 949 2757 Dom.
973 2690 1073 2777 Regia
1098 2698 1180 2777 aput
1206 2691 1312 2756 West·

202 2794 444 2874 monasterium,
480 2794 550 2881 ipse
586 2795 762 2881 impediuit
798 2818 875 2861 eum
911 2802 1105 2881 presentare,
1142 2794 1191 2858 ita
1226 2793 1313 2879 quod

202 2919 261 2983 per
275 2896 535 2983 inpedimentum
549 2898 632 2964 illud
652 2899 868 2966 deterioratus
887 2906 938 2964 est
959 2906 994 2965 et
1013 2898 1191 2984 dampnum
1212 2897 1313 2963 habet

202 2999 245 3065 sd
259 2999 440 3066 ualenciam
455 3025 482 3069 c.
496 3004 552 3068 ool.

268 3104 313 3168 Et
341 3104 508 3171 Johannes
536 3107 630 3173 uenit
660 3115 694 3172 et
717 3106 799 3172 dicit
828 3106 916 3193 quod
944 3106 1030 3171 iuste
1060 3106 1207 3192 impedit,
1236 3104 1313 3192 quia

201 3208 337 3274 eeclesia
365 3208 423 3275 illa
451 3210 595 3295 pertinet
623 3211 666 3276 ed
695 3210 858 3298 quoddam
884 3211 1043 3297 hospitale
1071 3211 1112 3275 de
1136 3210 1313 3275 Tilleburie

201 3313 289 3401 quod
303 3313 468 3379 Galfiidus
481 3324 576 3401 pater
589 3340 667 3381 suus
682 3317 760 3381 fecit
774 3316 815 3382 de
830 3315 1008 3403 perquisito
1024 3338 1090 3393 su0,
1106 3325 1140 3379 et
1155 3314 1312 3401 perquisi-

200 3425 274 3481 tum
289 3417 392 3504 patris
406 3418 458 3483 sui
472 3418 519 3483 ei'
533 3420 689 3485 remansit
708 3442 767 3506 per
786 3419 885 3485 finem
906 3420 1029 3484 fantum
1050 3418 1086 3483 in
1108 3415 1197 3482 curia
1219 3416 1310 3480 Dom

234 3562 596 3617 ¹Itseemstobaassumod
606 3564 733 3618 thatun
815 3565 864 3616 7Β
899 3566 944 3617 the
960 3566 1012 3616 fine
1029 3564 1099 3615 John
1116 3563 1173 3614 Fitz
1194 3563 1312 3627 Geofirey

199 3628 639 3695 generalmlesoeageispartible.
782 3632 845 3695 kept
887 3630 976 3682 eland
983 3632 1126 3695 purchased
1134 3629 1167 3692 by
1175 3627 1216 3677 his
1226 3627 1312 3679 father

234 3693 538 3760 'Poeteafromflilary
546 3701 623 3747 term.
783 3697 902 3759 Geoflrey
918 3696 976 3746 riez
992 3696 1074 3754 Peter,
1091 3694 1154 3745 Earl
1169 3694 1200 3743 of
1218 3693 1306 3745 Esses

234 3756 246 3789 ⁸
261 3759 293 3808 Δ.
305 3774 341 3809 m.
354 3761 393 3810 14.
783 3762 864 3812 Msud
886 3762 944 3811 wife
966 3761 995 3810 of
1019 3760 1103 3822 Roger
1130 3760 1266 3823 Dauntsey
1287 3759 1310 3809 is

235 3824 409 3888 *habendum
422 3827 454 3876 A.
783 3824 1307 3887 John’shalf-siater.1)ugdsaron.vol.

234 3888 246 3921 ⁶
261 3891 293 3941 L
303 3905 340 3941 m.
352 3893 392 3941 14.
783 3893 807 3952 1,
818 3907 844 3956 p.
857 3892 913 3943 705.

234 3955 246 3988 ⁰
261 3956 385 4019 idoneam,
398 3957 428 4009 A.

1116 4058 1223 4121 tte-2
