3342 5217
420 487 654 550 ursmarum,
675 485 740 538 an.
765 475 859 550 1229,
880 488 943 538 aa
969 475 1105 538 lte-14.
1250 471 1316 541 297

209 659 376 747 legitimus
392 667 441 723 esi
456 667 491 722 et
505 657 592 744 petit
606 657 763 722 iudicium
778 658 806 722 si
820 657 940 722 debeat
954 667 1015 722 etc.
1030 657 1156 722 desicut
1175 657 1245 743 ipse
1265 665 1317 723 esi

209 765 311 828 frater
324 787 401 828 suus
416 773 450 828 et
465 771 644 849 posinatus

276 869 320 932 Et
342 868 526 933 Willelmus
548 867 627 932 dicit
649 867 736 954 quod
757 867 922 953 predictus
942 866 1110 932 Johsnnes
1131 888 1196 932 non
1217 867 1316 933 debet

210 991 279 1034 esse
302 970 395 1034 heres
417 969 555 1056 predicti
580 970 711 1035 Ricardi
733 968 810 1055 quia
832 977 929 1034 natus
952 969 1018 1034 fuit
1043 979 1219 1056 antequam
1244 992 1316 1055 pre·

209 1072 318 1137 dictus
340 1073 498 1138 Ricardus
522 1081 659 1138 matrem
686 1095 778 1138 suam
804 1072 1029 1158 desponsasset
1055 1071 1108 1136 et¹
1137 1072 1196 1137 tali
1221 1073 1316 1138 modo

209 1173 254 1236 sit
268 1171 439 1236 bastardus
454 1173 548 1237 offert
564 1179 624 1236 etc.

276 1274 319 1337 Et
349 1274 514 1338 Johannes
544 1273 623 1338 dicit
649 1273 736 1359 quod
765 1273 932 1359 legitimus
961 1283 1011 1338 est
1041 1282 1075 1339 et
1104 1273 1191 1360 quod
1219 1283 1317 1339 natus

209 1375 274 1440 fuit
302 1385 474 1462 postquam
503 1385 610 1442 maier
638 1399 697 1441 sua
723 1376 787 1441 suit
816 1376 961 1461 predicto
987 1376 1125 1441 Ricardo
1150 1376 1237 1462 patri
1258 1399 1316 1441 suo

209 1477 404 1564 desponsata
425 1487 459 1542 ei
481 1479 567 1564 quod
590 1480 650 1544 hoc
671 1478 822 1564 probabit
846 1479 903 1543 ubi
929 1487 964 1544 et
985 1479 1114 1565 quando
1136 1487 1171 1543 et
1194 1479 1229 1543 in
1252 1502 1318 1564 qun

209 1582 300 1646 curia
314 1591 375 1646 etc.

107 1701 119 1714 '
146 1747 154 1759 ,
277 1685 367 1750 Prior
403 1687 443 1751 de
474 1687 623 1752 Mertons
651 1709 709 1772 per
737 1695 939 1751 attornatum
968 1709 1063 1752 suum
1093 1686 1178 1772 petii
1205 1707 1318 1750 uersus

209 1789 370 1854 Jacobum
390 1789 431 1854 de
451 1789 677 1856 Chelewurihe
693 1789 717 1873 j.
734 1789 939 1876 mesuagium
957 1813 1032 1854 cum
1054 1798 1134 1876 peri.
1150 1789 1186 1853 in
1200 1788 1316 1854 Ohele·

209 1893 336 1958 wurthe
359 1893 445 1980 quod
467 1895 586 1959 clamat
607 1917 676 1960 esse
698 1893 749 1959 ius
771 1895 904 1959 ecclesie
927 1916 984 1959 suo
1007 1902 1042 1958 et
1063 1893 1099 1958 in
1122 1892 1208 1978 quod
1228 1892 1316 1957 idem

208 1997 233 2062 J
234 1998 353 2063 scobus
367 2022 431 2064 non
447 1999 546 2065 habet
561 1999 740 2086 ingressum
757 1999 820 2063 nisi
836 2021 894 2084 per
908 1998 1090 2062 Walterum
1105 1997 1316 2062 Aurifabrum

208 2108 246 2166 et
261 2101 405 2166 Seildam
420 2124 552 2168 uxorem
571 2103 641 2168 eius
656 2102 774 2188 quibus
788 2102 937 2166 Andreas
956 2102 996 2168 de
1012 2102 1207 2168 Krickelnde
1225 2101 1315 2166 illam

209 2202 336 2268 dimisis
351 2204 429 2268 dum
445 2205 507 2269 fuit
519 2205 678 2270 firmarius
693 2204 795 2290 ipsius
810 2203 928 2268 Primis
942 2204 977 2268 in
989 2203 1103 2269 eadem
1117 2204 1198 2269 uilla
1211 2212 1270 2269 etc
1291 2203 1298 2290 Ι

276 2305 336 2370 'Et
346 2306 487 2372 Jacobus
498 2308 591 2372 uenit
603 2317 637 2372 et
653 2307 800 2373 defendit
810 2306 862 2372 ius
873 2329 968 2376 suum
979 2315 1014 2372 ct
1025 2306 1125 2372 talem
1136 2307 1316 2394 ingressum

209 2417 245 2473 et
257 2408 336 2474 dicio
348 2409 434 2496 quod
448 2433 513 2475 non
528 2410 628 2475 habet
643 2411 823 2498 ingressum
835 2419 870 2475 et
882 2433 940 2497 per
953 2433 1008 2476 eos
1021 2410 1121 2476 nichil
1132 2411 1252 2475 clamat
1265 2419 1317 2475 set

209 2536 271 2600 per
289 2513 431 2578 Priorem
447 2513 569 2602 Thomc
590 2523 625 2579 et
641 2514 850 2581 Conuentum
871 2514 910 2580 de
926 2515 1100 2580 Mertouna
1118 2515 1175 2600 qni
1189 2537 1317 2580 mesua-

208 2619 302 2706 gium
322 2617 404 2682 illud
424 2617 454 2682 ei
473 2627 698 2684 concesserunt
713 2619 890 2685 tenendum
902 2642 962 2706 per
974 2641 1025 2684 xv,
1040 2619 1111 2684 den.
1122 2641 1181 2705 per
1194 2642 1316 2683 annum

209 2721 251 2786 de
266 2719 410 2806 predicto
425 2721 534 2786 Priore
549 2730 584 2786 et
600 2721 773 2787 Conuentu
794 2745 852 2809 pro
869 2723 894 2808 j.
910 2745 1017 2788 marca
1038 2744 1135 2807 quam
1157 2721 1204 2786 eis
1225 2722 1317 2787 dedit

208 2849 267 2912 pre
282 2825 432 2891 manibus
446 2835 480 2891 et
495 2826 572 2892 inde
587 2827 679 2913 ponit
694 2850 727 2892 se
743 2849 841 2914 super
854 2826 1001 2912 patriam.

277 2927 320 2992 Er
334 2927 499 3014 predictus
514 2930 605 2994 Prior
619 2952 677 3015 per
690 2937 893 2994 automatum
907 2950 1002 2992 suum
1017 2927 1097 2993 dicit
1111 2926 1197 3014 quod
1216 2926 1317 2993 habet

208 3031 391 3118 ingressum
420 3055 479 3118 per
507 3032 690 3117 predictum
713 3031 896 3096 Walterum
925 3039 1086 3116 utsupra
1110 3038 1233 3095 etnon
1258 3052 1317 3115 per

208 3132 393 3219 predictum
420 3134 576 3198 Thomam
601 3134 744 3199 Priorem
770 3143 805 3200 et
830 3135 1038 3201 Conuentum
1064 3142 1098 3199 et
1122 3133 1198 3198 inde
1223 3133 1317 3220 ponii

208 3261 245 3302 se
265 3259 361 3324 super
381 3238 527 3303 iuratam.
575 3239 618 3304 Er
639 3239 712 3304 ideo
734 3248 924 3326 preceptum
945 3239 1016 3305 est⁸
1037 3239 1124 3325 quod
1144 3239 1316 3304 conuenire

209 3341 309 3406 faciat
328 3365 435 3406 coram
455 3365 489 3409 se
512 3344 566 3430 xij.
582 3351 651 3408 tam
665 3343 787 3408 milites
802 3353 861 3409 esc
878 3345 918 3409 de
933 3345 1062 3410 uisneto
1083 3344 1124 3408 de
1145 3343 1317 3409 chedeles-

210 3444 337 3509 wurthe
366 3465 425 3530 per
453 3468 532 3531 quos
558 3454 617 3510 etc.
641 3453 675 3511 ei
704 3468 763 3531 per
791 3468 903 3510 eorum
932 3454 1169 3510 sacramentum
1198 3453 1257 3509 etc
1288 3445 1316 3510 si

209 3549 377 3636 predictus
404 3549 546 3614 Jacobus
575 3550 665 3614 aliud
693 3550 744 3614 ius
773 3552 828 3615 uel
858 3550 959 3614 alium
988 3549 1167 3636 ingressum
1197 3548 1317 3614 habeat

208 3652 245 3717 in
261 3652 463 3738 mesuagium
478 3651 560 3716 illud
574 3651 637 3716 nisi
652 3675 711 3738 per
720 3652 903 3738 predictum
915 3652 1096 3717 Walterum
1106 3652 1316 3718 Aurifabrum

207 3763 245 3820 ei
269 3755 412 3820 Seiidam
434 3777 566 3818 uxorem
588 3755 658 3820 eius
674 3756 792 3841 quibus
814 3755 978 3841 predictus
997 3755 1145 3820 Andreas
1165 3756 1248 3821 illud
1267 3756 1317 3820 di·

208 3857 300 3924 misit
322 3867 381 3922 etc
405 3858 482 3923 dum
505 3858 568 3922 fuit
590 3858 749 3924 firmarius
771 3867 830 3924 etc.
853 3859 940 3924 unde
966 3858 1053 3924 idem
1074 3860 1216 3925 Jacobus
1237 3860 1317 3925 dicit

206 3962 296 4050 quod
326 3962 426 4026 habet
451 3961 631 4048 ingressum
653 3985 712 4048 per
732 3963 915 4048 predictum
938 3964 1094 4028 Thomam
1117 3965 1260 4029 Priorem
1281 3974 1317 4030 et

209 4069 419 4134 Conuentum
435 4065 474 4130 de
490 4066 638 4130 Meriona
652 4066 709 4152 qui
730 4066 812 4131 illud
832 4067 863 4130 ei
885 4066 1077 4131 dimiserunt
1098 4075 1134 4132 et
1155 4089 1316 4134 concesse·

207 4171 337 4268 mutin
354 4170 483 4235 feodum
505 4171 683 4236 tenendum
699 4193 758 4257 per
776 4171 941 4236 redditum
961 4194 1011 4236 xv.
1028 4172 1098 4237 den
1115 4194 1173 4257 per
1194 4193 1315 4236 annum
1439 4242 1443 4247 ,

243 4325 254 4358 ¹
273 4325 373 4388 Supply
384 4327 458 4388 qood.
795 4325 847 4373 Sci.
868 4325 947 4373 Micia
965 4338 1025 4372 anm
1044 4323 1076 4372 R.
1098 4324 1135 4372 H.
1158 4323 1219 4387 xiif'
1236 4326 1314 4388 incip.

242 4391 340 4440 πΗετε
363 4389 408 4439 the
430 4390 507 4440 usual
534 4393 675 4440 annotator
701 4405 739 4440 re·
791 4388 870 4450 eir‘r'ffl.

210 4469 299 4506 sumes
311 4453 355 4504 his
372 4455 549 4505 annotationi.
583 4455 616 4504 m
633 4454 677 4504 the
694 4459 739 4516 top
822 4453 1100 4518 ⁸Supplyuicecoou'tr'
1113 4453 1152 4518 (9).

209 4522 239 4572 o!
250 4521 304 4572 this
314 4535 379 4583 pege
386 4519 420 4570 he
427 4520 476 4570 has
484 4520 585 4570 written
591 4523 628 4570 De
637 4523 738 4570 termino
