3342 5217
387 390 450 452 310
689 399 830 462 nimir,
852 398 917 450 nn.
941 383 1034 462 1230,
1057 397 1121 448 nn
1145 378 1195 449 14.

387 573 574 658 Deuntesye
593 577 629 636 et
649 570 784 636 Metillis
803 593 885 636 uxor
903 569 994 636 eius¹
1012 570 1129 637 dieunt
1150 569 1237 657 quod
1258 569 1423 656 predictus
1437 569 1489 635 W.

387 675 502 741 Comes
521 695 688 761 nunquam
702 672 766 738 fuit
785 672 820 738 in
838 673 957 739 seisinn
970 672 1011 738 de
1031 673 1179 759 predicte
1196 681 1284 738 terra
1295 681 1332 738 et
1345 670 1491 737 manerio

386 777 427 845 de
441 777 588 855 Dittone,
603 799 663 844 nee
678 785 798 842 terrem
813 777 904 842 illem
918 776 951 843 ei
965 776 1058 842 dedit
1076 798 1136 842 nee
1154 783 1277 841 mrtem
1299 797 1392 840 sunm
1412 773 1490 840 inde

385 882 432 949 eis
446 882 532 949 feeit.
577 881 643 962 Qui
658 903 769 947 omnes
784 881 899 947 dieunt
919 903 1017 968 super
1035 888 1273 946 momentum
1292 901 1389 944 suum
1403 879 1491 966 quod

385 987 548 1074 predictus
564 987 680 1054 Comes
694 986 752 1052 diu
767 986 831 1051 fnit
851 985 887 1050 in
906 984 1026 1051 seisine
1039 985 1080 1050 de
1100 983 1215 1050 eedem
1234 991 1322 1048 tens
1341 991 1378 1048 et
1398 982 1492 1048 nudi·

385 1100 505 1158 uerunt
525 1091 591 1157 diei
616 1090 701 1178 quod
725 1090 890 1177 predictus
919 1089 1037 1156 Comes
1065 1089 1113 1154 eis
1142 1089 1220 1154 feeit
1247 1097 1370 1154 mrtem
1398 1088 1490 1154 illan

385 1206 420 1262 et
437 1205 555 1262 terrem
577 1194 668 1260 illem
687 1194 735 1259 eis
753 1192 846 1258 dedit
867 1201 918 1258 set
939 1193 1049 1257 nullus
1067 1213 1179 1257 eorum
1198 1213 1330 1277 presens
1348 1190 1413 1256 fuit
1431 1191 1490 1257 ubi

384 1307 474 1365 eerte
500 1298 559 1364 ille.
581 1296 645 1362 fuit
674 1297 820 1363 eonseete
842 1319 903 1362 nee
927 1297 985 1361 ubi
1010 1297 1133 1361 donum
1156 1295 1239 1361 illud
1267 1296 1391 1361 fantum
1416 1296 1489 1373 fuit,

384 1411 435 1468 set
454 1401 569 1466 dicunt
592 1399 642 1464 illi
661 1399 702 1464 de
724 1398 883 1464 eomitetu
904 1398 1034 1463 Surreie
1056 1397 1144 1484 qued
1166 1407 1333 1484 presentes
1354 1399 1489 1464 fuerunt

374 1495 420 1570 ‘in
439 1501 617 1570 eomitetu¹
637 1501 767 1568 Suneie
789 1502 848 1567 ubi
867 1502 1000 1588 quidem
1020 1500 1207 1568 Gilebertus
1228 1502 1260 1568 le
1279 1502 1361 1568 Gros
1382 1523 1490 1568 senes-

384 1608 485 1674 callus
506 1606 607 1694 ipsius
628 1605 767 1672 Comitis
784 1605 863 1671 feeit
884 1605 991 1671 eidem
1013 1605 1116 1671 Priori
1136 1605 1288 1671 seisiunm
1310 1605 1352 1671 de
1373 1605 1488 1671 eadem

385 1720 471 1777 terre
485 1711 545 1776 sub
560 1708 690 1774 nomine
709 1708 812 1794 ipsius
827 1708 965 1775 Comitis
984 1717 1020 1775 et
1033 1709 1117 1775 bene
1137 1709 1273 1775 eredunt
1294 1709 1355 1775 hoc
1373 1731 1488 1775 uerum

384 1835 453 1879 esse
468 1812 554 1900 quod
569 1812 685 1879 Comes
705 1810 751 1876 eis
773 1812 895 1877 donum
917 1811 1000 1877 illud
1013 1811 1100 1890 feeit,
1114 1821 1150 1876 et
1169 1834 1228 1898 per
1244 1821 1369 1877 eertnm
1385 1835 1489 1890 suem,

384 1925 419 1981 et
433 1939 472 1981 eo
486 1913 626 1980 menime
641 1912 720 2000 quie
733 1913 797 1998 ipsi
811 1914 945 1979 suerunt
963 1913 999 1979 in
1020 1914 1155 2001 pseifiee
1171 1913 1292 1980 seisine
1309 1915 1352 1980 de
1372 1915 1488 1981 edem

385 2027 472 2084 terre
485 2017 568 2083 bene
583 2039 641 2103 per
655 2025 722 2081 tres
741 2038 843 2081 annos
860 2016 896 2080 in
915 2016 988 2082 uite
1008 2016 1111 2102 ipsius
1131 2016 1268 2083 Comitis
1287 2017 1358 2083 sine
1379 2018 1492 2105 eliqua

384 2119 639 2187 oontrediecione
660 2119 714 2184 uel
735 2119 844 2206 eliquo
873 2119 1097 2205 inpedimento
1122 2119 1225 2206 ipsius
1254 2120 1400 2188 Comitis.
1445 2122 1490 2187 Et

384 2225 457 2291 ideo
479 2223 716 2290 eonsideretum
745 2223 905 2310 estquod
934 2223 1081 2311 Rogerus
1109 2233 1145 2290 et
1174 2224 1310 2290 Metillis
1339 2225 1489 2292 warenti-

385 2326 489 2393 zent⁸.

450 2433 567 2497 Postea
587 2429 770 2496 concordati
791 2441 870 2495 sunt
888 2427 1036 2517 Rogerus
1054 2438 1090 2495 et
1109 2430 1246 2496 Metillis
1268 2440 1303 2496 et
1322 2430 1490 2517 predictus

383 2533 571 2600 Johennes‘
596 2541 665 2598 tem
686 2532 727 2598 de
750 2540 837 2597 terra
857 2532 923 2598 iste
942 2553 1041 2619 quem
1062 2532 1104 2598 de
1125 2532 1276 2599 omnibns
1296 2533 1370 2600 eliis
1391 2533 1490 2600 terris

385 2646 420 2704 et
442 2635 637 2703 tenementis
662 2657 726 2722 que
752 2634 891 2721 predicti
915 2635 1062 2723 Rogems
1087 2644 1123 2700 et
1148 2634 1286 2701 Metillis
1310 2637 1490 2725 exigebant

385 2763 497 2806 uersus
516 2738 656 2806 eundem
677 2737 862 2804 Johnnnem
881 2745 917 2803 et
937 2746 989 2803 est
1011 2737 1181 2804 eoncordia
1201 2738 1276 2806 telis
1289 2739 1377 2826 qued
1397 2739 1488 2805 idem

384 2843 551 2910 Johennes
572 2840 760 2929 recognouit
782 2839 965 2927 predictum
986 2841 1167 2908 manerium
1188 2841 1230 2908 de
1250 2842 1392 2908 Dietnne
1410 2865 1491 2910 eum

385 2955 466 3035 pert.
489 2956 523 3013 et
553 2955 659 3012 totum
687 2945 870 3011 manerium
891 2945 933 3011 de
955 2945 1134 3031 Depedens
1154 2963 1230 3012 eum
1247 2955 1332 3034 pert
1355 2956 1491 3014 etcum

384 3048 534 3115 omnibus
559 3047 660 3114 feodis
685 3048 828 3114 militum
858 3048 901 3114 ed
928 3047 1110 3114 manerium
1138 3048 1220 3114 illud
1248 3050 1491 3137 pertinentibus

384 3160 419 3218 et
449 3160 556 3218 totum
578 3150 757 3216 manerium
779 3151 820 3216 de
844 3149 998 3217 Gersith‘
1013 3154 1093 3217 'enm
1115 3161 1196 3238 pert
1218 3161 1254 3217 et
1274 3152 1385 3219 domos
1405 3175 1491 3240 quas

384 3255 471 3320 idem
486 3253 510 3320 J
510 3255 652 3319 ohannes
666 3253 775 3320 tenuit
789 3253 825 3318 in
836 3253 917 3319 uilln
929 3253 1084 3318 Wintone
1098 3275 1173 3319 eum
1189 3254 1340 3321 omnibus
1354 3263 1435 3343 pert.
1448 3266 1492 3324 et

384 3367 533 3446 preterea
545 3381 573 3424 c.
587 3358 642 3422 sol.
658 3365 743 3422 terre
762 3357 798 3422 in
812 3356 982 3422 dominicis
1003 3366 1038 3423 et
1060 3359 1205 3424 seruiciis
1224 3359 1259 3424 in
1280 3361 1423 3427 manerio
1443 3363 1492 3430 de

385 3461 527 3528 Thiriel⁶
541 3485 599 3548 per
612 3461 840 3527 rationabilem
858 3462 1080 3527 extensionem
1100 3485 1169 3528 esse
1188 3461 1240 3528 ius
1258 3462 1360 3549 ipsius
1375 3465 1491 3532 Metil-

384 3567 458 3632 lidis
476 3573 512 3632 et
532 3587 642 3631 omnes
660 3574 762 3634 terres
780 3565 854 3630 illes
873 3564 998 3630 remisit
1017 3573 1053 3630 et
1071 3564 1199 3652 quietes
1218 3565 1373 3632 elemenit
1386 3566 1427 3632 de
1449 3591 1493 3636 se

383 3680 419 3736 et
439 3669 612 3736 heredibus
633 3669 700 3734 suis
720 3668 783 3756 ipsi
805 3667 960 3734 Metillidi
985 3677 1020 3733 et
1049 3668 1223 3735 heredibus
1249 3669 1319 3736 suis
1347 3670 1382 3736 in
1410 3693 1497 3759 per-

383 3781 519 3859 petuum
542 3783 577 3838 et
598 3779 747 3859 preterea
766 3771 855 3837 idem
875 3770 1043 3837 Johennes
1063 3769 1251 3859 reeognnuit
1271 3781 1308 3837 et
1328 3778 1497 3844 eoneeoeit

384 3877 469 3964 quod
491 3877 518 3942 si
540 3875 609 3962 ipse
635 3875 703 3941 sine
733 3874 851 3940 herede
878 3873 921 3940 de
948 3894 1080 3961 nor-pore
1108 3895 1167 3940 suo
1193 3873 1236 3940 de
1263 3897 1365 3942 uxore
1390 3875 1459 3943 sibi
1486 3881 1497 3969 Ι

417 4086 754 4138 ¹(tonnmofflerefnrd.
958 4085 1047 4148 2398,
1059 4081 1268 4138 sitesthisnre.

417 4153 428 4184 ¹
444 4152 499 4202 The
509 4156 606 4216 oounty
615 4155 698 4203 eonrt.
991 4153 1003 4185 ⁴
1018 4149 1088 4200 John
1104 4154 1176 4201 must
1192 4151 1224 4202 be
1237 4151 1284 4203 the
1299 4151 1415 4217 pnintifl
1425 4155 1500 4211 who

416 4218 427 4251 ³
443 4217 499 4268 The
517 4219 637 4280 quemne
655 4217 679 4268 ir
695 4215 809 4268 whether
824 4215 909 4280 nom
958 4213 1231 4268 besmedthePrior.

384 4283 437 4338 end
453 4281 562 4334 Mrtilds
579 4282 685 4347 (heim
702 4283 730 4332 ot
745 4281 790 4334 the
802 4281 866 4332 13an
877 4281 910 4331 er
989 4280 1001 4312 ⁸
1019 4282 1129 4341 (irritet,
1143 4281 1174 4332 A.

383 4348 475 4410 Esses)
497 4361 541 4398 ere
562 4347 650 4398 bound
678 4351 705 4398 to
730 4350 844 4398 ment
871 4359 907 4398 en
989 4343 1001 4378 ⁸
1019 4347 1124 4408 cerret,
1138 4347 1167 4398 Δ.

383 4411 480 4476 alleged
503 4411 550 4476 gin
570 4413 598 4463 or
618 4413 662 4464 the
679 4412 751 4464 Eerl.
784 4413 905 4472 Baeton,
