3342 5217
504 451 642 517 ntem,
663 441 729 505 LD.
753 441 849 516 1234,
873 454 936 504 uu
960 443 1011 505 18.
1245 446 1309 509 665

200 622 301 712 Hugo
329 622 371 690 de
400 622 581 690 Wutiordie
601 619 667 711 ¹pro
686 621 730 690 'ee
759 632 796 690 et
820 621 894 690 eliis
917 624 976 711 qni
1000 625 1135 691 fuerunt
1164 649 1240 692 oum
1269 627 1309 694 R

202 728 329 795 Comite
352 727 540 794 Morescallo
562 737 726 794 uenerunt
747 751 854 794 eorem
877 728 971 794 Dom.
994 727 1086 816 Rege
1115 731 1203 816 apud
1233 732 1310 797 Glo-

201 830 372 912 uernium¹‚
400 840 573 918 postquem
602 831 696 897 Dom.
727 831 798 897 Rex
822 854 877 897 eos
906 841 1074 919 receperat
1103 833 1139 898 in
1166 834 1311 920 graciam

199 957 302 1013 suern,
317 943 352 1000 et
366 935 534 1022 pecierunt
555 935 598 1000 ab
616 957 655 1000 eo
675 943 710 1000 et
728 957 750 1000 o
771 935 861 1002 curie
881 958 942 1000 sue
961 935 1132 1000 oertificeri
1153 935 1182 1000 ei
1203 944 1312 1002 eesent

200 1038 343 1125 utingeti
372 1037 535 1104 occasione
564 1061 686 1125 gwerre
715 1037 803 1103 inter
839 1038 946 1124 ipsum
983 1037 1076 1103 Dom
1114 1039 1240 1126 Regem
1276 1041 1312 1105 et

201 1141 384 1227 predictum
421 1140 656 1220 Mureseellum,
689 1141 743 1206 uei
780 1163 856 1220 non,
891 1149 927 1206 et
960 1140 989 1206 si
1022 1148 1132 1206 essent
1160 1141 1311 1228 utleguti,

202 1245 371 1331 pecierunt
399 1267 458 1331 pro
487 1267 521 1310 se
550 1253 585 1310 et
613 1245 686 1310 eliis
708 1252 748 1310 ut
771 1245 866 1310 Dom.
893 1245 965 1309 Rex
986 1243 1084 1309 sciret
1104 1266 1164 1330 per
1188 1244 1312 1309 curiam

200 1371 295 1414 suem
309 1357 422 1414 utrum
437 1347 599 1435 utlagatio
613 1349 700 1414 seete
714 1356 800 1413 esset
814 1347 910 1425 iuste,
924 1346 979 1412 uel
994 1369 1069 1425 non,
1083 1356 1118 1412 et
1132 1346 1311 1413 seeundum

202 1451 295 1539 regni
318 1450 516 1529 eonsuetud',
532 1459 567 1516 et
586 1451 615 1516 si
633 1451 743 1516 minus
759 1450 847 1516 iuste
869 1451 955 1516 foeta
976 1457 1070 1528 esset,
1084 1451 1253 1537 pecierunt
1272 1457 1312 1519 ut

203 1555 264 1620 hoe
278 1555 325 1620 eie
340 1553 569 1619 emendaretur
582 1553 617 1619 in
632 1553 803 1619 curiosus
857 1553 903 1618 Et
916 1553 995 1640 quie
1008 1552 1103 1618 Dom.
1118 1554 1191 1619 Rex
1205 1554 1313 1620 noluit

202 1658 377 1744 unicuique
407 1658 442 1722 in
471 1659 561 1724 curie
596 1681 656 1723 sue
691 1657 855 1723 iusticiam
884 1656 1040 1736 exhiberi,
1069 1656 1138 1724 die'
1175 1658 1313 1724 sabbati

203 1763 350 1850 proxime
374 1771 453 1828 ente
478 1763 727 1828 Assoenoionem
757 1761 901 1840 Domini,
929 1761 1091 1826 Dominus
1119 1763 1313 1829 oonuooeuit

203 1883 314 1926 omnes
343 1861 530 1948 magnetes⁸
558 1861 594 1926 in
623 1861 713 1926 curie
741 1883 801 1926 sue
830 1870 910 1926 tune
941 1860 1127 1938 existentes,
1156 1860 1312 1927 uidelicet

204 1965 297 2030 Dom.
314 1965 583 2032 Cantuerieneem
594 1963 900 2052 Archiepiseopum⁴
910 1971 946 2030 et
956 1964 1123 2051 episcopos
1133 1972 1169 2030 et
1177 1965 1312 2032 comites

204 2076 239 2132 et
253 2067 342 2146 elios,
356 2090 463 2132 norem
478 2067 598 2154 quibus
613 2067 727 2134 modus
746 2068 960 2154 utlegneionie
980 2068 1146 2154 expositus
1166 2068 1240 2148 fuit,
1254 2069 1312 2155 qui

204 2170 280 2236 telis
302 2178 360 2249 eet,
381 2169 477 2252 Quod
499 2169 639 2236 deducto
660 2171 782 2257 plenito
803 2171 840 2236 in
859 2171 951 2236 ouria
976 2170 1070 2237 Dom.
1097 2172 1197 2260 Regis
1225 2172 1313 2238 inter

97 2321 101 2328 -
203 2274 387 2362 predictum
403 2275 607 2341 Gilebertum
621 2282 659 2340 et
680 2275 815 2341 Petrum
834 2276 876 2341 de
896 2276 985 2342 Melo
1004 2277 1093 2342 Leeu
1112 2277 1154 2342 de
1168 2276 1313 2343 manerio

204 2379 245 2444 de
260 2379 478 2466 Uppeeuene⁸
493 2403 595 2466 usque
610 2380 652 2446 ed
665 2379 833 2458 iudicium,
847 2380 936 2446 idem
950 2381 1137 2446 Gilebertus
1151 2381 1313 2447 instanter

204 2483 304 2569 peciit
327 2483 493 2562 iudicium,
519 2484 576 2549 sed
597 2483 755 2550 iudicium
779 2483 899 2550 habere
924 2507 990 2550 non
1013 2485 1132 2571 potuit,
1157 2508 1196 2551 eo
1224 2485 1312 2572 quod

204 2587 326 2652 iustio'⁰
346 2586 439 2653 Dom.
457 2587 556 2674 Regis
577 2594 611 2652 et
633 2595 803 2674 magnetes
824 2588 882 2674 qui
903 2587 1024 2654 iudicio
1045 2588 1191 2654 feeiendo
1210 2589 1311 2655 inter·

204 2690 335 2755 fuerent
349 2689 525 2756 noluerunt
537 2711 635 2776 super
649 2698 772 2755 eurtum
786 2690 882 2756 Dom
896 2690 997 2778 Regis
1011 2691 1168 2757 iudicium
1183 2691 1311 2769 feeem',
1392 2766 1397 2775 Ι

205 2792 291 2858 unde
306 2792 399 2858 Dorn
416 2791 488 2857 Rex
503 2791 544 2858 de
558 2792 730 2860 uoluntate
746 2815 806 2856 sue
820 2792 928 2878 ipsum
949 2793 1154 2859 Gilebertum
1172 2793 1310 2860 disseiei·

205 2893 264 2972 uit,
288 2901 324 2960 et
345 2895 527 2960 manerium
552 2895 636 2961 illud
657 2895 794 2962 tradidit
816 2895 923 2960 eidem
946 2896 1051 2961 Petro.
1094 2896 1213 2962 Postea
1234 2919 1312 2962 uero

205 2996 283 3083 quie
296 3005 487 3086 suggestum
501 2997 566 3066 fuit
580 2998 673 3064 Dom.
690 2997 775 3086 Regi
790 2997 877 3084 quod
891 2997 977 3062 idem
991 2997 1179 3064 Gilebertus
1192 2998 1311 3066 dixisse

204 3100 319 3166 debuit
334 3099 473 3187 quedem
489 3101 590 3168 uerbo
604 3109 685 3188 aput
707 3101 966 3169 Norhemtonem
986 3101 1021 3169 iu
1041 3101 1197 3187 despectu
1217 3101 1311 3168 Doni

205 3205 314 3292 Regis,
343 3206 384 3271 de
413 3206 532 3293 quibus
560 3229 627 3274 non
655 3205 719 3272 fuit
747 3205 925 3284 conuictus,
953 3211 1150 3291 etpropter
1176 3205 1242 3271 elie
1270 3205 1311 3272 de

205 3308 324 3396 quibus
353 3317 425 3374 orte
453 3308 517 3374 fuit
544 3308 711 3376 eontentio
740 3307 828 3374 inter
855 3309 949 3375 Dom.
984 3308 1110 3395 Regem
1139 3316 1174 3372 et
1203 3308 1311 3394 ipsum

205 3411 410 3477 Gilebertum
438 3418 521 3498 aput
545 3409 794 3489 Stretffordiem,
819 3409 981 3496 precepit·
1003 3408 1098 3475 Dom.
1123 3410 1194 3474 Rex
1224 3410 1311 3495 quod

205 3513 386 3580 dieseisitus
411 3523 496 3580 esset
518 3513 559 3580 de
581 3513 675 3580 terris
698 3514 765 3580 suis
785 3514 868 3591 eliis,
891 3522 927 3578 et
949 3511 1150 3581 licencieuit⁰
1170 3535 1247 3578 enm
1269 3512 1310 3599 de

204 3626 292 3683 terre
306 3639 371 3682 suu
417 3616 535 3682 Postea
548 3639 626 3681 uero
641 3639 715 3681 eum
730 3638 794 3702 per
809 3614 1081 3703 proloqueretur¹⁰
1102 3605 1310 3702 interipsum

203 3720 299 3794 Dom.
314 3720 439 3806 Regem
454 3728 490 3786 et
503 3719 686 3806 predictum
702 3719 928 3786 Mureeeallum
942 3740 1006 3805 que
1026 3718 1091 3783 fuit
1105 3727 1261 3799 assecuta,
1276 3729 1311 3786 et

204 3829 318 3908 posteo
346 3845 419 3888 cum
441 3843 500 3910 per
524 3821 686 3912 inprisos¹¹
715 3822 819 3909 ipsius
841 3819 1026 3891 Mereseelli
1055 3820 1097 3885 Η
1128 3819 1170 3885 de
1200 3821 1310 3908 Burgo

238 3939 425 3994 ¹Glouoester.
815 3941 869 3992 ⁷1t
890 3940 965 3995 isin
987 3939 1141 3991 oonneetion
1165 3939 1229 3992 with
1255 3941 1309 3994 thie

236 4005 326 4057 ¹27th
337 4006 406 4068 Moy.
783 4006 900 4056 doctrine
927 4006 986 4056 thet
1012 4005 1058 4055 the
1080 4005 1183 4068 printed
1205 4010 1261 4057 text
1282 4007 1311 4058 ol

237 4069 486 4133 'Communem
782 4072 896 4122 Bronton
916 4070 966 4121 hoe
986 4069 1032 4121 the
1058 4071 1162 4137 temone
1190 4072 1309 4123 “eonsti-

236 4136 249 4170 ⁴
266 4136 293 4185 S.
304 4135 429 4185 Edmund
438 4136 496 4186 who
506 4135 555 4186 hes
570 4135 638 4188 done
652 4134 732 4188 munh
782 4137 918 4189 tutionel'’
929 4145 1045 4199 passage,
1058 4135 1077 4185 f.
1089 4137 1131 4186 84.

204 4199 319 4316 ⁸⁰er
330 4201 563 4316 giguntothepeeoe.
637 4266 643 4278 Ι
814 4201 906 4300 :Mar
917 4201 986 4316 '1221
986 4201 1087 4315 roll-{18gd
1086 4216 1112 4264 p.
1124 4202 1181 4254 247.

204 4331 233 4381 ot
240 4330 293 4380 thie
304 4281 415 4394 diepdde.
424 4281 468 4316 m
476 4267 571 4319 ⁷⁵⁰?OE
577 4266 731 4331 monh„
814 4331 835 4363 ¹⁰
841 4267 1049 4381 pampujveffl·
1060 4302 1119 4392 asp.
1132 4331 1188 4382 26¹1.

237 4395 549 4460 ‘Probablyimtioiarie
564 4398 731 4462 Segrsvewes
814 4396 834 4428 ¹¹
852 4396 937 4445 Thoee
947 4395 1154 4446 whowerewith
1164 4395 1307 4458 himinhis

204 4463 371 4511 tmtteiorior.
781 4461 900 4525 emptise.
911 4459 1113 4545 hiseuterprise.
