3342 5217
252 325 255 333 '
384 328 448 393 424
488 294 490 301 Ι
683 340 819 402 ιιειιιιι,
842 340 905 390 ιι).
931 327 1023 403 1231,
1045 341 1108 392 aa
1133 329 1183 391 15.
1213 378 1218 385 .

383 512 538 579 auunculi
559 510 661 599 ipsius
683 510 844 577 Beatricie
865 510 959 576 cuius
980 512 1073 576 heres
1092 512 1164 597 ipsa
1180 516 1280 575 estet
1294 508 1353 596 qui
1368 508 1498 593 Philip

383 640 445 703 pus
466 616 548 682 obiit
569 639 629 703 per
648 638 700 682 xx.
722 638 823 681 annos
844 622 1022 702 antequam
1041 614 1116 680 finis
1130 616 1236 679 factus
1249 622 1344 690 esset,
1359 622 1398 677 et
1410 612 1498 676 bene

382 719 546 807 cognoscit
567 720 666 785 finem
689 727 724 784 et
745 718 973 806 cirographum
994 727 1030 784 et
1048 718 1147 783 finem
1168 718 1263 783 illum
1281 716 1336 782 et¹
1352 716 1500 781 libenter

383 821 510 887 tenebit
525 829 584 887 eto.

233 928 249 1013 'n
300 938 314 1005 ¹.¹
449 924 493 990 Et
512 923 691 989 Rollandus
713 922 792 988 satis
814 922 979 1009 cognoscit
1000 922 1087 1009 quod
1107 920 1247 1009 predicti
1268 921 1287 985 l
1309 920 1368 986 sol.
1389 919 1499 985 debiti

220 1032 279 1107 {22¹¹
318 1030 362 1105 Ἦ·
384 1026 517 1091 luerunt
539 1046 597 1112 pro
618 1024 741 1090 releuio
762 1023 804 1089 de
826 1033 932 1089 morte
952 1024 1056 1112 ipsius
1078 1024 1223 1111 Philippi
1241 1032 1292 1089 set
1311 1024 1400 1089 bene
1413 1023 1500 1089 dicit

236 1120 358 1201 ‘t‘t‘t
383 1129 470 1216 quod
492 1136 565 1215 post
584 1128 682 1194 finem
703 1126 797 1193 illum
817 1128 916 1193 soluti
931 1129 1064 1195 fuerunt
1078 1128 1197 1215 etipse
1209 1150 1262 1193 eos
1276 1127 1425 1193 reddidit
1439 1150 1500 1214 pm

235 1218 330 1330 nepm
384 1234 512 1300 defectu
527 1232 630 1320 ipsius
645 1232 814 1298 Beatricie.

450 1339 494 1403 Et
515 1337 593 1425 quia
613 1335 817 1425 recognitum
840 1346 891 1403 est
910 1338 1007 1423 plane
1026 1337 1114 1424 quod
1128 1336 1267 1424 predicti
1280 1338 1301 1402 l.
1315 1336 1375 1403 sol.
1390 1337 1500 1403 debiti

384 1442 517 1508 luerunt
538 1448 715 1527 antequam
737 1440 812 1505 finis
835 1440 940 1505 factus
963 1448 1048 1505 esset
1070 1441 1283 1528 perlongum
1304 1448 1443 1526 tempus
1464 1452 1501 1506 et

384 1545 458 1611 finis
479 1544 617 1611 exclusit
638 1565 750 1609 omues
769 1543 995 1609 contenciones
1012 1552 1047 1609 et
1062 1544 1140 1631 quia
1153 1544 1224 1630 ipsa
1237 1543 1331 1608 illum
1344 1545 1500 1629 aquieta-

384 1650 436 1714 uit
451 1649 491 1714 de
506 1648 655 1713 omnibus
670 1648 814 1713 seruiciis
829 1646 950 1713 debitis
969 1656 1043 1733 post
1064 1648 1163 1713 finem
1184 1648 1287 1725 illum,
1300 1646 1499 1713 Considera-

384 1760 456 1816 tum
481 1758 532 1815 est
557 1748 642 1838 quod
670 1749 833 1815 Beatricie
857 1749 934 1815 inde
957 1750 1028 1814 sine
1051 1748 1105 1814 die
1131 1758 1166 1815 et
1192 1758 1303 1814 teneat
1327 1750 1434 1815 finem
1461 1762 1500 1816 et

384 1853 563 1918 Rolleudus
576 1854 612 1918 in
626 1851 844 1917 misericordia
857 1874 916 1937 pro
930 1852 1010 1917 falso
1023 1852 1169 1917 clamore.

327 2016 335 2031 ,
450 1954 607 2020 Ricardus
636 1953 822 2039 capellanus
850 1954 892 2018 de
922 1953 1096 2019 Liddeford
1124 1954 1330 2019 athachietus
1358 1954 1426 2019 fuit
1454 1954 1501 2020 ad

383 2059 642 2146 respondendum
665 2058 787 2124 Thome
810 2058 851 2123 de
873 2058 1026 2145 Benigny
1039 2080 1139 2145 quare
1160 2067 1290 2125 secutus
1309 2059 1375 2123 fuit
1391 2059 1501 2146 placi·

384 2172 456 2229 tum
479 2165 514 2227 in
536 2163 626 2228 curia
647 2162 872 2228 cristianitatis
895 2163 937 2228 de
960 2164 1040 2229 laico
1062 2165 1155 2230 feodo
1180 2164 1281 2251 ipsius
1306 2164 1433 2228 Thomc
1459 2165 1498 2230 in

384 2266 590 2332 Liddeforlia
608 2274 721 2331 contra
739 2266 993 2353 prohibicionem
1012 2277 1082 2346 etc,
1097 2277 1132 2333 et
1146 2265 1233 2332 unde
1247 2264 1334 2330 idem
1348 2266 1500 2331 Thomas

384 2371 532 2458 queritur
551 2371 638 2458 quod
654 2393 729 2437 cum
744 2371 813 2458 ipse
829 2372 951 2437 habeat
965 2372 1128 2458 quandam
1142 2379 1309 2458 pasturam
1323 2370 1358 2435 in
1374 2370 1497 2437 eadem

383 2476 464 2541 uilla
477 2482 659 2561 separatam
673 2474 732 2540 ubi
745 2475 833 2541 idem
848 2475 1005 2540 Ricardus
1016 2475 1139 2540 nullam
1150 2496 1353 2540 communem
1368 2473 1498 2540 habere

381 2579 480 2645 debet
499 2578 586 2643 idem
607 2577 765 2643 Ricardus
781 2576 907 2643 inmisit
921 2578 1032 2644 aueria
1045 2602 1105 2644 sua
1119 2579 1154 2644 in
1167 2587 1334 2665 pasturam
1346 2578 1443 2643 illum
1459 2590 1499 2645 et

381 2705 457 2750 cum
478 2682 622 2748 seruiens
643 2703 721 2747 suus
735 2704 775 2747 ea
788 2682 860 2768 capi
875 2683 995 2747 faceret
1008 2682 1095 2747 idem
1110 2681 1268 2747 Ricardus
1281 2681 1499 2767 inplacitauit

399 2785 405 2873 Ι
425 2810 501 2852 eum
522 2786 599 2852 iude
621 2785 656 2851 in
678 2786 768 2852 curia
789 2787 1014 2853 cristianitatis
1035 2788 1085 2851 ita
1103 2786 1190 2873 quod
1209 2808 1284 2851 eum
1299 2785 1378 2851 fecit
1392 2788 1498 2853 eum‘

381 2890 652 2957 excommunicari
666 2900 701 2957 et
720 2899 794 2977 post
809 2891 851 2956 xl
871 2891 942 2956 dies
963 2891 1041 2977 quia
1062 2891 1283 2978 perseuerauit
1303 2890 1338 2955 in
1358 2912 1497 2958 excom·

381 2993 601 3059 municacioue
624 3016 700 3058 eum
722 2992 794 3080 oapi
816 2991 894 3058 fecit
914 3001 949 3058 et
968 2993 1160 3080 inprisonari
1173 3016 1232 3081 per
1245 3017 1274 3059 x.
1289 2993 1498 3080 septimanas

380 3096 430 3161 ita
454 3096 541 3182 quod
566 3096 780 3161 deterioratos
805 3104 857 3160 est
882 3104 917 3161 ct
941 3095 1120 3183 dampnum
1143 3096 1243 3162 habet
1267 3106 1328 3163 etc
1351 3105 1389 3162 et
1411 3097 1498 3166 inde

380 3200 529 3286 producit
544 3208 674 3265 sectam.

446 3303 491 3367 Et
505 3301 662 3367 Ricardus
677 3302 770 3368 uenit
785 3311 820 3368 et
834 3302 981 3368 defendit
995 3312 1107 3369 contra
1121 3326 1196 3370 eum
1208 3312 1243 3370 et
1256 3313 1378 3370 sectam
1393 3328 1496 3373 suam

381 3404 468 3490 quod
488 3425 656 3491 nunquam
679 3414 752 3491 post
773 3405 1028 3493 prohibicionem
1047 3407 1151 3471 traxit
1164 3416 1226 3473 etc
1240 3416 1275 3471 et
1289 3406 1432 3472 maxime
1448 3408 1498 3475 de

380 3508 470 3573 nullo
485 3508 566 3573 laico
581 3509 673 3573 feodo
688 3510 791 3596 ipsius
806 3510 929 3575 Thome
944 3518 996 3576 set
1015 3534 1130 3576 uerum
1152 3510 1228 3575 uult
1246 3510 1352 3576 dicere
1370 3532 1500 3579 reuera

380 3611 449 3698 ipse
471 3634 599 3697 semper
620 3612 683 3677 fuit
703 3612 738 3678 in
758 3614 878 3679 seisina
896 3623 931 3680 et
945 3622 1162 3681 antecessores
1176 3614 1228 3681 sui
1242 3614 1283 3679 de
1297 3624 1433 3702 pastura
1447 3618 1498 3683 ad

380 3714 436 3800 iiij.
453 3714 553 3779 boues
567 3722 602 3779 et
616 3714 697 3780 duas
711 3738 825 3781 uaccas
840 3724 875 3781 et
892 3717 935 3781 ad
953 3739 1056 3782 unum
1076 3718 1224 3783 auerium
1242 3725 1282 3781 ut
1301 3716 1498 3803 pertinente

380 3818 422 3883 ad
444 3839 544 3883 unam
566 3816 682 3904 uirgat
706 3826 791 3883 terre
811 3841 875 3906 que
895 3828 946 3885 est
960 3819 1001 3885 de
1015 3820 1175 3886 dominico
1189 3820 1291 3907 ipsius
1305 3819 1440 3885 ecclesie
1457 3834 1500 3889 et

381 3920 467 3987 unde
482 3921 616 3987 ecclesia
629 3944 688 3987 sua
702 3922 816 3988 dotata
830 3924 894 3989 fuit
908 3932 943 3988 et
958 3947 1060 4011 quum
1079 3924 1222 3989 seruiens
1241 3924 1343 4009 ipsius
1361 3922 1499 3993 Thome

381 4024 468 4110 cepit
482 4024 593 4089 aueria
606 4045 666 4089 sua
683 4023 718 4089 in
738 4024 852 4089 eedem
874 4035 1008 4111 pastura
1028 4024 1222 4113 conquestus
1243 4026 1308 4091 fuit
1327 4026 1499 4097 archidia-

381 4150 460 4193 cono
475 4127 590 4193 locide
605 4128 798 4214 spoliarione
818 4128 876 4195 illa
892 4138 928 4195 et
942 4131 1037 4195 aliter
1050 4153 1116 4196 non
1130 4130 1336 4217 inplacitauit
1349 4152 1438 4209 eum,
1455 4144 1498 4201 et

413 4296 578 4411 :Ometltp
607 4362 636 4375 ..
959 4316 1023 4365 way.
1059 4300 1286 4363 nicanorem.

440 4362 493 4410 But
505 4360 549 4411 the
576 4376 673 4414 ecrsron
688 4364 761 4415 looks
776 4364 820 4416 the
835 4365 909 4417 other
991 4368 1002 4400 ³
1018 4367 1075 4417 Οιιι.
1089 4381 1138 4417 oue
1148 4382 1212 4417 rusa
