3342 5217
526 447 750 509 11111111).
774 435 868 512 1222,
890 449 953 497 aa.
978 437 1005 499 6.
1253 439 1314 499 141

214 624 312 689 Alani
335 625 454 689 clamat
481 645 594 688 uersus
619 623 827 688 Abbatissam
850 623 891 688 de
915 625 946 690 S.
970 624 1140 691 1111111111ι
1163 649 1226 712 que
1252 649 1317 692 non

216 729 308 793 uenit
328 727 334 814 Ι
352 737 402 793 set
424 728 581 793 Ricardus
603 729 643 792 de
667 727 883 814 Champeneis
905 727 998 792 uenit
1018 737 1053 793 et
1072 729 1152 795 dicit
1166 732 1252 817 quod
1267 741 1318 798 est
1369 733 1443 784 [¹⁶¹²]

214 842 398 898 attornatus
424 855 502 898 suus
528 855 586 918 per
608 841 747 918 quatuor
767 833 889 897 milites
909 834 951 899 ad
970 856 1041 897 eam
1062 835 1174 899 missos
1189 844 1223 900 et
1238 835 1318 900 dicit

214 938 302 1023 quod
331 939 430 1003 assisa
455 960 521 1002 non
546 936 644 1001 debet
671 936 747 1002 inde
762 937 842 1014 fieri,
866 938 943 1024 quia.
966 939 1099 1002 eeclesia
1122 961 1188 1003 non
1213 949 1317 1018 uacat,

215 1039 316 1103 immo
330 1041 515 1105 Willelmus
530 1040 570 1104 de
586 1040 704 1104 Stokes
719 1048 770 1104 est
784 1039 860 1104 inde
880 1063 1016 1125 persona
1037 1042 1094 1128 qui
1115 1065 1246 1128 presens
1268 1053 1318 1108 est

214 1149 251 1206 et
274 1143 334 1207 hoc
356 1143 442 1208 idem
462 1143 544 1208 dicit
569 1151 604 1208 et
626 1144 748 1229 profert
769 1143 881 1208 literas
902 1144 1044 1230 episcopi
1067 1146 1318 1212 Sanisbiriensis

214 1255 365 1333 patentes
386 1270 450 1333 que
473 1256 637 1312 testantur
658 1248 744 1334 quod
766 1249 936 1313 euidenter
954 1258 1081 1314 constat
1100 1250 1131 1314 11
1145 1251 1232 1336 quod
1246 1274 1317 1337 pre·

213 1353 320 1417 dictus
342 1353 526 1417 Willelmus
556 1360 606 1416 est
635 1374 771 1437 persona
799 1352 944 1417 eiusdem
971 1353 1103 1417 ecclesie
1129 1362 1164 1418 et
1188 1377 1210 1418 1
1234 1355 1317 1420 bone

214 1455 368 1520 memorie
390 1455 572 1522 Hereberto
594 1455 756 1541 quondam
779 1456 928 1542 episcopo
947 1456 1167 1541 predecessore
1188 1457 1261 1522 suo¹
1276 1458 1318 1524 ad

213 1560 489 1644 presentacionem
504 1559 587 1624 bone
602 1558 756 1624 memorie
772 1558 874 1622 Marie
890 1558 1052 1643 quondam
1067 1559 1241 1625 Abbatisse
1256 1569 1317 1628 etc.

214 1663 340 1728 Profert
355 1664 456 1728 eciam
471 1672 593 1728 cartam
609 1662 754 1727 eiusdem
765 1661 906 1748 episcopi
918 1662 1092 1727 Hereberti
1103 1685 1166 1748 que
1177 1672 1318 1729 testatur

214 1768 302 1853 quod
316 1769 358 1833 ad
372 1769 646 1856 presentationem
663 1767 807 1833 eiusdem
823 1767 925 1831 Maria
940 1766 1114 1833 Abbatisse
1129 1778 1163 1833 et
1178 1793 1316 1836 conuen-

214 1881 269 1936 tus
284 1872 324 1938 de
341 1873 371 1938 S.
389 1872 545 1937 Eduardo
558 1872 761 1937 Willelmum
775 1871 816 1935 de
833 1871 934 1935 Stolre
948 1870 1100 1935 clericum
1112 1870 1154 1935 ad
1168 1894 1317 1957 persona·

213 1983 287 2039 tum
303 1975 433 2040 ecclesie
448 1975 489 2040 de
506 1976 631 2040 Keuele
647 1982 706 2039 etc.
723 1982 757 2038 et
773 1972 891 2038 statuit
906 1980 945 2036 ut
959 1971 1047 2036 idem
1061 1973 1245 2040 Willelmus
1259 1999 1318 2061 per

214 2102 347 2144 manum
359 2080 480 2144 Thome
492 2079 643 2166 perpetui
654 2077 799 2143 eiusdem
809 2069 942 2141 ecclesie
954 2075 1067 2140 uicarii
1078 2076 1213 2164 singulis
1224 2079 1318 2144 annis

214 2205 265 2247 111
282 2183 398 2248 solidos
419 2193 454 2248 et
476 2194 547 2249 octo
569 2183 697 2248 dende
720 2183 833 2247 eadem
856 2181 990 2245 ecclesia
1010 2182 1168 2268 percipiat
1187 2183 1317 2249 nomine

214 2286 385 2372 pensionis
429 2287 554 2352 Profert
576 2287 678 2352 eciam
700 2285 838 2351 cartam⁸
859 2284 1033 2350 Abbatisse
1055 2286 1158 2351 Marie
1178 2295 1213 2350 et
1233 2288 1317 2352 cius·

214 2389 290 2454 dem
319 2391 380 2454 loci
408 2400 588 2455 conuentus
617 2414 681 2477 que
712 2398 853 2456 testatur
881 2389 967 2475 quod
996 2389 1065 2475 ipse
1093 2400 1318 2455 concesserunt

215 2495 322 2560 eidem
343 2496 508 2561 Willelmo
531 2498 697 2562 ecclesiam
720 2496 760 2562 de
782 2495 937 2562 Ohiuelee
960 2502 1019 2558 etc.
1066 2496 1191 2561 Profert
1216 2497 1318 2562 eciam

215 2609 338 2664 cartam
354 2601 377 2666 J
377 2601 508 2665 ascelini
523 2600 685 2687 quondam
703 2597 954 2664 Sanisbiriensis
969 2598 1129 2685 episcopi⁴
1143 2622 1206 2685 que
1218 2609 1317 2667 testa-

215 2715 271 2771 tur
299 2706 386 2792 quod
413 2705 482 2791 ipse
512 2706 643 2770 admisit
670 2705 830 2791 quendam
856 2704 1078 2769 Baldewinum
1101 2705 1253 2770 clericum
1276 2708 1319 2772 sd

215 2809 383 2874 ecclesiam
398 2809 487 2873 111111
503 2809 545 2873 ad
560 2808 703 2894 predicte
718 2808 893 2873 Abbatisae
908 2807 1182 2893 presentacionem
1198 2819 1257 2874 etc.

282 2914 325 2978 Et
352 2913 517 2979 Johannes
541 2935 600 2999 per
619 2920 820 2978 attornatum
843 2933 939 2976 suum
960 2911 1053 2975 uenit
1076 2919 1109 2975 et
1132 2912 1212 2979 dicit
1233 2914 1319 2999 quod

215 3025 304 3082 carte
318 3017 374 3081 ille
390 3039 454 3080 non
468 3016 590 3082 debent
605 3015 636 3080 ei
654 3037 777 3091 nocere,
793 3015 871 3100 quia
892 3014 1031 3078 Thomas
1052 3016 1216 3100 predictus
1238 3019 1320 3083 obiit

214 3120 292 3186 inde
313 3144 450 3207 persona
470 3122 513 3185 ad
534 3121 809 3207 presentecionem
832 3118 933 3206 Regis
955 3120 1090 3184 Henrici
1107 3122 1164 3207 qui
1178 3123 1212 3186 lx
1226 3123 1320 3188 annis

215 3226 387 3290 transactis
407 3226 438 3291 ei
457 3226 596 3290 contulit
611 3226 778 3290 ecclesiam
792 3224 883 3289 illam
898 3224 1024 3288 racione
1039 3225 1168 3290 baronia
1183 3249 1241 3292 sue
1256 3251 1319 3313 que

215 3339 296 3396 tunc
322 3331 385 3395 fuit
407 3331 442 3395 in
464 3353 563 3395 manu
585 3329 709 3395 domini
732 3329 832 3416 Regis
858 3337 893 3393 et
916 3329 945 3393 si
966 3328 1054 3394 idem
1078 3330 1217 3396 Thomas
1243 3333 1320 3398 fecit

215 3431 292 3498 inde
316 3434 524 3498 collusionem
550 3433 610 3498 hoc
632 3455 697 3498 non
719 3433 817 3497 debet
839 3432 871 3497 ei
892 3454 1005 3497 nocere
1028 3433 1107 3518 quin
1128 3435 1228 3499 assisa
1247 3457 1320 3520 pro-

216 3537 319 3602 cedat.

285 3641 327 3704 Et
357 3637 515 3703 Ricerdus
543 3645 727 3703 attornatus
756 3637 930 3702 Abbatisse
958 3637 1038 3702 dicit
1068 3639 1154 3724 quod
1188 3641 1320 3725 quidam

217 3743 368 3808 Emolfus
398 3743 438 3808 de
469 3742 621 3829 Hasting'
646 3750 829 3806 antecessor
857 3742 1002 3806 eiusdem
1031 3743 1321 3812 ,1111111111111111ὅ

217 3846 385 3910 ecclesiam
407 3847 497 3910 illam
520 3845 631 3910 domui
653 3867 710 3910 sue
732 3845 767 3909 in
787 3844 994 3910 elemosinam
1009 3869 1083 3910 cum
1099 3847 1238 3932 quadam
1252 3849 1321 3914 filia

217 3971 278 4014 sua
292 3957 326 4014 et
341 3948 474 4034 quidam
493 3948 580 4013 filius
601 3971 678 4013 suus
699 3948 788 4013 illam
810 3948 1014 4013 confirmauit
1036 3958 1070 4014 et
1092 3952 1204 4016 eodem
1225 3954 1320 4019 modo

217 4052 310 4118 dedit
324 4053 394 4138 ipse
415 4053 568 4118 Emulfus
590 4053 654 4118 duo
675 4052 861 4117 molendina
881 4053 916 4116 in
938 4053 1050 4118 eadem
1075 4055 1155 4120 uilla
1175 4057 1320 4124 Abbacie

217 4156 258 4221 de
274 4155 449 4221 Rumeseia
463 4163 522 4222 etc.

249 4329 332 4379 ι1111
360 4343 481 4393 11111111]
508 4330 537 4379 ol
565 4330 741 4397 Shaftesbnry.
826 4331 1299 4398 ’conaminterlinedbyannotaton

218 4395 538 4458 nannetensem.
826 4398 967 4447 ⁴Joacalin
977 4398 1009 4447 de
1020 4400 1138 4460 Β11111111,
1146 4402 1240 4464 resign.
1250 4404 1322 4453 1184.

249 4461 260 4492 ²
276 4459 387 4510 Herbert
399 4461 423 4510 11
435 4460 523 4519 Poore,
535 4460 576 4511 ob.
589 4461 661 4514 1217.
822 4463 838 4528 *⁶
856 4463 970 4513 Monast.
983 4463 1033 4513 vol.
1045 4467 1069 4524 2,
1081 4479 1106 4527 p.
1119 4468 1174 4518 483.
