3342 5217
393 407 455 478 170
703 427 844 488 mmor,
865 426 930 477 ιιι.
954 413 1049 486 1224,
1071 425 1133 474 su
1157 413 1187 474 8.

391 591 479 678 quod
495 593 642 660 Andreas
660 597 796 661 retruxit
815 617 851 670 se
872 618 979 661 coram
1000 595 1056 672 eis,
1071 603 1106 660 et
1126 593 1236 680 posuit
1256 613 1291 658 se
1312 592 1348 656 in
1368 591 1490 656 miseri-

392 697 532 763 cordiam
554 707 588 764 et
610 699 697 784 quod
722 699 982 764 ameroisuerunt
1004 721 1080 764 eum
1101 697 1145 763 nd
1166 719 1266 762 unam
1287 709 1436 772 meroem,
1456 703 1492 759 et

390 801 570 867 «Iordanum
594 801 635 868 de
659 803 845 889 Treuergnu
865 803 1011 889 plegium
1030 824 1125 866 suum
1148 799 1189 866 de
1210 798 1429 886 pmsequendo
1449 795 1493 862 sd

390 926 490 968 unam
505 927 654 983 meream,
669 913 704 970 et
718 905 899 970 Robertum
914 905 945 970 le
960 904 1101 969 Butiller
1119 903 1266 991 plegium
1285 901 1430 966 eiusdem
1448 898 1491 964 od

390 1029 492 1072 unam
506 1031 653 1074 marsum

456 1109 507 1175 De
532 1110 649 1176 itinere
673 1110 804 1176 Redulfi
827 1112 964 1199 Hereng
986 1119 1022 1176 et
1044 1111 1195 1176 Fnleonis
1217 1111 1279 1175 filii
1300 1107 1431 1174 Rioerdi
1448 1105 1491 1172 sd

390 1214 522 1279 assisam
547 1237 631 1280 noue
657 1214 823 1280 disseisine
847 1215 1043 1301 oepiendem
1093 1213 1144 1278 De
1169 1213 1300 1278 Simone
1323 1209 1491 1276 Munekin’

390 1337 449 1401 pm
476 1315 644 1382 disseisins
671 1339 770 1403 quam
796 1317 874 1382 feeit
902 1318 1067 1382 Willelmo
1095 1316 1163 1380 filio
1184 1315 1307 1401 Pogeni
1328 1313 1369 1378 de
1391 1313 1492 1377 libem

390 1425 577 1482 tenemento
596 1440 655 1483 suo
675 1419 709 1483 in
730 1419 1041 1507 Chepingnorthona
1054 1418 1130 1482 dim.
1145 1440 1239 1483 maru
1255 1439 1313 1503 per
1326 1414 1491 1503 pleuinsm

390 1520 530 1586 Gilberti
552 1521 761 1588 Mskeblithe.
806 1523 858 1587 De
880 1523 1022 1588 Henrioo
1044 1522 1171 1588 Medioo
1196 1542 1255 1607 pro
1276 1521 1389 1585 eodem
1414 1518 1489 1583 dim

389 1647 484 1690 marc.
499 1647 557 1711 per
570 1626 735 1711 pleninam
751 1625 882 1691 Ricardi
897 1626 1014 1692 Clerici
1029 1635 1063 1691 et
1078 1625 1247 1690 Eustachii
1261 1624 1301 1689 de
1313 1623 1490 1688 Northoms

389 1727 440 1792 De
466 1727 613 1806 Gilberto
636 1728 840 1794 Makeblithe
861 1751 919 1814 pro
941 1729 1054 1794 eodem
1078 1728 1102 1814 j.
1125 1750 1219 1792 mare
1242 1749 1302 1813 per
1321 1725 1489 1812 pleninem

390 1831 531 1897 Simonis
542 1834 709 1898 Munekin'
720 1842 756 1898 et
770 1833 901 1899 Rienrdi
912 1833 1044 1913 Briton’.
1081 1832 1132 1897 De
1144 1832 1287 1896 Roberto
1298 1829 1492 1895 Muriweder

389 1957 447 2021 pro
467 1936 580 2001 eodem
600 1960 650 2000 xx.
666 1937 720 2002 sol
741 1959 800 2022 per
818 1937 984 2022 pleuinam
999 1936 1135 2000 Roberti
1155 1935 1196 2000 de
1218 1935 1396 2000 Northonu
1439 1934 1492 1999 De

390 2038 540 2104 Johanne
555 2039 674 2126 Magno
688 2060 746 2125 pro
760 2039 873 2104 eodem
893 2039 968 2103 dim
984 2061 1078 2103 mare.
1095 2060 1153 2123 per
1171 2037 1337 2124 pleuinam
1359 2036 1492 2102 Riemdi

391 2140 451 2206 filii
464 2127 563 2206 Alani
577 2149 611 2206 et
626 2141 755 2206 Ricardi
770 2141 800 2206 le
815 2141 956 2206 Peumer
969 2149 1004 2205 et
1019 2141 1176 2205 Willelmi
1188 2140 1249 2205 filii
1263 2139 1368 2204 Alani

455 2243 566 2330 Agnes
595 2266 658 2330 que
681 2244 745 2308 fuit
766 2266 848 2308 uxor
868 2243 1025 2308 Willelmi
1047 2243 1165 2309 Clerici
1187 2265 1249 2328 que
1271 2243 1357 2329 petit
1377 2264 1492 2307 uersus

391 2346 541 2434 Werreys
562 2347 772 2412 Foristarium
793 2347 928 2413 tercium
949 2356 1076 2433 partem
1093 2348 1117 2433 j.
1137 2347 1296 2433 mesuegii
1314 2369 1388 2412 cum
1410 2355 1492 2431 pert

392 2452 425 2516 in
440 2452 685 2518 Wslmesfordia
704 2461 743 2518 ut
762 2452 872 2518 dotem
892 2462 952 2518 eto
967 2452 1061 2518 uenit
1076 2461 1111 2518 et
1125 2451 1250 2517 remisit
1265 2451 1296 2515 ei
1311 2459 1419 2516 totum
1433 2472 1493 2536 pro

391 2555 447 2640 iiij.
464 2556 517 2621 sol
534 2577 614 2642 quos
628 2557 659 2622 ei
672 2556 764 2621 dedit
778 2564 837 2621 eto.

335 2701 342 2716 ·
457 2659 536 2725 Dies
550 2659 647 2725 datus
661 2669 711 2725 est
726 2660 863 2726 Ricardo
878 2659 918 2725 de
935 2659 1071 2746 Torpoll’
1086 2659 1214 2745 petenti
1233 2666 1268 2723 et
1288 2658 1430 2724 Henrioo
1450 2657 1493 2723 de

344 2781 352 2796 ·
393 2762 552 2829 Coleuilla
561 2762 602 2828 de
616 2763 659 2849 pl’
671 2763 791 2829 seruit’²
805 2786 825 2828 a
839 2763 892 2829 die
907 2763 1029 2829 Pesehe
1043 2765 1078 2828 in
1093 2787 1142 2829 xv.
1153 2763 1223 2829 dies
1237 2786 1331 2850 prece
1344 2763 1492 2850 parcium

392 2871 451 2930 etc.

335 3020 342 3035 .
456 2966 615 3031 Renulfus
630 2966 722 3032 Pioot
736 2965 810 3032 dat*

455 3069 546 3134 Prior
556 3069 596 3134 de
608 3069 863 3136 Brodenestolre⁸
874 3071 1090 3136 summonitus
1101 3071 1164 3135 fuit
1175 3070 1218 3136 ad
1232 3069 1492 3156 respondendum

332 3193 340 3210 ·
390 3171 554 3237 Willelmo
572 3172 613 3238 de
633 3173 836 3260 Rughedona
854 3182 890 3239 et
908 3175 1059 3240 «Iohanne
1078 3175 1171 3240 uxori
1186 3175 1256 3240 eius
1271 3198 1335 3261 quo
1349 3182 1494 3239 wemnto

389 3277 458 3362 ipse
480 3277 613 3342 intrusit
632 3299 666 3342 se
686 3279 721 3342 in
739 3301 842 3343 unum
857 3280 1036 3366 mesegium
1051 3303 1126 3345 oum
1140 3287 1220 3366 pert
1237 3279 1272 3345 in
1288 3279 1493 3365 Chippeham

390 3379 475 3464 quod
489 3388 539 3443 est
554 3378 595 3444 de
609 3379 701 3444 feodo
715 3379 933 3466 predictorum
949 3382 1106 3447 Willelmi
1123 3390 1158 3447 et
1176 3382 1328 3448 Johsnne
1348 3391 1384 3448 et
1405 3381 1495 3468 quod

389 3480 452 3567 ipsi
481 3489 632 3567 oeperunt
661 3482 696 3546 in
725 3505 858 3548 menum
886 3506 978 3548 suam
1002 3483 1102 3549 donec
1124 3492 1231 3549 rectus
1252 3484 1345 3550 heres
1366 3484 1408 3549 ed
1438 3507 1494 3550 eos

389 3582 517 3648 ueniret
531 3582 573 3647 ed
588 3583 770 3648 faciendum
785 3583 832 3648 eis
848 3584 933 3669 quod
948 3583 1024 3649 inde
1040 3585 1144 3650 faeere
1159 3584 1293 3649 deberet
1307 3593 1347 3649 ut
1360 3584 1484 3650 dicunt

455 3687 499 3751 Et
514 3687 604 3752 Prior
617 3687 710 3752 uenit
725 3695 759 3752 et
773 3686 919 3752 defendit
934 3689 1003 3753 uim
1018 3695 1053 3753 et
1067 3688 1219 3753 iniuriam
1233 3697 1268 3752 et
1278 3688 1493 3753 intrusionem

389 3797 441 3854 set
460 3811 575 3855 uerum
595 3789 669 3854 uult
686 3789 800 3856 dicere.
844 3789 985 3870 Quidem
1000 3791 1185 3856 Willelmus
1200 3791 1386 3857 Osreterius
1400 3791 1494 3856 dedit

390 3892 437 3957 eis
462 3901 496 3958 et
518 3893 628 3957 domui
649 3893 698 3960 se‘
719 3893 802 3959 illud
830 3895 1008 3980 mesagium
1031 3895 1066 3958 in
1087 3916 1203 3981 puram
1225 3894 1435 3959 elemosinam
1457 3902 1493 3960 et

391 3993 467 4059 inde
495 3995 617 4080 profert
646 4003 767 4060 certem
797 3995 942 4061 eiusdem
970 3996 1133 4062 Willelmi.
1156 4019 1220 4082 que
1250 3996 1372 4061 donum
1409 3996 1493 4064 illud

392 4103 541 4173 testatur,
561 4104 596 4160 et
617 4095 696 4162 dicit
719 4097 805 4187 quod
824 4106 1027 4183 peremtum
1048 4097 1138 4163 illem
1160 4099 1224 4164 fuit
1244 4099 1281 4164 in
1302 4098 1423 4165 seisine
1442 4123 1492 4166 xv.

391 4195 484 4261 annis
498 4196 621 4282 elapsis

424 4367 433 4400 ¹
468 4369 543 4419 hotto
553 4371 662 4419 soronii.
996 4369 1341 4434 ’Moumtvottptt't

423 4432 435 4464 ⁸
473 4433 743 4484 wolinesleltblnnlr.
996 4435 1327 4488 monetariorum.
1454 4451 1458 4456 ·
