3342 5217
341 313 405 377 638
646 323 787 385 unsar,
809 324 874 372 au.
901 311 993 385 1234,
1015 326 1078 373 aa
1104 315 1153 375 18.

340 500 454 565 dicunt
469 500 555 586 quod
570 522 641 563 non.
687 498 732 561 Et
747 496 825 583 quia
840 496 1004 583 predictus
1020 498 1205 563 Willelmus
1219 499 1301 563 obiit
1320 499 1454 563 scisitus

340 601 517 668 decadem
545 609 632 665 terra
655 609 692 665 ut
714 600 755 665 de
777 599 880 677 feodo,
902 608 936 664 et
959 600 1045 665 idem
1069 602 1234 667 Fabianus
1255 602 1394 667 intrauit
1417 602 1454 666 in

340 706 489 771 seie'inam
513 727 612 791 quam
634 712 728 789 pater
749 725 827 768 suus
848 703 973 781 habuit,
988 713 1023 770 et
1045 704 1133 770 idem
1155 706 1312 771 Riccrdus
1334 705 1455 770 habuit

339 810 491 875 seisinam
512 832 571 896 per
592 808 817 873 uendicionem
839 808 941 894 ipsius
963 809 1109 888 Fabiani,
1124 820 1159 875 et
1179 812 1258 896 quie
1271 811 1335 897 ipsi
1350 812 1454 896 Hugo

339 924 374 979 et
389 916 506 979 Emma
518 935 698 998 numquam
712 912 864 976 seisinam
880 912 956 977 inde
971 913 1158 978 habuerunt
1173 914 1235 978 nisi
1255 914 1295 979 dc
1315 914 1454 978 semicio

339 1026 378 1083 ut
392 1018 549 1083 iuratores
569 1017 691 1093 dicunt,
707 1016 955 1081 Consideratum
977 1018 1134 1103 estquod
1156 1019 1255 1105 Hugo
1277 1026 1311 1083 et
1335 1018 1456 1082 Emma

338 1122 438 1187 nichil
452 1121 528 1186 inde
543 1121 681 1185 clamare
695 1127 851 1205 poterunt
866 1118 900 1182 in
916 1127 1003 1184 terra
1022 1120 1079 1185 illa
1098 1121 1167 1185 sine
1188 1130 1329 1186 umento
1349 1120 1455 1205 ipsius

340 1227 454 1290 Emme
470 1224 510 1289 de
526 1224 602 1289 dote
616 1246 684 1301 sua,
699 1232 734 1289 et
748 1222 822 1288 ideo
839 1223 996 1309 Magister
1013 1223 1187 1289 Ricardus¹
1203 1224 1278 1290 inde
1298 1223 1368 1289 sine
1388 1223 1453 1301 die,

339 1336 374 1393 et
389 1329 488 1415 Hugo
503 1328 538 1392 in
553 1327 776 1392 misericordia

406 1435 599 1519 Preceptum
615 1432 678 1496 fuit
692 1431 877 1495 uicecomiti
892 1430 979 1517 quod
999 1430 1176 1517 diligenter
1195 1431 1373 1518 inquireret
1394 1431 1454 1517 qui

341 1540 474 1602 fuerunt
493 1536 709 1623 recognitores
728 1536 827 1600 assiae
848 1558 932 1600 noue
955 1535 1122 1600 disseisine
1145 1558 1208 1621 que
1231 1558 1335 1622 nuper
1355 1544 1456 1621 capta

341 1641 405 1705 fuit
441 1638 530 1726 apud
563 1639 811 1704 Beddefordiam
841 1661 946 1704 coram
978 1638 1120 1704 Henrico
1150 1639 1190 1703 de
1227 1639 1387 1725 Braybroc
1418 1650 1454 1703 ct

340 1746 434 1811 sociis
447 1743 529 1809 snis'
544 1744 732 1809 constitutis
747 1744 834 1809 inter
854 1744 1032 1809 Redulfum
1052 1744 1093 1809 dc
1109 1744 1238 1829 Tyuilla
1258 1752 1452 1829 querentem

340 1856 375 1912 et
401 1846 581 1911 Henricum
606 1845 647 1909 de
671 1846 840 1910 Naffonlia
861 1854 896 1910 et
919 1844 1115 1910 Matillidem
1137 1868 1271 1910 uxorem
1294 1869 1385 1910 suam
1410 1846 1452 1911 de

339 1960 528 2017 tenemento
542 1950 578 2014 in
598 1951 718 2035 Aspele
738 1958 773 2014 et
792 1973 847 2015 eos
867 1950 979 2015 uenire
1000 1951 1119 2015 faceret
1139 1972 1245 2015 coram
1265 1950 1454 2015 iusticiariis

340 2056 475 2121 Westm’
491 2063 552 2119 etc
566 2054 608 2119 ad
623 2051 868 2119 certificandum
882 2053 969 2139 ipsos
983 2053 1024 2118 de
1045 2063 1246 2119 sacramento
1267 2054 1353 2139 quod
1374 2055 1452 2121 inde

341 2159 494 2236 lecerunt,
516 2166 552 2221 et
580 2158 668 2223 unde
694 2156 757 2242 ipsi
781 2157 944 2221 Henricus
970 2165 1005 2221 et
1027 2157 1164 2223 Matillis
1187 2159 1295 2244 questi
1317 2160 1453 2223 fuerunt

341 2264 427 2349 quod
441 2262 608 2348 predictus
623 2262 786 2326 Henricus
800 2262 841 2326 de
863 2262 1024 2347 Breybroc
1044 2269 1078 2326 st
1099 2263 1177 2327 socii
1198 2263 1250 2328 sui
1271 2263 1393 2327 iniuste
1418 2275 1453 2328 ct

340 2376 452 2433 contra
475 2366 609 2433 consid'⁸
630 2366 723 2452 regni
746 2375 904 2452 ceperunt
929 2367 1061 2431 assisam
1088 2366 1187 2444 fliam,
1210 2390 1248 2432 eo
1270 2368 1357 2453 quod
1378 2391 1452 2453 pre·

341 2470 447 2534 dictus
476 2468 639 2534 Heuricus
664 2476 698 2533 et
725 2467 862 2533 Matillis
888 2476 967 2533 tunc
994 2467 1147 2533 dixerunt
1171 2469 1257 2554 quod
1282 2492 1453 2555 recupera-

341 2580 460 2637 uerunt
483 2579 708 2637 tenementum
730 2570 813 2635 illud
834 2570 870 2633 in
892 2570 983 2634 curie
1005 2571 1098 2636 Dom.
1115 2570 1215 2659 Regis
1237 2580 1319 2656 aput
1341 2572 1452 2637 West-

341 2677 573 2742 monasterium
592 2698 697 2741 coram
718 2675 905 2740 iusticiariis
926 2698 984 2761 per
1005 2674 1163 2740 iudicium
1186 2675 1331 2741 eiusdem
1354 2676 1453 2752 curie,

341 2789 376 2844 et
390 2780 465 2845 inde
482 2780 592 2845 uocat⁴
606 2779 648 2844 ad
663 2788 842 2844 warantum
858 2779 979 2843 rotulos
994 2778 1137 2865 ipsorum
1154 2779 1403 2844 iusticiariomm
1416 2790 1452 2845 et

341 2882 404 2968 ipsi
418 2883 459 2947 ob
475 2882 534 2947 hoc
552 2905 617 2946 non
637 2882 815 2947 omiserunt
837 2882 916 2967 quin
936 2889 1090 2967 caperent
1110 2882 1242 2947 assisam
1262 2882 1360 2947 illam.
1408 2884 1453 2948 Et

340 2995 528 3072 preceptum
544 2986 607 3050 fuit
622 2985 709 3071 quod
723 2986 836 3050 uenire
851 2986 971 3051 faceret
987 2986 1169 3072 predictum
1185 2986 1371 3052 Redulfum.

407 3093 450 3156 Et
471 3092 629 3156 iuratores
648 3090 788 3155 ueniunt
808 3099 843 3155 et
863 3091 978 3155 dicunt
998 3090 1084 3176 quod
1103 3091 1268 3177 predictus
1288 3092 1454 3159 Hem-icus

340 3205 375 3260 et
405 3195 541 3260 Matillis
569 3194 690 3259 iniuste
720 3202 755 3257 et
784 3194 854 3258 sine
880 3194 1000 3259 iudicio
1026 3202 1160 3280 etpost
1187 3194 1362 3259 terminum
1386 3196 1452 3261 dis-

340 3300 536 3365 seisiuerunt
550 3300 658 3385 ipsum
672 3299 851 3363 Radulfum
867 3298 907 3363 de
923 3298 1000 3363 dim.
1016 3320 1118 3365 carue.
1134 3307 1228 3375 terre,
1244 3308 1278 3363 ct
1292 3299 1341 3363 ite
1359 3300 1453 3386 prius

341 3404 494 3468 dixerunt
523 3424 629 3468 coram
658 3400 800 3467 Henrico
829 3401 871 3465 de
902 3401 1062 3487 Braybroc
1092 3409 1126 3465 et
1155 3401 1248 3465 sociis
1278 3401 1352 3465 suis.
1405 3402 1453 3466 Et

342 3506 503 3571 Henricus
526 3506 672 3591 quesitus
692 3504 732 3569 de
753 3527 819 3590 que
840 3504 968 3588 [terra⁵]
991 3514 1126 3590 questus
1146 3506 1218 3583 fuit,
1233 3505 1314 3569 dicit
1334 3506 1451 3591 [quod]

341 3611 439 3675 istam
465 3609 569 3693 [dim]
592 3630 693 3674 caruc.
716 3615 801 3672 terre
827 3607 937 3671 tenuit
960 3608 1059 3694 Hugo
1082 3608 1271 3673 Graundun’
1293 3609 1342 3673 ite
1364 3612 1452 3696 quod

342 3713 449 3799 ipsum
464 3711 670 3797 inplacitauit
685 3712 719 3776 in
734 3710 824 3775 curia
839 3712 931 3775 Dom.
949 3709 1057 3797 Regis,
1073 3718 1107 3775 et
1122 3710 1229 3795 posita
1243 3711 1307 3776 fuit
1322 3712 1452 3799 loquela

342 3817 377 3880 in
391 3822 583 3901 respectum,
598 3814 676 3901 quia
689 3813 758 3899 ipse
775 3814 875 3899 Hugo
891 3814 955 3877 fuit
976 3812 1011 3876 in
1031 3812 1166 3877 seruicio
1182 3814 1274 3878 Dom.
1293 3815 1400 3903 Regis,
1415 3828 1451 3881 et

341 3918 473 3983 interim
487 3916 581 3982 uenit
595 3917 681 3981 idem
697 3915 857 3980 Radulfus
873 3925 907 3979 et
921 3914 1128 4001 inplacitauit
1149 3915 1257 4001 ipsum
1274 3916 1450 4003 Hugonem

342 4025 382 4089 de
408 4023 522 4088 eadem
548 4031 635 4088 terra
660 4044 723 4108 que
747 4020 812 4086 fuit
836 4042 911 4106 pars
936 4020 1024 4084 illius
1051 4027 1135 4084 terre
1161 4041 1259 4104 quam
1287 4020 1452 4087 Henricus

376 4230 528 4281 ¹Ricordur
538 4228 625 4279 interl.
636 4228 671 4291 by
682 4231 828 4278 annotator.
951 4226 1050 4276 ‘Gom
1062 4236 1223 4278 uocaucmnt.

375 4294 386 4325 ²
403 4295 502 4358 snpply
512 4295 666 4344 iusticiariie
678 4292 718 4359 (t).
951 4292 962 4323 ⁸
979 4290 1071 4343 Words
1082 4292 1110 4342 in
1122 4294 1143 4357 [J
1154 4292 1239 4343 interl.
1253 4293 1288 4356 by
1298 4298 1448 4346 annotator.

375 4361 386 4393 ²
402 4362 474 4410 Gorr.
486 4362 685 4409 cormoetadirrem
695 4359 737 4423 (ἲ).
