3342 5217
507 407 648 468 miser,
670 405 734 455 un.
761 393 854 466 1231,
876 406 938 455 aa
964 394 1013 455 15.
1240 393 1304 456 385

200 581 427 646 Bau-tholomeo
437 581 524 667 quod
538 580 741 646 ostenderet¹
757 580 810 645 uel
825 580 936 666 aliqua
949 581 1154 645 munimenta
1168 603 1227 666 per
1240 603 1303 666 que

199 683 367 749 ostendere
382 692 490 770 posset
502 691 536 748 et
551 682 663 748 docere
675 683 762 768 quod
776 682 865 747 idem
875 682 950 747 Ada
964 683 1091 747 nullum
1107 682 1158 747 ius
1169 683 1304 747 haberet

199 786 234 850 in
257 786 403 872 predicto
426 786 571 862 introitu,
599 795 634 852 et
659 787 728 872 ipse
755 786 861 851 nullas
886 794 990 850 cartas
1015 809 1075 850 nec
1100 785 1304 850 munimenta

199 889 342 955 ostendit
357 889 442 954 unde
457 889 520 976 ipsi
534 911 593 974 per
607 879 897 954 consideracionem
912 889 1016 953 tocius
1031 888 1197 974 Hustengi
1211 888 1303 953 adiu·

198 992 390 1058 dicauerunt
405 993 468 1079 ipsi
482 993 554 1058 Ade
570 993 721 1057 saisinam
736 1015 837 1058 suam.

263 1097 309 1161 Et
330 1097 408 1182 quia
428 1097 566 1183 predicti
589 1097 752 1161 Robertus
774 1105 808 1161 et
834 1096 1082 1161 Bartholomeus
1107 1104 1303 1182 cognoscunt

198 1203 286 1288 quod
314 1203 437 1268 habent
466 1202 605 1268 liberum
634 1202 806 1267 introitum
836 1202 872 1266 in
900 1202 1033 1267 domum
1063 1202 1204 1287 ipsorum
1234 1202 1303 1266 sine

199 1305 433 1392 impedimento
458 1305 544 1392 quod
570 1305 687 1390 aliquis
713 1313 856 1390 opponat
881 1313 916 1369 et
941 1304 1040 1370 nichil
1066 1305 1179 1370 dicunt
1204 1326 1303 1390 quare

199 1408 286 1472 idem
307 1407 382 1472 Ada
403 1407 572 1472 introitum
596 1407 713 1471 habere
736 1429 800 1470 non
822 1406 950 1483 debeat,
969 1429 1030 1471 nec
1051 1415 1174 1471 cartam
1197 1415 1304 1470 osten-

198 1511 292 1590 dunt,
307 1535 366 1576 nec
381 1534 499 1598 ponere
515 1533 548 1576 se
569 1511 686 1575 uolunt
707 1533 804 1596 super
824 1511 964 1595 patriam
988 1510 1234 1576 consideratum
1254 1519 1304 1573 est

199 1616 285 1702 quod
299 1615 374 1680 Ada
387 1622 554 1680 remaneat
568 1614 603 1677 in
618 1612 735 1678 saisina
749 1634 808 1701 sua
823 1620 858 1676 et
874 1611 932 1676 alii
951 1611 986 1676 in
1008 1612 1225 1676 misericordia
1246 1632 1304 1696 pro

199 1720 302 1785 stulta
316 1720 454 1807 querela

140 1870 147 1882 ·
263 1825 371 1890 Alicia
385 1847 447 1912 que
463 1824 526 1889 fuit
541 1844 621 1888 uxor
640 1822 797 1887 Willelmi
817 1821 858 1886 de
878 1820 1165 1908 Wadingefeuldia
1181 1820 1304 1905 apellat
1384 1845 1397 1872 o
1416 1863 1422 1873 -

199 1928 368 1993 Warinum
405 1928 509 1992 filium
546 1927 697 2014 Hugonis
737 1927 918 1992 Robertum
961 1928 1092 1990 fratrem
1132 1947 1228 1990 suum
1269 1935 1303 1988 et

200 2031 382 2096 Walterum
397 2031 501 2096 lilium
516 2030 652 2095 Roberti
666 2030 706 2095 de
721 2039 826 2094 morte
841 2029 1000 2095 Willelmi
1014 2029 1078 2111 uiri
1092 2030 1151 2094 sui

266 2135 310 2200 Et
325 2135 479 2199 Thomas²
498 2134 713 2200 Norwicensis
734 2133 912 2220 Episcopus
931 2133 1101 2199 mandauit
1120 2134 1306 2199 iusticiariis

200 2261 259 2326 per
275 2239 386 2303 literas
405 2261 480 2303 suas
499 2247 650 2323 patentes
672 2237 758 2323 quod
780 2237 887 2301 clerici
909 2245 987 2302 sunt
1008 2246 1042 2301 et
1064 2237 1170 2302 mittit
1190 2260 1249 2323 pro
1270 2260 1304 2302 se

200 2341 400 2427 suppriorem
415 2340 455 2405 de
472 2340 623 2426 Gippele³
638 2347 673 2404 et
687 2339 773 2426 petit
793 2361 848 2403 eos
867 2339 952 2403 sicut
971 2340 1102 2405 clericos
1121 2349 1157 2405 et
1176 2341 1305 2405 liberati

199 2453 277 2510 sunt
307 2443 464 2530 Episcopo
493 2443 577 2507 sicut
607 2443 713 2507 clerici
743 2451 782 2507 ut
812 2465 919 2508 coram
956 2465 994 2508 eo
1030 2444 1064 2508 in
1100 2444 1305 2509 accusacione

199 2549 345 2614 mulieris
363 2547 563 2634 procedatur.
608 2547 652 2611 Et
667 2547 833 2612 sciendum
850 2547 937 2635 quod
951 2548 1014 2633 ipsi
1029 2549 1305 2635 inplacitauerunt

198 2653 377 2738 predictam
400 2652 539 2718 Aliciam
568 2653 603 2716 in
632 2653 722 2718 curia
751 2652 976 2718 cristianitatis
997 2676 1056 2739 per
1078 2653 1189 2719 literas
1211 2655 1303 2719 Dom.

199 2757 296 2843 Pape,
318 2766 368 2821 set
393 2757 590 2822 inuenerunt
615 2757 760 2843 plegium
783 2757 840 2843 qui
861 2759 1050 2844 manucepit
1071 2781 1130 2844 pro
1151 2759 1198 2823 eis
1220 2758 1306 2844 quod

198 2859 348 2924 decetero
361 2883 427 2924 non
442 2869 619 2946 sequentur
632 2862 789 2947 placitum
803 2862 894 2927 illud.
1361 2857 1364 2861 ’

135 3022 142 3034 .
265 2965 449 3030 Willelmus
473 2965 636 3030 Attewell'
662 2989 719 3051 pro
742 2989 776 3032 se
800 2977 834 3031 et
859 2967 976 3031 Emma
997 2989 1095 3032 uxore
1118 2967 1189 3032 eius
1213 2967 1306 3031 cuius
1359 2985 1424 3023 nuel.

199 3069 269 3133 loco
283 3068 416 3154 ponitur
429 3067 515 3154 petit
533 3091 645 3134 uersus
665 3070 843 3135 Radulfum
863 3072 895 3134 le
918 3071 1003 3136 Hert
1024 3070 1157 3136 terciam
1178 3079 1304 3156 partem

199 3177 338 3242 duamm
352 3177 495 3262 parcium
514 3177 537 3260 j.
553 3176 634 3263 nirg.
650 3186 734 3242 terre
750 3201 824 3242 cum
839 3187 920 3264 pert.
936 3179 971 3242 in
987 3178 1125 3265 inham
1142 3188 1176 3243 et
1194 3201 1306 3243 uersus

200 3280 418 3367 Reginaldum
434 3282 463 3346 le
480 3282 564 3345 Hert
579 3290 614 3346 et
628 3281 789 3346 Amiciam
804 3305 938 3346 uxorem
949 3283 1020 3347 eius
1031 3283 1164 3347 terciam
1179 3290 1306 3368 partem

199 3385 299 3449 tercie
315 3385 417 3470 partis
434 3385 458 3470 j
480 3385 560 3472 uirg.
582 3394 666 3450 terre
687 3409 761 3450 cum
776 3395 857 3472 pert.
874 3386 908 3450 in
924 3386 1037 3451 eadem
1052 3387 1132 3450 uilla
1143 3395 1182 3450 ut
1196 3386 1305 3451 dotem
1317 3409 1467 3449 unstrutam

199 3490 302 3575 ipsius
318 3489 432 3554 Emme
447 3497 507 3554 etc.
1316 3456 1467 3589 ffiiffiffi

266 3593 311 3658 Et
335 3592 535 3680 Reginaldus
560 3603 594 3658 et
619 3593 779 3658 Radulfus
801 3594 940 3658 ueniunt
963 3603 998 3659 et
1024 3604 1142 3659 uocant
1167 3594 1243 3659 inde
1264 3595 1467 3682 adffiffffluffl

199 3705 380 3762 warantum
396 3697 429 3762 N
431 3698 591 3762 icholaum
607 3697 711 3762 filium
727 3699 864 3763 Roberti
882 3699 923 3763 de
944 3699 1149 3787 Wauetinge,
1164 3699 1306 3764 habeant
1317 3653 1461 3786 ffillfflffi

200 3823 278 3865 eum
297 3823 319 3864 a
339 3799 392 3864 die
414 3808 474 3864 etc.
520 3799 564 3864 Et
585 3799 709 3864 dictum
732 3809 782 3865 est
804 3800 926 3865 eisdem
948 3801 1113 3865 Willelmo
1134 3810 1169 3866 et
1190 3783 1466 3886 Emmehhfflf

199 3903 288 3991 quod
302 3905 444 3970 habeant
459 3927 534 3969 eum
549 3903 590 3969 ad
605 3904 787 3990 predictum
803 3905 979 3970 terminum
1000 3906 1077 3991 quia
1090 3905 1213 3970 hahent
1230 3928 1305 3969 eum
1316 3876 1467 4008 ffiffipi'
1516 3929 1524 3943 ¹

199 4007 236 4071 in
251 4007 398 4072 custodia
411 4029 485 4072 cum
501 4015 587 4071 terra
602 4029 667 4072 sua
1316 4016 1444 4111 ffippp

1316 4110 1436 4149 habuerunt
1443 4109 1464 4148 ln

235 4164 245 4196 ¹
263 4165 363 4228 Supply
374 4175 465 4218 cortus.
780 4167 893 4217 ronches
904 4167 949 4216 the
960 4167 1017 4216 heir
1028 4167 1057 4215 ol
1066 4165 1111 4216 the
1121 4167 1177 4215 first
1185 4165 1305 4216 husband
1316 4157 1410 4243 {wll

236 4230 403 4280 ’Blnnville
780 4233 838 4283 who
854 4232 878 4281 is
894 4232 923 4290 in
940 4231 985 4281 the
1006 4231 1116 4293 ouatody
1132 4232 1161 4280 ol
1182 4231 1226 4280 the
1247 4232 1305 4280 wile
1367 4231 1373 4242 ’

236 4294 514 4358 ³ChipleyP1ioryin
526 4297 635 4346 Suffolk.
780 4298 832 4347 and
856 4297 951 4346 second
974 4296 1104 4346 husband.
1138 4297 1211 4359 They
1233 4302 1306 4345 must

141 4411 144 4417 ,
235 4360 343 4410 ⁴Inan
359 4361 446 4411 action
464 4361 504 4411 lor
521 4361 605 4412 dower
621 4363 656 4425 by
672 4362 730 4410 wile
780 4363 893 4426 produce
904 4362 969 4411 him.

202 4425 257 4476 and
292 4426 385 4475 second
419 4426 541 4476 husband
570 4427 614 4476 the
637 4433 729 4478 lenam

187 4565 190 4573 -
292 4541 326 4588 u.
1181 4531 1221 4591 25
