3342 5217
407 378 639 437 prosternas,
663 378 727 427 sn.
752 366 845 439 1231,
868 380 929 428 aa
956 367 1091 430 15-16.
1234 366 1296 433 497

193 561 231 617 ut
253 552 353 617 sicin
381 572 516 637 persona
544 572 604 614 sua
629 548 726 615 saciat
756 549 861 636 legem
888 549 985 614 datus
1014 559 1064 615 est
1093 552 1139 616 eis
1165 552 1234 617 dies
1264 562 1298 617 et

193 662 271 719 tunc
291 654 402 719 ueniat
422 653 534 718 Abbas
555 653 589 717 in
610 652 739 738 propria
755 674 892 738 persona
913 652 954 717 ad
976 653 1235 740 respondendum
1257 655 1298 720 de

192 754 335 840 predicto
350 754 469 819 debito.

136 908 142 920 .
257 858 414 924 Ricardus
433 856 474 921 de
495 857 646 921 Merlawe
666 856 875 922 athachiatus
890 858 954 922 fuit
975 858 1017 923 ad
1039 859 1298 945 respondendum
1353 874 1419 913 Beck·

191 962 333 1027 Roberto
348 961 389 1026 de
404 962 437 1025 la
451 960 577 1025 Waude
593 982 691 1045 quare
707 959 808 1025 traxit
828 982 905 1023 eum
924 959 959 1024 in
979 960 1136 1046 placitum
1156 962 1191 1026 in
1211 962 1301 1027 curia

190 1067 414 1133 cristianitatis
425 1067 465 1132 de
478 1067 603 1132 catallis
613 1088 675 1152 que
687 1088 752 1131 non
763 1074 842 1131 sunt
853 1074 913 1131 ete
923 1077 1036 1131 contra
1045 1067 1299 1153 prohibicionem

191 1181 250 1237 etc
267 1181 301 1238 et
315 1172 466 1237 similiter
482 1170 523 1236 de
543 1195 573 1235 x.
589 1194 648 1235 aer.
666 1180 751 1236 terre
774 1171 809 1235 in
824 1170 1038 1248 Wendouere,
1053 1180 1088 1237 et
1110 1173 1197 1237 unde
1219 1174 1300 1239 dicit

191 1276 278 1362 quod
306 1298 365 1362 per
389 1274 547 1362 placitum
574 1274 656 1339 illud
680 1275 744 1341 fuit
771 1275 840 1361 ipse
865 1276 1162 1343 excommunicatus
1184 1288 1219 1343 et
1241 1301 1300 1364 per

191 1378 389 1445 sentenciam
405 1378 494 1443 illam
518 1386 633 1463 captus
656 1385 691 1441 et
714 1378 944 1463 imprisonatus
965 1402 1023 1464 per
1042 1381 1128 1466 xviij.
1145 1382 1299 1467 septima-

192 1504 250 1547 nas
265 1489 299 1547 et
314 1481 455 1566 amplius
470 1480 518 1545 ita
533 1480 619 1565 quod
634 1479 849 1545 deterioratae
864 1490 915 1545 est
929 1490 989 1548 etc.
1005 1491 1040 1547 et
1060 1483 1135 1548 inde
1150 1485 1299 1570 producit

191 1593 321 1650 sectam.

259 1688 302 1753 Et
313 1689 471 1754 Ricardus
482 1689 573 1754 uenit
585 1698 619 1753 et
628 1689 774 1755 defendit
786 1699 898 1756 contra
908 1691 1016 1777 ipsum
1028 1703 1062 1758 et
1076 1702 1197 1759 sectam
1207 1716 1298 1759 suam

193 1795 279 1881 quod
301 1816 468 1881 nunquam
492 1803 565 1880 post
587 1794 841 1879 prohibicionem
865 1796 966 1861 traxit
987 1820 1063 1862 eum
1086 1798 1120 1863 in
1142 1799 1320 1884 placitum

191 1906 242 1963 set
257 1914 371 1963 reuera
384 1905 461 1962 ante
476 1896 729 1983 prohibicionem
744 1897 952 1983 inplacitauit
974 1922 1050 1964 eum
1070 1910 1104 1965 et
1125 1901 1184 1965 tali
1204 1901 1299 1965 modo

192 2000 270 2087 quia
290 2022 405 2065 reuera
424 1999 511 2064 idem
529 1999 686 2064 Ricardus
709 1998 804 2064 duxit
826 2000 862 2064 in
883 2023 1017 2066 uxorem
1038 2003 1140 2068 filiam
1162 2004 1300 2089 predicti

192 2105 328 2170 Roberti
350 2113 385 2170 et
407 2105 493 2170 idem
516 2104 664 2191 promisit
688 2103 719 2168 ei
741 2126 815 2169 eum
840 2104 909 2169 filia
931 2128 991 2170 soa
1016 2116 1085 2171 tam
1110 2108 1145 2171 in
1175 2109 1300 2173 catallis

192 2231 290 2295 quam
305 2208 341 2273 in
354 2207 495 2273 denariis
509 2230 612 2293 usque
632 2207 674 2271 ad
692 2207 733 2271 xl.
750 2230 856 2284 marc,
870 2217 905 2272 et
920 2208 998 2294 quia
1011 2208 1159 2275 denanos
1176 2209 1248 2275 illos
1269 2212 1300 2275 ei

192 2311 326 2377 reddere
348 2310 454 2375 noluit
472 2310 680 2395 inplacitauit
699 2332 774 2375 eum
797 2333 904 2375 coram
922 2309 928 2396 Ι
947 2311 1182 2377 Archidiacono
1197 2314 1297 2378 Bucln

191 2422 243 2478 set
271 2435 385 2477 reuera
413 2413 454 2477 de
484 2411 573 2476 nullo
603 2412 683 2477 laico
707 2412 799 2476 feodo
823 2435 883 2477 nec
912 2412 953 2478 de
979 2423 1067 2479 terra
1089 2414 1200 2499 aliqua
1222 2438 1297 2481 eum

192 2515 406 2602 inplacitauit.
452 2516 495 2579 Et
515 2515 677 2580 Robertus
699 2537 763 2579 non
786 2522 895 2601 potest
917 2515 977 2581 hoc
998 2516 1155 2595 dedicere,
1170 2528 1204 2583 et
1226 2518 1299 2583 ideo

192 2621 351 2687 Ricardus
365 2620 441 2685 inde
456 2620 525 2685 sine
541 2618 594 2683 die
610 2627 644 2683 et
660 2619 822 2685 Robertus
837 2620 873 2685 in
888 2620 1105 2687 misericordia
1114 2623 1131 2687 ¹.

133 2789 139 2799 ,
258 2723 396 2788 Alditha
410 2745 474 2809 que
489 2722 552 2787 fuit
572 2743 653 2787 uxor
667 2722 825 2787 Willelmi
840 2724 999 2810 Wigaunt
1018 2748 1077 2811 per
1097 2733 1300 2791 attornatum

192 2851 289 2894 suum
309 2828 394 2915 petit
416 2848 529 2891 uersus
551 2825 731 2891 Robertum
757 2827 785 2891 le
810 2828 995 2914 Fraunceys
1017 2828 1151 2893 terciam
1173 2836 1300 2913 partem

193 2932 291 2997 unius
314 2931 394 3017 uirg.
422 2937 506 2994 terre
532 2951 606 2993 cum
636 2937 718 3015 pert.
740 2930 775 2993 in
805 2930 962 2995 Hentona
990 2938 1029 2994 ut
1058 2928 1169 2995 dotem
1198 2952 1301 3006 suam,

193 3036 242 3100 ita
256 3034 343 3121 quod
356 3033 420 3099 fnit
434 3032 598 3098 obiectum
610 3033 640 3097 ei
655 3033 741 3118 quod
756 3055 820 3097 non
836 3032 951 3098 debuit
965 3033 1041 3099 inde
1056 3033 1166 3098 dotem
1181 3034 1300 3099 habere

193 3138 272 3224 quia
285 3136 428 3201 nonfuit
448 3135 592 3221 predicto
608 3136 771 3201 Willelmo
792 3136 955 3223 legittimo
975 3136 1180 3201 matrimonio
1201 3159 1300 3222 copu-

193 3242 262 3307 lata
284 3240 521 3327 propterquod
541 3240 732 3305 mandatum
748 3240 812 3303 fuit
831 3238 971 3305 officiali
986 3240 1078 3304 Dom
1095 3240 1299 3305 Wintonien·

192 3346 237 3411 sis
263 3368 283 3411 a
311 3368 375 3432 quo
403 3355 438 3411 et
467 3368 488 3409 a
516 3345 609 3410 cuius
632 3345 798 3410 sentencia
819 3345 997 3431 apellatum
1021 3345 1085 3409 fuit
1106 3346 1148 3410 ob
1169 3368 1298 3411 causam

193 3449 398 3513 manifestam
413 3448 455 3513 ad
470 3448 563 3517 Dom.
581 3447 848 3513 cantuariensem
869 3456 904 3511 et
925 3447 994 3533 ipse
1014 3468 1073 3533 per
1093 3448 1204 3513 literas
1225 3470 1301 3513 suas

192 3552 363 3617 mandauit
383 3560 534 3637 patentes
552 3552 639 3637 quod
660 3551 724 3616 fuit
739 3551 846 3617 eidem
862 3550 1027 3615 Willelmo
1046 3550 1209 3638 legittimo
1230 3574 1299 3616 ma-

192 3656 344 3722 trimonio
373 3656 531 3741 copulata
577 3656 620 3720 Et
649 3656 722 3721 ideo
752 3655 1000 3721 Consideratum
1030 3663 1080 3719 est
1108 3654 1194 3740 quod
1228 3656 1300 3740 ipsa

192 3758 399 3845 recuperauit
414 3758 564 3823 saisinam
580 3757 662 3823 etc'

66 3898 73 3909 ·
130 3938 137 3951 ι
258 3864 370 3929 Assisa
398 3863 491 3928 uenit
520 3863 724 3950 recognitum
747 3863 820 3948 quis
843 3862 1021 3927 aduocatos
1044 3871 1188 3946 tempore
1211 3860 1300 3947 pacis
1359 3888 1372 3915 ο
1391 3888 1439 3916 um·

193 3966 396 4055 presentauit
427 3964 595 4030 ultimam⁸
626 3987 689 4052 que
726 3973 855 4030 mortua
891 3973 941 4029 est
977 3963 1019 4028 ad
1055 3962 1221 4027 ecclesiam
1258 3962 1300 4027 de

227 4136 330 4189 ¹Br.r.
343 4138 424 4191 4071).
458 4136 524 4187 This
538 4151 597 4187 case
613 4136 636 4185 is
653 4136 721 4185 Fitz.
772 4136 838 4199 fully
859 4133 994 4197 disputing
1015 4132 1061 4183 tha
1081 4131 1190 4195 validity
1205 4134 1235 4183 ot
1254 4133 1300 4183 tho

193 4207 365 4265 Prohibicr'on,
380 4204 420 4253 24.
520 4238 521 4241 ,
772 4199 900 4263 marriage
921 4198 967 4249 the
988 4202 1080 4249 tenant
1101 4213 1150 4248 can
1173 4199 1248 4248 make
1264 4213 1299 4248 no

227 4272 238 4303 ²
254 4268 306 4319 For
317 4267 455 4333 procedure
466 4266 494 4317 in
512 4265 576 4317 such
592 4280 664 4316 esses
681 4280 721 4315 see
773 4266 847 4315 other
858 4264 971 4315 dafenes.

193 4335 239 4385 Bt.
257 4335 276 4384 f.
293 4336 350 4384 302.
384 4334 424 4383 On
443 4334 460 4381 f.
479 4334 527 4383 303
544 4331 577 4381 he
593 4331 657 4381 cites
668 4330 722 4380 this
805 4330 815 4363 ³
832 4329 932 4394 Supply
940 4344 1078 4392 personam.

194 4414 252 4450 case
264 4414 293 4449 as
305 4398 422 4460 showing
430 4396 488 4447 that
498 4398 564 4447 after
573 4410 721 4445 unsuccess·

282 4512 316 4559 n.
1172 4498 1212 4558 32
