3342 5217
449 415 975 493 monnmm,r.n.1224‚nn
997 416 1092 480 8-9.
1261 412 1324 483 715

217 599 421 666 uerodictum
442 598 586 687 ipsorum
607 598 695 688 xviij.
717 600 872 679 militum,
893 604 929 667 et
949 600 1024 666 ideo
1044 597 1198 687 procedet
1219 598 1328 665 senso.

219 704 297 769 Post
310 713 474 769 uenerunt
487 704 554 770 duo
567 703 617 771 ito
630 703 717 791 quod
731 726 783 771 xx„
798 704 999 771 iurauerunt

283 807 453 873 Jurctores
488 804 605 873 dicimt
633 807 720 896 quod
748 808 837 875 idem
867 808 1014 895 Rogems
1042 806 1165 873 iniuste
1194 811 1229 872 et
1258 802 1329 889 sine

217 908 338 976 iudicio
359 918 490 998 etpost
510 908 689 977 terminum
713 911 892 978 dimeisiuit
917 911 1058 978 eundem
1083 910 1263 977 Robertum
1286 910 1329 977 ds

217 1034 390 1081 commune
413 1014 503 1081 iilius
530 1024 663 1102 pastore
691 1015 778 1081 sicut
806 1014 946 1102 predicti
974 1016 1028 1102 xij.
1055 1014 1213 1081 iuratores
1239 1015 1329 1103 prius

217 1117 410 1183 iurauerunt
423 1127 458 1185 ot
472 1119 559 1205 quod
573 1120 657 1186 beno
667 1120 869 1186 iurcuomnt.
907 1120 951 1185 Et
961 1118 1035 1185 ideo
1046 1119 1101 1205 xij.
1112 1118 1329 1207 recognitores

217 1228 252 1287 ot
269 1222 433 1288 Robsrtus
451 1222 529 1289 inde
548 1222 654 1311 quieti
673 1232 709 1289 ot
727 1223 877 1311 Rogems
895 1222 931 1289 in
950 1222 1169 1289 misericordia
1188 1230 1223 1289 et
1242 1246 1329 1290 com·

217 1324 363 1392 mittitur
376 1328 478 1414 gooic
522 1328 641 1395 Posteo
654 1328 733 1395 iecit
747 1329 847 1393 finem
861 1350 921 1415 per
934 1352 963 1395 x.
979 1350 1103 1394 merces
1118 1326 1190 1394 etc²

158 1488 166 1502 .
281 1429 455 1498 'Ricmdus
472 1430 515 1497 de
534 1431 742 1518 Shnpcstono
758 1452 817 1519 pru
839 1452 874 1497 so
895 1440 930 1497 et
952 1430 1115 1518 Margaia
1136 1452 1236 1497 uxore
1257 1430 1328 1497 eius
1400 1448 1407 1461 '
1443 1476 1450 1489 ·

216 1534 310 1601 cuius
337 1537 406 1602 loco
434 1544 496 1603 etc.
524 1536 611 1623 petit
640 1556 754 1602 uorsus
782 1534 986 1601 Willelmum
1016 1534 1058 1599 ds
1088 1534 1259 1599 Bolescoto
1292 1544 1329 1601 ct

216 1640 401 1706 Ascelinsm
437 1662 571 1705 uxorem
605 1639 684 1717 eius,
713 1639 872 1705 Thomom
911 1638 952 1704 de
989 1638 1257 1705 Tidelcmentonc
1292 1648 1329 1705 et

217 1744 407 1810 Eloonorom
427 1766 561 1809 uxorem
580 1743 661 1821 eius,
674 1740 856 1808 Jordunum
875 1742 916 1817 do
937 1742 1071 1829 Breylss
1089 1750 1125 1807 et
1138 1740 1326 1809 Yssbellnm

216 1867 349 1915 uxorem
364 1848 444 1926 eius,
457 1847 641 1913 Woltemm
663 1846 705 1912 de
726 1845 937 1912 Wolauitons
958 1853 993 1911 et
1015 1845 1170 1913 cecilim
1193 1868 1326 1911 uxorem

215 1953 287 2019 eius
300 1961 336 2020 et
350 1950 544 2019 Ricardum'
557 1950 599 2016 do
613 1950 740 2016 Wlfrid'
756 1958 791 2015 et
810 1950 973 2015 Amioiem
994 1971 1129 2015 uxorem
1149 1949 1220 2015 eius
1239 1950 1326 2037 quod

215 2056 354 2125 redderit
382 2056 430 2123 eis
454 2052 683 2121 mcionobilem
710 2054 896 2140 porcionem
915 2052 921 2141 Ι
941 2054 1043 2139 ipsius
1072 2053 1233 2141 Margaia
1261 2077 1326 2141 que
1428 2095 1435 2107 .

215 2184 288 2227 eom
316 2160 479 2248 contingit
505 2160 547 2225 dc
576 2158 759 2224 hereditate
789 2180 853 2245 que
882 2157 947 2223 iuit
979 2158 1122 2224 Simonis
1151 2158 1254 2225 Cusin
1290 2160 1325 2225 in

214 2262 446 2353 Woleuigtona
468 2262 571 2350 putris
595 2261 814 2350 predictarum
840 2262 1015 2327 mulierum
1037 2262 1095 2350 qui
1117 2284 1222 2350 nuper
1243 2264 1326 2331 obiit

214 2367 301 2434 unde
326 2368 396 2455 ipse
419 2366 578 2433 Ricsrdus
599 2375 636 2433 et
660 2366 825 2454 Margum
852 2374 974 2453 petunt
1001 2388 1116 2433 uersus
1143 2368 1326 2455 quamlibet

213 2494 325 2539 corum
340 2472 474 2539 terciam
488 2480 617 2559 purtem
631 2470 720 2557 xviij.
735 2493 797 2536 scr.
813 2478 899 2535 terre
915 2478 975 2537 etc

278 2577 323 2641 Et
337 2576 522 2643 Wiilolmus
536 2584 572 2641 et
591 2598 703 2642 omncs
721 2574 780 2641 elii
798 2574 940 2642 ueniunt
960 2582 996 2640 et
1017 2574 1132 2643 dicunt
1154 2578 1241 2665 quod
1262 2579 1325 2665 ipsi

213 2679 371 2745 Ricordus
384 2687 420 2745 ct
434 2679 599 2767 Mmgcrio
611 2679 736 2745 hebent
754 2698 856 2744 unum
875 2679 957 2767 uirg.
973 2686 1059 2745 terre
1079 2703 1143 2768 que
1163 2681 1242 2747 doto
1260 2682 1325 2749 fuit
1409 2722 1418 2753 2

212 2782 319 2850 eidem
333 2782 471 2849 Ricardo
486 2804 560 2849 cum
575 2783 647 2869 ipsc
661 2783 825 2871 Morgana
839 2790 874 2848 et
888 2784 972 2849 bene
987 2784 1169 2851 concedunt
1188 2786 1275 2873 quod
1295 2787 1324 2853 si

211 2888 269 2953 iilo
281 2910 347 2954 non
361 2886 502 2953 sufficiet
514 2886 557 2953 od
570 2896 699 2973 purtem
713 2910 806 2953 suom
820 2887 908 2975 quod
924 2896 1065 2974 ponetur
1083 2888 1119 2954 in
1139 2899 1267 2976 partem
1288 2899 1324 2956 et

211 2991 354 3057 hobonnt
375 3012 434 3077 per
454 2998 564 3056 totum
584 2999 713 3078 portem
734 3012 829 3057 suom
854 2992 904 3057 ite
926 2992 1013 3080 quod
1038 2992 1152 3061 eodem
1178 2993 1231 3061 die
1257 3018 1324 3081 quo

211 3096 433 3183 unusquisque
447 3096 572 3183 recepit
585 3104 714 3183 portem
728 3118 822 3163 suom
837 3097 961 3184 recepit
975 3096 1045 3184 ipse
1056 3097 1214 3165 Riourdus
1229 3120 1324 3165 suem

212 3197 363 3286 portsm⁴.

275 3304 320 3369 Et
333 3303 492 3371 Ricordus
505 3304 688 3391 dicitquod
706 3325 876 3391 nunquam
897 3304 1014 3370 habuit
1033 3312 1153 3370 terrem
1173 3305 1264 3371 illam
1286 3306 1322 3373 in

209 3418 312 3495 porte,
333 3417 385 3475 set
409 3430 525 3474 reuera
548 3408 664 3476 Simon
688 3408 782 3474 dedit
807 3408 901 3495 quie*
922 3408 1045 3496 uiginti
1066 3417 1208 3496 quatuor
1228 3412 1322 3477 annis

209 3512 327 3599 elapsis
352 3520 473 3578 terrum
495 3513 585 3578 illem
607 3534 667 3598 per
688 3520 761 3577 octo
781 3533 884 3577 annos
905 3512 1094 3599 priusquam
1116 3512 1212 3580 duxit
1234 3514 1322 3580 Mor-

208 3617 332 3704 gnrium
353 3616 390 3681 in
410 3637 545 3681 uxorem
566 3638 625 3703 pro
647 3615 798 3703 homagio
819 3636 878 3681 suo
900 3624 934 3681 ct
956 3612 1032 3681 indo
1054 3618 1176 3703 profert
1198 3626 1321 3684 cartem

207 3743 300 3787 suam
322 3742 386 3808 que
409 3719 469 3785 hoc
490 3728 640 3786 testeum
685 3720 729 3785 Et
750 3727 841 3785 corto
862 3720 934 3785 uiso
958 3728 1009 3786 est
1035 3729 1070 3786 et
1095 3721 1227 3787 uidetur
1251 3744 1321 3789 esse

209 3826 298 3903 falsu
312 3826 391 3913 quic
403 3846 478 3891 cero
495 3847 562 3890 non
580 3833 632 3890 est
651 3824 693 3890 de
715 3823 821 3890 tribus
843 3825 937 3890 annis
958 3826 1059 3891 immo
1080 3848 1191 3893 recens
1212 3834 1264 3893 ost
1285 3836 1321 3893 ct

209 3930 282 3996 ideo
295 3929 482 3995 odiudioctc
495 3937 547 3994 cst
560 3926 603 3993 cd
617 3927 732 3994 iolcum
754 3927 853 3993 stite
866 3928 959 3993 nulla
970 3936 1021 3993 est
1032 3936 1067 3994 et
1078 3929 1151 3995 idco
1162 3929 1320 3996 Ricordus

209 4034 460 4202 eustssssitrlrlgoit
479 4134 639 4200 Riccrdus
658 4144 693 4200 et
711 4134 877 4221 cognoscit
897 4136 984 4223 quod
1003 4144 1094 4203 cnrts
1113 4136 1195 4203 false
1214 4145 1265 4204 est
1283 4146 1335 4205 et'

241 4253 401 4315 ¹Quncrcns
417 4250 618 4327 custodiotnrin
631 4250 738 4314 prisona
819 4250 832 4285 ⁸
847 4248 902 4303 ΜΒ.
915 4250 1169 4305 huricotiorRic'.

208 4319 282 4382 mni
294 4332 379 4381 pocnc
394 4316 545 4381 moun'nris
561 4315 735 4367 rotmundus.
820 4317 832 4411 ἔ
847 4316 922 4433 &rio
931 4316 1176 4448 mmm&
1190 4320 1208 4373 t.
1223 4321 1264 4372 w.
