<?xml version="1.0" encoding="UTF-8"?>
<!DOCTYPE html PUBLIC "-//W3C//DTD XHTML 1.0 Transitional//EN"
    "http://www.w3.org/TR/xhtml1/DTD/xhtml1-transitional.dtd">
<html xmlns="http://www.w3.org/1999/xhtml" xml:lang="en" lang="en">
 <head>
  <title>
</title>
<meta http-equiv="Content-Type" content="text/html;charset=utf-8" />
  <meta name='ocr-system' content='tesseract 3.04.00' />
  <meta name='ocr-capabilities' content='ocr_page ocr_carea ocr_par ocr_line ocrx_word'/>
</head>
<body>
  <div class='ocr_page' id='page_1' title='image "bractonsnoteboo01maitgoog_0544.png"; bbox 0 0 3342 5217; ppageno 0'>
   <div class='ocr_carea' id='block_1_1' title="bbox 255 10 1141 106">
    <p class='ocr_par' dir='ltr' id='par_1_1' title="bbox 255 10 1141 106">
     <span class='ocr_line' id='line_1_1' title="bbox 255 10 1141 106; baseline 0.002 -34"><span class='ocrx_word' id='word_1_1' title='bbox 255 102 258 106; x_wconf 11' lang='lat' dir='ltr'><em>V</em></span> <span class='ocrx_word' id='word_1_2' title='bbox 340 11 404 73; x_wconf 74' lang='lat'>540</span> <span class='ocrx_word' id='word_1_3' title='bbox 643 22 794 87; x_wconf 82' lang='lat' dir='ltr'>rnnurr,</span> <span class='ocrx_word' id='word_1_4' title='bbox 816 20 880 74; x_wconf 73' lang='lat' dir='ltr'>an.</span> <span class='ocrx_word' id='word_1_5' title='bbox 908 10 1001 88; x_wconf 78' lang='lat'>1225,</span> <span class='ocrx_word' id='word_1_6' title='bbox 1025 24 1087 76; x_wconf 70' lang='lat' dir='ltr'>aa.</span> <span class='ocrx_word' id='word_1_7' title='bbox 1112 12 1141 75; x_wconf 87' lang='grc'>9.</span> 
     </span>
    </p>
   </div>
   <div class='ocr_carea' id='block_1_2' title="bbox 339 163 1451 262">
    <p class='ocr_par' dir='ltr' id='par_1_2' title="bbox 339 163 1451 262">
     <span class='ocr_line' id='line_1_2' title="bbox 339 163 1451 262; baseline 0 -2"><span class='ocrx_word' id='word_1_8' title='bbox 339 194 535 261; x_wconf 84' lang='lat' dir='ltr'>Fizsamere¹</span> <span class='ocrx_word' id='word_1_9' title='bbox 550 194 614 261; x_wconf 82' lang='lat' dir='ltr'>fuit</span> <span class='ocrx_word' id='word_1_10' title='bbox 628 195 759 261; x_wconf 85' lang='lat' dir='ltr'>scisitus</span> <span class='ocrx_word' id='word_1_11' title='bbox 774 163 809 261; x_wconf 90' lang='lat' dir='ltr'>in</span> <span class='ocrx_word' id='word_1_12' title='bbox 823 194 985 261; x_wconf 88' lang='lat' dir='ltr'>dominico</span> <span class='ocrx_word' id='word_1_13' title='bbox 1000 218 1059 262; x_wconf 91' lang='lat' dir='ltr'>suo</span> <span class='ocrx_word' id='word_1_14' title='bbox 1074 196 1115 262; x_wconf 89' lang='lat' dir='ltr'>de</span> <span class='ocrx_word' id='word_1_15' title='bbox 1131 188 1251 262; x_wconf 36' lang='lat' dir='ltr'>eadem*</span> <span class='ocrx_word' id='word_1_16' title='bbox 1261 204 1348 261; x_wconf 76' lang='lat' dir='ltr'>tene.</span> <span class='ocrx_word' id='word_1_17' title='bbox 1358 203 1397 261; x_wconf 88' lang='lat' dir='ltr'>ut</span> <span class='ocrx_word' id='word_1_18' title='bbox 1408 194 1451 261; x_wconf 88' lang='lat' dir='ltr'>de</span> 
     </span>
    </p>
   </div>
   <div class='ocr_carea' id='block_1_3' title="bbox 175 298 1544 1530">
    <p class='ocr_par' dir='ltr' id='par_1_3' title="bbox 175 298 1544 1530">
     <span class='ocr_line' id='line_1_3' title="bbox 338 298 1452 386; baseline -0.001 -22"><span class='ocrx_word' id='word_1_19' title='bbox 338 298 409 364; x_wconf 90' lang='lat' dir='ltr'>iure</span> <span class='ocrx_word' id='word_1_20' title='bbox 424 307 458 365; x_wconf 92' lang='lat' dir='ltr'>et</span> <span class='ocrx_word' id='word_1_21' title='bbox 473 299 550 365; x_wconf 93' lang='lat' dir='ltr'>inde</span> <span class='ocrx_word' id='word_1_22' title='bbox 566 299 648 365; x_wconf 89' lang='lat' dir='ltr'>obiit</span> <span class='ocrx_word' id='word_1_23' title='bbox 662 300 732 364; x_wconf 84' lang='lat' dir='ltr'>sine</span> <span class='ocrx_word' id='word_1_24' title='bbox 747 299 866 365; x_wconf 86' lang='lat' dir='ltr'>herede</span> <span class='ocrx_word' id='word_1_25' title='bbox 881 298 923 364; x_wconf 92' lang='lat' dir='ltr'>de</span> <span class='ocrx_word' id='word_1_26' title='bbox 943 321 978 365; x_wconf 83' lang='lat' dir='ltr'>se</span> <span class='ocrx_word' id='word_1_27' title='bbox 1001 307 1036 365; x_wconf 89' lang='lat' dir='ltr'>et</span> <span class='ocrx_word' id='word_1_28' title='bbox 1058 300 1176 365; x_wconf 77' lang='lat' dir='ltr'><strong>habuit</strong></span> <span class='ocrx_word' id='word_1_29' title='bbox 1198 300 1308 386; x_wconf 82' lang='lat' dir='ltr'>plures</span> <span class='ocrx_word' id='word_1_30' title='bbox 1329 320 1452 364; x_wconf 84' lang='lat' dir='ltr'>sorores</span> 
     </span>
     <span class='ocr_line' id='line_1_4' title="bbox 300 401 1453 469; baseline -0.003 -1"><span class='ocrx_word' id='word_1_31' title='bbox 300 416 305 421; x_wconf 83' lang='grc'><em>“</em></span> <span class='ocrx_word' id='word_1_32' title='bbox 338 402 403 468; x_wconf 86' lang='lat' dir='ltr'>scil.</span> <span class='ocrx_word' id='word_1_33' title='bbox 421 403 650 469; x_wconf 72' lang='lat' dir='ltr'><strong>constanciam</strong></span> <span class='ocrx_word' id='word_1_34' title='bbox 672 410 707 468; x_wconf 91' lang='lat' dir='ltr'>et</span> <span class='ocrx_word' id='word_1_35' title='bbox 730 402 935 469; x_wconf 83' lang='lat' dir='ltr'>Oristianam.</span> <span class='ocrx_word' id='word_1_36' title='bbox 980 403 1051 467; x_wconf 83' lang='lat' dir='ltr'>Ista</span> <span class='ocrx_word' id='word_1_37' title='bbox 1074 401 1239 469; x_wconf 72' lang='lat' dir='ltr'>cristiana</span> <span class='ocrx_word' id='word_1_38' title='bbox 1259 425 1294 468; x_wconf 87' lang='lat' dir='ltr'>sc</span> <span class='ocrx_word' id='word_1_39' title='bbox 1316 402 1453 467; x_wconf 79' lang='lat' dir='ltr'>marita-</span> 
     </span>
     <span class='ocr_line' id='line_1_5' title="bbox 338 505 1453 593; baseline 0 -22"><span class='ocrx_word' id='word_1_40' title='bbox 338 506 389 571; x_wconf 89' lang='lat' dir='ltr'>uit</span> <span class='ocrx_word' id='word_1_41' title='bbox 411 505 540 571; x_wconf 84' lang='lat' dir='ltr'>cuidam</span> <span class='ocrx_word' id='word_1_42' title='bbox 562 506 684 571; x_wconf 88' lang='lat' dir='ltr'>uillano</span> <span class='ocrx_word' id='word_1_43' title='bbox 700 506 865 572; x_wconf 89' lang='lat' dir='ltr'>Willelmo</span> <span class='ocrx_word' id='word_1_44' title='bbox 888 507 964 571; x_wconf 88' lang='lat' dir='ltr'>Muc</span> <span class='ocrx_word' id='word_1_45' title='bbox 987 506 1118 571; x_wconf 89' lang='lat' dir='ltr'>nomine</span> <span class='ocrx_word' id='word_1_46' title='bbox 1140 514 1175 572; x_wconf 92' lang='lat' dir='ltr'>et</span> <span class='ocrx_word' id='word_1_47' title='bbox 1195 529 1269 572; x_wconf 90' lang='lat' dir='ltr'>cum</span> <span class='ocrx_word' id='word_1_48' title='bbox 1284 506 1356 593; x_wconf 84' lang='lat' dir='ltr'>ipsa</span> <span class='ocrx_word' id='word_1_49' title='bbox 1370 513 1453 571; x_wconf 88' lang='lat' dir='ltr'>tunc</span> 
     </span>
     <span class='ocr_line' id='line_1_6' title="bbox 338 609 1452 698; baseline 0 -23"><span class='ocrx_word' id='word_1_50' title='bbox 338 618 466 696; x_wconf 88' lang='lat' dir='ltr'>peteret</span> <span class='ocrx_word' id='word_1_51' title='bbox 487 619 614 697; x_wconf 76' lang='lat' dir='ltr'>partem</span> <span class='ocrx_word' id='word_1_52' title='bbox 637 633 730 677; x_wconf 85' lang='lat' dir='ltr'>suam</span> <span class='ocrx_word' id='word_1_53' title='bbox 749 634 815 676; x_wconf 90' lang='lat' dir='ltr'>non</span> <span class='ocrx_word' id='word_1_54' title='bbox 829 611 939 697; x_wconf 88' lang='lat' dir='ltr'>potuit</span> <span class='ocrx_word' id='word_1_55' title='bbox 954 610 1061 676; x_wconf 82' lang='lat' dir='ltr'>audiri</span> <span class='ocrx_word' id='word_1_56' title='bbox 1074 619 1207 698; x_wconf 89' lang='lat' dir='ltr'>propter</span> <span class='ocrx_word' id='word_1_57' title='bbox 1221 612 1381 677; x_wconf 87' lang='lat' dir='ltr'>uillanum</span> <span class='ocrx_word' id='word_1_58' title='bbox 1397 609 1452 675; x_wconf 89' lang='lat' dir='ltr'>cui</span> 
     </span>
     <span class='ocr_line' id='line_1_7' title="bbox 338 712 1453 800; baseline -0.001 -22"><span class='ocrx_word' id='word_1_59' title='bbox 338 721 445 800; x_wconf 85' lang='lat' dir='ltr'>nupta</span> <span class='ocrx_word' id='word_1_60' title='bbox 466 713 539 792; x_wconf 86' lang='lat' dir='ltr'>fuit,</span> <span class='ocrx_word' id='word_1_61' title='bbox 561 721 596 778; x_wconf 90' lang='lat' dir='ltr'>et</span> <span class='ocrx_word' id='word_1_62' title='bbox 618 712 659 778; x_wconf 93' lang='lat' dir='ltr'>de</span> <span class='ocrx_word' id='word_1_63' title='bbox 682 713 829 799; x_wconf 89' lang='lat' dir='ltr'>predicta</span> <span class='ocrx_word' id='word_1_64' title='bbox 852 712 1015 779; x_wconf 82' lang='lat' dir='ltr'>Oristiana</span> <span class='ocrx_word' id='word_1_65' title='bbox 1038 721 1073 779; x_wconf 93' lang='lat' dir='ltr'>et</span> <span class='ocrx_word' id='word_1_66' title='bbox 1097 714 1137 780; x_wconf 90' lang='lat' dir='ltr'>de</span> <span class='ocrx_word' id='word_1_67' title='bbox 1161 712 1306 800; x_wconf 90' lang='lat' dir='ltr'>predicto</span> <span class='ocrx_word' id='word_1_68' title='bbox 1329 713 1453 777; x_wconf 81' lang='lat' dir='ltr'>uillano</span> 
     </span>
     <span class='ocr_line' id='line_1_8' title="bbox 338 814 1453 902; baseline -0.002 -21"><span class='ocrx_word' id='word_1_69' title='bbox 338 815 432 881; x_wconf 91' lang='lat' dir='ltr'>uenit</span> <span class='ocrx_word' id='word_1_70' title='bbox 446 816 511 880; x_wconf 83' lang='lat' dir='ltr'>ists</span> <span class='ocrx_word' id='word_1_71' title='bbox 525 816 667 882; x_wconf 83' lang='lat' dir='ltr'>Isebella</span> <span class='ocrx_word' id='word_1_72' title='bbox 681 816 768 881; x_wconf 90' lang='lat' dir='ltr'>unde</span> <span class='ocrx_word' id='word_1_73' title='bbox 786 824 913 902; x_wconf 83' lang='lat' dir='ltr'>partem</span> <span class='ocrx_word' id='word_1_74' title='bbox 933 816 1054 882; x_wconf 86' lang='lat' dir='ltr'>hebere</span> <span class='ocrx_word' id='word_1_75' title='bbox 1069 838 1134 881; x_wconf 91' lang='lat' dir='ltr'>non</span> <span class='ocrx_word' id='word_1_76' title='bbox 1149 816 1256 893; x_wconf 88' lang='lat' dir='ltr'>debet,</span> <span class='ocrx_word' id='word_1_77' title='bbox 1272 824 1306 880; x_wconf 92' lang='lat' dir='ltr'>et</span> <span class='ocrx_word' id='word_1_78' title='bbox 1322 814 1453 902; x_wconf 86' lang='lat' dir='ltr'>quando</span> 
     </span>
     <span class='ocr_line' id='line_1_9' title="bbox 338 918 1451 1007; baseline -0.003 -21"><span class='ocrx_word' id='word_1_79' title='bbox 338 921 393 986; x_wconf 90' lang='lat' dir='ltr'>ille</span> <span class='ocrx_word' id='word_1_80' title='bbox 416 920 558 985; x_wconf 90' lang='lat' dir='ltr'>uillanus</span> <span class='ocrx_word' id='word_1_81' title='bbox 578 927 727 985; x_wconf 87' lang='lat' dir='ltr'>mortuus</span> <span class='ocrx_word' id='word_1_82' title='bbox 749 920 813 985; x_wconf 83' lang='lat' dir='ltr'>fuit</span> <span class='ocrx_word' id='word_1_83' title='bbox 835 928 915 985; x_wconf 89' lang='lat' dir='ltr'>tunc</span> <span class='ocrx_word' id='word_1_84' title='bbox 935 920 1048 1007; x_wconf 85' lang='lat' dir='ltr'>nupsit</span> <span class='ocrx_word' id='word_1_85' title='bbox 1063 942 1097 985; x_wconf 88' lang='lat' dir='ltr'>se</span> <span class='ocrx_word' id='word_1_86' title='bbox 1113 920 1243 985; x_wconf 81' lang='lat' dir='ltr'>cuidam</span> <span class='ocrx_word' id='word_1_87' title='bbox 1258 918 1394 1007; x_wconf 87' lang='lat' dir='ltr'>Hugoni</span> <span class='ocrx_word' id='word_1_88' title='bbox 1408 918 1451 984; x_wconf 91' lang='lat' dir='ltr'>de</span> 
     </span>
     <span class='ocr_line' id='line_1_10' title="bbox 338 1012 1544 1112; baseline 0 -23"><span class='ocrx_word' id='word_1_89' title='bbox 338 1024 478 1091; x_wconf 83' lang='lat' dir='ltr'>Fraxinc</span> <span class='ocrx_word' id='word_1_90' title='bbox 492 1024 591 1089; x_wconf 91' lang='lat' dir='ltr'>militi</span> <span class='ocrx_word' id='word_1_91' title='bbox 606 1024 693 1111; x_wconf 89' lang='lat' dir='ltr'>patri</span> <span class='ocrx_word' id='word_1_92' title='bbox 703 1024 798 1091; x_wconf 85' lang='lat' dir='ltr'>istius</span> <span class='ocrx_word' id='word_1_93' title='bbox 813 1026 929 1091; x_wconf 89' lang='lat' dir='ltr'>Emme</span> <span class='ocrx_word' id='word_1_94' title='bbox 941 1032 976 1091; x_wconf 92' lang='lat' dir='ltr'>et</span> <span class='ocrx_word' id='word_1_95' title='bbox 987 1025 1116 1112; x_wconf 86' lang='lat' dir='ltr'>quando</span> <span class='ocrx_word' id='word_1_96' title='bbox 1131 1024 1250 1090; x_wconf 86' lang='lat' dir='ltr'>habuit</span> <span class='ocrx_word' id='word_1_97' title='bbox 1264 1025 1451 1111; x_wconf 87' lang='lat' dir='ltr'>predictum</span> <span class='ocrx_word' id='word_1_98' title='bbox 1542 1012 1544 1015; x_wconf 30' lang='lat'>⁵</span> 
     </span>
     <span class='ocr_line' id='line_1_11' title="bbox 296 1130 1451 1217; baseline 0.001 -23"><span class='ocrx_word' id='word_1_99' title='bbox 296 1202 300 1211; x_wconf 31' lang='lat'>¹</span> <span class='ocrx_word' id='word_1_100' title='bbox 338 1130 477 1195; x_wconf 88' lang='lat' dir='ltr'>militem</span> <span class='ocrx_word' id='word_1_101' title='bbox 492 1130 527 1195; x_wconf 90' lang='lat' dir='ltr'>in</span> <span class='ocrx_word' id='word_1_102' title='bbox 541 1131 650 1195; x_wconf 90' lang='lat' dir='ltr'>uirum</span> <span class='ocrx_word' id='word_1_103' title='bbox 665 1138 745 1196; x_wconf 89' lang='lat' dir='ltr'>tunc</span> <span class='ocrx_word' id='word_1_104' title='bbox 758 1130 876 1196; x_wconf 87' lang='lat' dir='ltr'>hebuit</span> <span class='ocrx_word' id='word_1_105' title='bbox 893 1138 1022 1216; x_wconf 85' lang='lat' dir='ltr'>partem</span> <span class='ocrx_word' id='word_1_106' title='bbox 1037 1153 1138 1209; x_wconf 84' lang='lat' dir='ltr'>suam,</span> <span class='ocrx_word' id='word_1_107' title='bbox 1154 1139 1189 1197; x_wconf 92' lang='lat' dir='ltr'>et</span> <span class='ocrx_word' id='word_1_108' title='bbox 1204 1130 1292 1217; x_wconf 91' lang='lat' dir='ltr'>quod</span> <span class='ocrx_word' id='word_1_109' title='bbox 1305 1130 1451 1195; x_wconf 86' lang='lat' dir='ltr'>uillanus</span> 
     </span>
     <span class='ocr_line' id='line_1_12' title="bbox 331 1234 1451 1321; baseline 0 -22"><span class='ocrx_word' id='word_1_110' title='bbox 331 1234 389 1300; x_wconf 85' lang='lat' dir='ltr'>&#39;est</span> <span class='ocrx_word' id='word_1_111' title='bbox 403 1234 449 1299; x_wconf 90' lang='lat' dir='ltr'>sic</span> <span class='ocrx_word' id='word_1_112' title='bbox 463 1234 602 1321; x_wconf 88' lang='lat' dir='ltr'>probant</span> <span class='ocrx_word' id='word_1_113' title='bbox 616 1235 694 1321; x_wconf 88' lang='lat' dir='ltr'>quia</span> <span class='ocrx_word' id='word_1_114' title='bbox 707 1234 816 1301; x_wconf 87' lang='lat' dir='ltr'>adhuc</span> <span class='ocrx_word' id='word_1_115' title='bbox 830 1235 932 1301; x_wconf 84' lang='lat' dir='ltr'>habet</span> <span class='ocrx_word' id='word_1_116' title='bbox 952 1234 1115 1321; x_wconf 84' lang='lat' dir='ltr'>quendam</span> <span class='ocrx_word' id='word_1_117' title='bbox 1135 1236 1268 1301; x_wconf 80' lang='lat' dir='ltr'>fratrem</span> <span class='ocrx_word' id='word_1_118' title='bbox 1284 1234 1341 1321; x_wconf 90' lang='lat' dir='ltr'>qui</span> <span class='ocrx_word' id='word_1_119' title='bbox 1355 1234 1451 1299; x_wconf 79' lang='lat' dir='ltr'>uilla·</span> 
     </span>
     <span class='ocr_line' id='line_1_13' title="bbox 338 1338 860 1425; baseline 0.002 -22"><span class='ocrx_word' id='word_1_120' title='bbox 338 1361 400 1404; x_wconf 90' lang='lat' dir='ltr'>nus</span> <span class='ocrx_word' id='word_1_121' title='bbox 414 1347 465 1404; x_wconf 88' lang='lat' dir='ltr'>est</span> <span class='ocrx_word' id='word_1_122' title='bbox 479 1338 544 1404; x_wconf 87' lang='lat' dir='ltr'>scil.</span> <span class='ocrx_word' id='word_1_123' title='bbox 560 1339 736 1425; x_wconf 83' lang='lat' dir='ltr'>Hugonem</span> <span class='ocrx_word' id='word_1_124' title='bbox 752 1338 860 1404; x_wconf 87' lang='lat' dir='ltr'>Mucb.</span> 
     </span>
     <span class='ocr_line' id='line_1_14' title="bbox 175 1440 1454 1530; baseline 0 -23"><span class='ocrx_word' id='word_1_125' title='bbox 175 1452 233 1491; x_wconf 63' lang='lat'>⁸⁰2⁸</span> <span class='ocrx_word' id='word_1_126' title='bbox 254 1450 296 1490; x_wconf 66' lang='lat'>¹¹⁰⁶</span> <span class='ocrx_word' id='word_1_127' title='bbox 405 1443 449 1507; x_wconf 86' lang='lat' dir='ltr'>Et</span> <span class='ocrx_word' id='word_1_128' title='bbox 469 1441 610 1507; x_wconf 82' lang='lat' dir='ltr'>Isabella</span> <span class='ocrx_word' id='word_1_129' title='bbox 630 1441 711 1507; x_wconf 88' lang='lat' dir='ltr'>dicit</span> <span class='ocrx_word' id='word_1_130' title='bbox 733 1441 820 1529; x_wconf 92' lang='lat' dir='ltr'>quod</span> <span class='ocrx_word' id='word_1_131' title='bbox 834 1440 939 1507; x_wconf 86' lang='lat' dir='ltr'>libera</span> <span class='ocrx_word' id='word_1_132' title='bbox 952 1450 1002 1509; x_wconf 87' lang='lat' dir='ltr'>est</span> <span class='ocrx_word' id='word_1_133' title='bbox 1017 1449 1053 1508; x_wconf 91' lang='lat' dir='ltr'>et</span> <span class='ocrx_word' id='word_1_134' title='bbox 1067 1442 1153 1530; x_wconf 89' lang='lat' dir='ltr'>quod</span> <span class='ocrx_word' id='word_1_135' title='bbox 1168 1450 1262 1529; x_wconf 86' lang='lat' dir='ltr'>pater</span> <span class='ocrx_word' id='word_1_136' title='bbox 1276 1465 1354 1507; x_wconf 87' lang='lat' dir='ltr'>suus</span> <span class='ocrx_word' id='word_1_137' title='bbox 1368 1441 1454 1508; x_wconf 87' lang='lat' dir='ltr'>liber</span> 
     </span>
    </p>
   </div>
   <div class='ocr_carea' id='block_1_4' title="bbox 148 1461 1456 2250">
    <p class='ocr_par' dir='ltr' id='par_1_4' title="bbox 148 1461 1456 2250">
     <span class='ocr_line' id='line_1_15' title="bbox 174 1461 1452 1633; baseline 0.001 -23"><span class='ocrx_word' id='word_1_138' title='bbox 174 1461 327 1633; x_wconf 41' lang='grc' dir='ltr'>ἓξὲξ</span> <span class='ocrx_word' id='word_1_139' title='bbox 340 1544 405 1610; x_wconf 83' lang='lat' dir='ltr'>fuit</span> <span class='ocrx_word' id='word_1_140' title='bbox 429 1552 464 1610; x_wconf 91' lang='lat' dir='ltr'>et</span> <span class='ocrx_word' id='word_1_141' title='bbox 489 1545 549 1610; x_wconf 91' lang='lat' dir='ltr'>hoc</span> <span class='ocrx_word' id='word_1_142' title='bbox 572 1545 656 1610; x_wconf 91' lang='lat' dir='ltr'>bene</span> <span class='ocrx_word' id='word_1_143' title='bbox 678 1552 773 1631; x_wconf 85' lang='lat' dir='ltr'>patet</span> <span class='ocrx_word' id='word_1_144' title='bbox 798 1544 876 1631; x_wconf 82' lang='lat' dir='ltr'>quia</span> <span class='ocrx_word' id='word_1_145' title='bbox 897 1545 1004 1610; x_wconf 84' lang='lat' dir='ltr'>adhuc</span> <span class='ocrx_word' id='word_1_146' title='bbox 1027 1546 1129 1611; x_wconf 87' lang='lat' dir='ltr'>habet</span> <span class='ocrx_word' id='word_1_147' title='bbox 1146 1546 1169 1632; x_wconf 93' lang='lat' dir='ltr'>j.</span> <span class='ocrx_word' id='word_1_148' title='bbox 1196 1545 1277 1633; x_wconf 86' lang='lat' dir='ltr'>uirg.</span> <span class='ocrx_word' id='word_1_149' title='bbox 1300 1554 1387 1611; x_wconf 89' lang='lat' dir='ltr'>terre</span> <span class='ocrx_word' id='word_1_150' title='bbox 1409 1544 1452 1611; x_wconf 91' lang='lat' dir='ltr'>de</span> 
     </span>
     <span class='ocr_line' id='line_1_16' title="bbox 175 1638 1452 1735; baseline 0 -22"><span class='ocrx_word' id='word_1_151' title='bbox 175 1638 323 1725; x_wconf 50' lang='lat' dir='ltr'>ffiffifflffl.</span> <span class='ocrx_word' id='word_1_152' title='bbox 341 1648 523 1713; x_wconf 86' lang='lat' dir='ltr'>hereditate</span> <span class='ocrx_word' id='word_1_153' title='bbox 545 1647 647 1733; x_wconf 84' lang='lat' dir='ltr'>patris</span> <span class='ocrx_word' id='word_1_154' title='bbox 668 1647 728 1725; x_wconf 84' lang='lat' dir='ltr'>sui,</span> <span class='ocrx_word' id='word_1_155' title='bbox 744 1654 778 1712; x_wconf 90' lang='lat' dir='ltr'>et</span> <span class='ocrx_word' id='word_1_156' title='bbox 798 1647 855 1712; x_wconf 89' lang='lat' dir='ltr'>illc</span> <span class='ocrx_word' id='word_1_157' title='bbox 876 1648 976 1735; x_wconf 84' lang='lat' dir='ltr'>Hugo</span> <span class='ocrx_word' id='word_1_158' title='bbox 991 1670 1089 1735; x_wconf 88' lang='lat' dir='ltr'>quem</span> <span class='ocrx_word' id='word_1_159' title='bbox 1104 1648 1219 1713; x_wconf 86' lang='lat' dir='ltr'>dicunt</span> <span class='ocrx_word' id='word_1_160' title='bbox 1234 1670 1302 1713; x_wconf 85' lang='lat' dir='ltr'>esse</span> <span class='ocrx_word' id='word_1_161' title='bbox 1318 1649 1452 1713; x_wconf 79' lang='lat' dir='ltr'>fratrem</span> 
     </span>
     <span class='ocr_line' id='line_1_17' title="bbox 148 1733 1453 1822; baseline -0.002 -4"><span class='ocrx_word' id='word_1_162' title='bbox 148 1738 150 1740; x_wconf 70' lang='lat'><em>.</em></span> <span class='ocrx_word' id='word_1_163' title='bbox 175 1733 314 1819; x_wconf 61' lang='lat' dir='ltr'>blutltl,</span> <span class='ocrx_word' id='word_1_164' title='bbox 340 1773 437 1816; x_wconf 90' lang='lat' dir='ltr'>suum</span> <span class='ocrx_word' id='word_1_165' title='bbox 460 1751 524 1815; x_wconf 85' lang='lat' dir='ltr'>fuit</span> <span class='ocrx_word' id='word_1_166' title='bbox 547 1750 635 1815; x_wconf 87' lang='lat' dir='ltr'>filius</span> <span class='ocrx_word' id='word_1_167' title='bbox 656 1749 825 1822; x_wconf 86' lang='lat' dir='ltr'>cuiusdam</span> <span class='ocrx_word' id='word_1_168' title='bbox 849 1750 962 1816; x_wconf 87' lang='lat' dir='ltr'>natiue</span> <span class='ocrx_word' id='word_1_169' title='bbox 986 1758 1021 1816; x_wconf 90' lang='lat' dir='ltr'>et</span> <span class='ocrx_word' id='word_1_170' title='bbox 1046 1774 1112 1816; x_wconf 89' lang='lat' dir='ltr'>non</span> <span class='ocrx_word' id='word_1_171' title='bbox 1136 1750 1304 1816; x_wconf 85' lang='lat' dir='ltr'>delibera</span> <span class='ocrx_word' id='word_1_172' title='bbox 1328 1772 1388 1815; x_wconf 90' lang='lat' dir='ltr'>nec</span> <span class='ocrx_word' id='word_1_173' title='bbox 1410 1750 1453 1815; x_wconf 92' lang='lat' dir='ltr'>de</span> 
     </span>
     <span class='ocr_line' id='line_1_18' title="bbox 176 1825 1454 1939; baseline 0.001 -21"><span class='ocrx_word' id='word_1_174' title='bbox 176 1825 271 1866; x_wconf 53' lang='lat' dir='ltr'>&#39;&#39;kmi’&#39;</span> <span class='ocrx_word' id='word_1_175' title='bbox 341 1876 440 1919; x_wconf 84' lang='lat' dir='ltr'>uxore</span> <span class='ocrx_word' id='word_1_176' title='bbox 463 1852 550 1939; x_wconf 87' lang='lat' dir='ltr'>patri</span> <span class='ocrx_word' id='word_1_177' title='bbox 573 1876 631 1918; x_wconf 86' lang='lat' dir='ltr'>suo</span> <span class='ocrx_word' id='word_1_178' title='bbox 655 1852 856 1939; x_wconf 82' lang='lat' dir='ltr'>desponsata.</span> <span class='ocrx_word' id='word_1_179' title='bbox 901 1853 1020 1919; x_wconf 81' lang='lat' dir='ltr'>Postea</span> <span class='ocrx_word' id='word_1_180' title='bbox 1040 1852 1224 1918; x_wconf 88' lang='lat' dir='ltr'>concordati</span> <span class='ocrx_word' id='word_1_181' title='bbox 1246 1861 1324 1917; x_wconf 87' lang='lat' dir='ltr'>sunt</span> <span class='ocrx_word' id='word_1_182' title='bbox 1346 1860 1381 1917; x_wconf 90' lang='lat' dir='ltr'>et</span> <span class='ocrx_word' id='word_1_183' title='bbox 1401 1860 1454 1919; x_wconf 84' lang='lat' dir='ltr'>est</span> 
     </span>
     <span class='ocr_line' id='line_1_19' title="bbox 340 1956 1454 2045; baseline 0.001 -23"><span class='ocrx_word' id='word_1_184' title='bbox 340 1956 508 2023; x_wconf 84' lang='lat' dir='ltr'>concordie</span> <span class='ocrx_word' id='word_1_185' title='bbox 522 1957 598 2021; x_wconf 84' lang='lat' dir='ltr'>talis</span> <span class='ocrx_word' id='word_1_186' title='bbox 612 1956 698 2043; x_wconf 90' lang='lat' dir='ltr'>quod</span> <span class='ocrx_word' id='word_1_187' title='bbox 713 1956 851 2044; x_wconf 81' lang='lat' dir='ltr'>predicti</span> <span class='ocrx_word' id='word_1_188' title='bbox 867 1956 1043 2044; x_wconf 77' lang='lat' dir='ltr'>Gregorius</span> <span class='ocrx_word' id='word_1_189' title='bbox 1064 1965 1098 2022; x_wconf 92' lang='lat' dir='ltr'>et</span> <span class='ocrx_word' id='word_1_190' title='bbox 1119 1956 1235 2023; x_wconf 86' lang='lat' dir='ltr'>Emma</span> <span class='ocrx_word' id='word_1_191' title='bbox 1256 1978 1454 2045; x_wconf 77' lang='lat' dir='ltr'>recognose-</span> 
     </span>
     <span class='ocr_line' id='line_1_20' title="bbox 340 2060 1455 2147; baseline 0.003 -22"><span class='ocrx_word' id='word_1_192' title='bbox 340 2068 418 2126; x_wconf 89' lang='lat' dir='ltr'>runt</span> <span class='ocrx_word' id='word_1_193' title='bbox 442 2060 653 2125; x_wconf 86' lang='lat' dir='ltr'>medietatem</span> <span class='ocrx_word' id='word_1_194' title='bbox 679 2060 784 2126; x_wconf 88' lang='lat' dir='ltr'>tocius</span> <span class='ocrx_word' id='word_1_195' title='bbox 809 2060 955 2145; x_wconf 73' lang='lat' dir='ltr'>predicte</span> <span class='ocrx_word' id='word_1_196' title='bbox 983 2068 1068 2125; x_wconf 87' lang='lat' dir='ltr'>terre</span> <span class='ocrx_word' id='word_1_197' title='bbox 1094 2082 1169 2126; x_wconf 90' lang='lat' dir='ltr'>cum</span> <span class='ocrx_word' id='word_1_198' title='bbox 1194 2068 1277 2147; x_wconf 91' lang='lat' dir='ltr'>pert.</span> <span class='ocrx_word' id='word_1_199' title='bbox 1305 2083 1375 2127; x_wconf 82' lang='lat' dir='ltr'>esse</span> <span class='ocrx_word' id='word_1_200' title='bbox 1401 2061 1455 2128; x_wconf 89' lang='lat' dir='ltr'>ius</span> 
     </span>
     <span class='ocr_line' id='line_1_21' title="bbox 339 2162 1456 2250; baseline 0.003 -22"><span class='ocrx_word' id='word_1_201' title='bbox 339 2162 441 2249; x_wconf 86' lang='lat' dir='ltr'>ipsius</span> <span class='ocrx_word' id='word_1_202' title='bbox 470 2162 609 2227; x_wconf 88' lang='lat' dir='ltr'>Isabelle</span> <span class='ocrx_word' id='word_1_203' title='bbox 635 2170 771 2249; x_wconf 85' lang='lat' dir='ltr'>excepto</span> <span class='ocrx_word' id='word_1_204' title='bbox 800 2162 935 2249; x_wconf 85' lang='lat' dir='ltr'>capitali</span> <span class='ocrx_word' id='word_1_205' title='bbox 960 2163 1127 2250; x_wconf 73' lang='lat' dir='ltr'>mesuagio</span> <span class='ocrx_word' id='word_1_206' title='bbox 1151 2172 1210 2229; x_wconf 91' lang='lat' dir='ltr'>etc.</span> <span class='ocrx_word' id='word_1_207' title='bbox 1256 2164 1456 2231; x_wconf 76' lang='lat' dir='ltr'>Concordati</span> 
     </span>
    </p>
   </div>
   <div class='ocr_carea' id='block_1_5' title="bbox 339 2268 952 2335">
    <p class='ocr_par' dir='ltr' id='par_1_5' title="bbox 339 2268 952 2335">
     <span class='ocr_line' id='line_1_22' title="bbox 339 2268 952 2335; baseline 0.002 -2"><span class='ocrx_word' id='word_1_208' title='bbox 339 2276 417 2333; x_wconf 86' lang='lat' dir='ltr'>sunt</span> <span class='ocrx_word' id='word_1_209' title='bbox 431 2268 610 2334; x_wconf 85' lang='lat' dir='ltr'>secundum</span> <span class='ocrx_word' id='word_1_210' title='bbox 625 2269 761 2333; x_wconf 84' lang='lat' dir='ltr'>formam</span> <span class='ocrx_word' id='word_1_211' title='bbox 776 2269 952 2335; x_wconf 86' lang='lat' dir='ltr'>concordie.</span> 
     </span>
    </p>
   </div>
   <div class='ocr_carea' id='block_1_6' title="bbox 340 2540 1455 2814">
    <p class='ocr_par' dir='ltr' id='par_1_6' title="bbox 340 2540 1455 2814">
     <span class='ocr_line' id='line_1_23' title="bbox 340 2540 1454 2609; baseline 0.001 -3"><span class='ocrx_word' id='word_1_212' title='bbox 340 2540 552 2607; x_wconf 85' lang='lat' dir='ltr'>ROTULUS</span> <span class='ocrx_word' id='word_1_213' title='bbox 591 2542 653 2607; x_wconf 84' lang='lat' dir='ltr'>DE</span> <span class='ocrx_word' id='word_1_214' title='bbox 691 2542 901 2609; x_wconf 84' lang='lat' dir='ltr'><strong>TERMINO</strong></span> <span class='ocrx_word' id='word_1_215' title='bbox 942 2542 976 2609; x_wconf 86' lang='lat' dir='ltr'>S.</span> <span class='ocrx_word' id='word_1_216' title='bbox 1014 2541 1279 2607; x_wconf 81' lang='lat' dir='ltr'><strong>TRINITATIS</strong></span> <span class='ocrx_word' id='word_1_217' title='bbox 1319 2540 1454 2607; x_wconf 87' lang='lat' dir='ltr'>ANNO</span> 
     </span>
     <span class='ocr_line' id='line_1_24' title="bbox 426 2642 1455 2713; baseline 0.003 -4"><span class='ocrx_word' id='word_1_218' title='bbox 426 2645 572 2711; x_wconf 85' lang='lat' dir='ltr'><strong>REGNI</strong></span> <span class='ocrx_word' id='word_1_219' title='bbox 601 2645 738 2711; x_wconf 83' lang='lat' dir='ltr'><strong>REGIS</strong></span> <span class='ocrx_word' id='word_1_220' title='bbox 764 2644 963 2711; x_wconf 82' lang='lat' dir='ltr'><strong>HENRIOI</strong></span> <span class='ocrx_word' id='word_1_221' title='bbox 986 2646 1099 2711; x_wconf 87' lang='lat' dir='ltr'><strong>FILII</strong></span> <span class='ocrx_word' id='word_1_222' title='bbox 1121 2646 1257 2711; x_wconf 85' lang='lat' dir='ltr'><strong>REGIS</strong></span> <span class='ocrx_word' id='word_1_223' title='bbox 1279 2642 1455 2713; x_wconf 82' lang='lat' dir='ltr'><strong>JOHAN-</strong></span> 
     </span>
     <span class='ocr_line' id='line_1_25' title="bbox 427 2747 697 2814; baseline 0.004 -1"><span class='ocrx_word' id='word_1_224' title='bbox 427 2748 507 2814; x_wconf 86' lang='lat' dir='ltr'>NIS</span> <span class='ocrx_word' id='word_1_225' title='bbox 537 2747 697 2814; x_wconf 87' lang='lat' dir='ltr'><strong>NONO⁸.</strong></span> 
     </span>
    </p>
   </div>
   <div class='ocr_carea' id='block_1_7' title="bbox 342 2930 1455 3534">
    <p class='ocr_par' dir='ltr' id='par_1_7' title="bbox 342 2930 1455 3534">
     <span class='ocr_line' id='line_1_26' title="bbox 406 2930 1454 3019; baseline 0 -22"><span class='ocrx_word' id='word_1_226' title='bbox 406 2931 603 2997; x_wconf 84' lang='lat' dir='ltr'>‘Aunsellus</span> <span class='ocrx_word' id='word_1_227' title='bbox 625 2931 713 2997; x_wconf 86' lang='lat' dir='ltr'>filius</span> <span class='ocrx_word' id='word_1_228' title='bbox 734 2931 807 2997; x_wconf 84' lang='lat' dir='ltr'>Ade</span> <span class='ocrx_word' id='word_1_229' title='bbox 828 2932 915 3019; x_wconf 91' lang='lat' dir='ltr'>petit</span> <span class='ocrx_word' id='word_1_230' title='bbox 929 2955 1043 2998; x_wconf 88' lang='lat' dir='ltr'>uersus</span> <span class='ocrx_word' id='word_1_231' title='bbox 1058 2932 1243 2997; x_wconf 85' lang='lat' dir='ltr'>Johannem</span> <span class='ocrx_word' id='word_1_232' title='bbox 1259 2930 1366 2996; x_wconf 91' lang='lat' dir='ltr'>filium</span> <span class='ocrx_word' id='word_1_233' title='bbox 1381 2930 1454 2997; x_wconf 86' lang='lat' dir='ltr'>Ade</span> 
     </span>
     <span class='ocr_line' id='line_1_27' title="bbox 342 3033 1455 3121; baseline 0 -22"><span class='ocrx_word' id='word_1_234' title='bbox 342 3034 553 3099; x_wconf 87' lang='lat' dir='ltr'>medietatem</span> <span class='ocrx_word' id='word_1_235' title='bbox 579 3058 629 3099; x_wconf 87' lang='lat' dir='ltr'>xv.</span> <span class='ocrx_word' id='word_1_236' title='bbox 653 3058 716 3099; x_wconf 87' lang='lat' dir='ltr'>acr.</span> <span class='ocrx_word' id='word_1_237' title='bbox 742 3042 827 3099; x_wconf 91' lang='lat' dir='ltr'>terre</span> <span class='ocrx_word' id='word_1_238' title='bbox 854 3057 929 3100; x_wconf 90' lang='lat' dir='ltr'>cum</span> <span class='ocrx_word' id='word_1_239' title='bbox 956 3044 1036 3121; x_wconf 89' lang='lat' dir='ltr'>pert.</span> <span class='ocrx_word' id='word_1_240' title='bbox 1061 3034 1097 3099; x_wconf 93' lang='lat' dir='ltr'>in</span> <span class='ocrx_word' id='word_1_241' title='bbox 1124 3033 1316 3119; x_wconf 80' lang='lat' dir='ltr'>Lellesheya</span> <span class='ocrx_word' id='word_1_242' title='bbox 1340 3041 1380 3098; x_wconf 93' lang='lat' dir='ltr'>ut</span> <span class='ocrx_word' id='word_1_243' title='bbox 1403 3034 1455 3099; x_wconf 89' lang='lat' dir='ltr'>ius</span> 
     </span>
     <span class='ocr_line' id='line_1_28' title="bbox 342 3135 1454 3223; baseline 0 -21"><span class='ocrx_word' id='word_1_244' title='bbox 342 3159 438 3202; x_wconf 86' lang='lat' dir='ltr'>suum</span> <span class='ocrx_word' id='word_1_245' title='bbox 453 3144 488 3200; x_wconf 91' lang='lat' dir='ltr'>et</span> <span class='ocrx_word' id='word_1_246' title='bbox 502 3143 541 3200; x_wconf 90' lang='lat' dir='ltr'>ut</span> <span class='ocrx_word' id='word_1_247' title='bbox 555 3135 783 3200; x_wconf 83' lang='lat' dir='ltr'>racionabilem</span> <span class='ocrx_word' id='word_1_248' title='bbox 798 3144 926 3222; x_wconf 86' lang='lat' dir='ltr'>partem</span> <span class='ocrx_word' id='word_1_249' title='bbox 942 3160 1034 3202; x_wconf 84' lang='lat' dir='ltr'>suam</span> <span class='ocrx_word' id='word_1_250' title='bbox 1050 3160 1113 3223; x_wconf 90' lang='lat' dir='ltr'>que</span> <span class='ocrx_word' id='word_1_251' title='bbox 1134 3159 1209 3202; x_wconf 91' lang='lat' dir='ltr'>eum</span> <span class='ocrx_word' id='word_1_252' title='bbox 1231 3136 1395 3223; x_wconf 86' lang='lat' dir='ltr'>contingit</span> <span class='ocrx_word' id='word_1_253' title='bbox 1414 3136 1454 3202; x_wconf 90' lang='lat' dir='ltr'>de</span> 
     </span>
     <span class='ocr_line' id='line_1_29' title="bbox 342 3238 1454 3328; baseline 0 -23"><span class='ocrx_word' id='word_1_254' title='bbox 342 3240 443 3305; x_wconf 92' lang='lat' dir='ltr'>libero</span> <span class='ocrx_word' id='word_1_255' title='bbox 466 3246 653 3328; x_wconf 87' lang='lat' dir='ltr'>tenemento</span> <span class='ocrx_word' id='word_1_256' title='bbox 676 3238 762 3325; x_wconf 92' lang='lat' dir='ltr'>quod</span> <span class='ocrx_word' id='word_1_257' title='bbox 784 3240 850 3305; x_wconf 86' lang='lat' dir='ltr'>fuit</span> <span class='ocrx_word' id='word_1_258' title='bbox 871 3239 1010 3327; x_wconf 91' lang='lat' dir='ltr'>predicti</span> <span class='ocrx_word' id='word_1_259' title='bbox 1030 3240 1103 3305; x_wconf 87' lang='lat' dir='ltr'>Ade</span> <span class='ocrx_word' id='word_1_260' title='bbox 1117 3239 1220 3327; x_wconf 82' lang='lat' dir='ltr'>patris</span> <span class='ocrx_word' id='word_1_261' title='bbox 1235 3262 1346 3305; x_wconf 90' lang='lat' dir='ltr'>eorum</span> <span class='ocrx_word' id='word_1_262' title='bbox 1362 3240 1454 3305; x_wconf 90' lang='lat' dir='ltr'>cuius</span> 
     </span>
     <span class='ocr_line' id='line_1_30' title="bbox 342 3342 1455 3430; baseline 0.001 -21"><span class='ocrx_word' id='word_1_263' title='bbox 342 3343 477 3409; x_wconf 87' lang='lat' dir='ltr'>heredes</span> <span class='ocrx_word' id='word_1_264' title='bbox 500 3343 564 3428; x_wconf 86' lang='lat' dir='ltr'>ipsi</span> <span class='ocrx_word' id='word_1_265' title='bbox 586 3352 663 3408; x_wconf 89' lang='lat' dir='ltr'>sunt</span> <span class='ocrx_word' id='word_1_266' title='bbox 685 3367 724 3409; x_wconf 91' lang='lat' dir='ltr'>eo</span> <span class='ocrx_word' id='word_1_267' title='bbox 748 3343 835 3430; x_wconf 88' lang='lat' dir='ltr'>quod</span> <span class='ocrx_word' id='word_1_268' title='bbox 859 3352 946 3410; x_wconf 83' lang='lat' dir='ltr'>terra</span> <span class='ocrx_word' id='word_1_269' title='bbox 968 3344 1026 3409; x_wconf 84' lang='lat' dir='ltr'>illa</span> <span class='ocrx_word' id='word_1_270' title='bbox 1049 3351 1100 3409; x_wconf 90' lang='lat' dir='ltr'>est</span> <span class='ocrx_word' id='word_1_271' title='bbox 1123 3342 1284 3430; x_wconf 86' lang='lat' dir='ltr'>partibilis</span> <span class='ocrx_word' id='word_1_272' title='bbox 1308 3352 1342 3409; x_wconf 91' lang='lat' dir='ltr'>et</span> <span class='ocrx_word' id='word_1_273' title='bbox 1369 3344 1455 3410; x_wconf 88' lang='lat' dir='ltr'>inter</span> 
     </span>
     <span class='ocr_line' id='line_1_31' title="bbox 342 3447 710 3534; baseline 0 -21"><span class='ocrx_word' id='word_1_274' title='bbox 342 3448 456 3513; x_wconf 83' lang='lat' dir='ltr'>fratres</span> <span class='ocrx_word' id='word_1_275' title='bbox 473 3447 588 3534; x_wconf 87' lang='lat' dir='ltr'>partiri</span> <span class='ocrx_word' id='word_1_276' title='bbox 603 3449 710 3513; x_wconf 91' lang='lat' dir='ltr'>debet.</span> 
     </span>
    </p>
   </div>
   <div class='ocr_carea' id='block_1_8' title="bbox 211 3586 1455 4106">
    <p class='ocr_par' dir='ltr' id='par_1_8' title="bbox 211 3586 1455 4106">
     <span class='ocr_line' id='line_1_32' title="bbox 374 3586 1453 3651; baseline -0.001 -13"><span class='ocrx_word' id='word_1_277' title='bbox 374 3588 384 3621; x_wconf 93' lang='lat'>¹</span> <span class='ocrx_word' id='word_1_278' title='bbox 401 3587 490 3638; x_wconf 80' lang='lat' dir='ltr'>Called</span> <span class='ocrx_word' id='word_1_279' title='bbox 501 3590 585 3637; x_wconf 77' lang='lat' dir='ltr'>Filios</span> <span class='ocrx_word' id='word_1_280' title='bbox 597 3588 693 3639; x_wconf 71' lang='lat' dir='ltr'>srmar’</span> <span class='ocrx_word' id='word_1_281' title='bbox 705 3588 793 3639; x_wconf 84' lang='lat' dir='ltr'>above.</span> <span class='ocrx_word' id='word_1_282' title='bbox 920 3603 978 3639; x_wconf 86' lang='lat' dir='ltr'>casa</span> <span class='ocrx_word' id='word_1_283' title='bbox 995 3586 1018 3637; x_wconf 86' lang='lat' dir='ltr'>is</span> <span class='ocrx_word' id='word_1_284' title='bbox 1035 3587 1103 3638; x_wconf 82' lang='lat' dir='ltr'>Fitn.</span> <span class='ocrx_word' id='word_1_285' title='bbox 1115 3588 1296 3651; x_wconf 81' lang='lat' dir='ltr'>Preccrtptr&#39;on‚</span> <span class='ocrx_word' id='word_1_286' title='bbox 1310 3588 1351 3637; x_wconf 81' lang='grc'>63.</span> <span class='ocrx_word' id='word_1_287' title='bbox 1383 3587 1453 3637; x_wconf 78' lang='lat' dir='ltr'>Fitz-</span> 
     </span>
     <span class='ocr_line' id='line_1_33' title="bbox 375 3651 1452 3715; baseline 0.001 -13"><span class='ocrx_word' id='word_1_288' title='bbox 375 3653 387 3685; x_wconf 81' lang='lat'><em>²</em></span> <span class='ocrx_word' id='word_1_289' title='bbox 402 3653 458 3702; x_wconf 80' lang='lat' dir='ltr'>The</span> <span class='ocrx_word' id='word_1_290' title='bbox 474 3653 639 3703; x_wconf 69' lang='lat' dir='ltr'>abbreviated</span> <span class='ocrx_word' id='word_1_291' title='bbox 660 3653 731 3703; x_wconf 83' lang='lat' dir='ltr'>word</span> <span class='ocrx_word' id='word_1_292' title='bbox 752 3652 776 3703; x_wconf 85' lang='lat' dir='ltr'>is</span> <span class='ocrx_word' id='word_1_293' title='bbox 797 3666 869 3702; x_wconf 81' lang='lat' dir='ltr'>some</span> <span class='ocrx_word' id='word_1_294' title='bbox 920 3653 1024 3703; x_wconf 88' lang='lat' dir='ltr'>herbert</span> <span class='ocrx_word' id='word_1_295' title='bbox 1041 3668 1116 3715; x_wconf 81' lang='lat' dir='ltr'>says:</span> <span class='ocrx_word' id='word_1_296' title='bbox 1138 3654 1205 3702; x_wconf 84' lang='lat' dir='ltr'>Nota</span> <span class='ocrx_word' id='word_1_297' title='bbox 1221 3651 1281 3701; x_wconf 89' lang='lat' dir='ltr'>that</span> <span class='ocrx_word' id='word_1_298' title='bbox 1296 3652 1376 3702; x_wconf 80' lang='lat' dir='ltr'>lando</span> <span class='ocrx_word' id='word_1_299' title='bbox 1392 3652 1452 3703; x_wconf 84' lang='lat' dir='ltr'>held</span> 
     </span>
     <span class='ocr_line' id='line_1_34' title="bbox 342 3716 1452 3782; baseline -0.001 -14"><span class='ocrx_word' id='word_1_300' title='bbox 342 3722 403 3781; x_wconf 84' lang='lat' dir='ltr'>part</span> <span class='ocrx_word' id='word_1_301' title='bbox 413 3718 441 3768; x_wconf 80' lang='lat' dir='ltr'>ot</span> <span class='ocrx_word' id='word_1_302' title='bbox 454 3734 601 3781; x_wconf 77' lang='lat' dir='ltr'>recuperare</span> <span class='ocrx_word' id='word_1_303' title='bbox 612 3733 642 3767; x_wconf 89' lang='lat' dir='ltr'>cr</span> <span class='ocrx_word' id='word_1_304' title='bbox 652 3720 771 3782; x_wconf 76' lang='lat' dir='ltr'>recipere.</span> <span class='ocrx_word' id='word_1_305' title='bbox 804 3718 870 3768; x_wconf 83' lang='lat' dir='ltr'>Thia</span> <span class='ocrx_word' id='word_1_306' title='bbox 921 3718 955 3782; x_wconf 81' lang='lat' dir='ltr'>by</span> <span class='ocrx_word' id='word_1_307' title='bbox 966 3716 1061 3781; x_wconf 78' lang='lat' dir='ltr'>knight</span> <span class='ocrx_word' id='word_1_308' title='bbox 1072 3717 1169 3768; x_wconf 83' lang='lat' dir='ltr'>service</span> <span class='ocrx_word' id='word_1_309' title='bbox 1180 3732 1225 3767; x_wconf 88' lang='lat' dir='ltr'>ara</span> <span class='ocrx_word' id='word_1_310' title='bbox 1235 3721 1283 3766; x_wconf 91' lang='lat' dir='ltr'>not</span> <span class='ocrx_word' id='word_1_311' title='bbox 1294 3717 1407 3779; x_wconf 85' lang='lat' dir='ltr'>partiblc</span> <span class='ocrx_word' id='word_1_312' title='bbox 1418 3718 1452 3781; x_wconf 66' lang='lat' dir='ltr'>by</span> 
     </span>
     <span class='ocr_line' id='line_1_35' title="bbox 211 3781 1453 3847; baseline 0.001 -17"><span class='ocrx_word' id='word_1_313' title='bbox 211 3826 214 3830; x_wconf 78' lang='grc'><strong><em>,</em></strong></span> <span class='ocrx_word' id='word_1_314' title='bbox 343 3782 516 3834; x_wconf 85' lang='lat' dir='ltr'>cascisFitz.</span> <span class='ocrx_word' id='word_1_315' title='bbox 528 3785 617 3847; x_wconf 78' lang='lat' dir='ltr'>Nuper</span> <span class='ocrx_word' id='word_1_316' title='bbox 628 3785 706 3840; x_wconf 80' lang='lat' dir='ltr'>Obiit.</span> <span class='ocrx_word' id='word_1_317' title='bbox 720 3785 759 3835; x_wconf 83' lang='lat'>17.</span> <span class='ocrx_word' id='word_1_318' title='bbox 921 3783 966 3833; x_wconf 88' lang='lat' dir='ltr'>the</span> <span class='ocrx_word' id='word_1_319' title='bbox 982 3782 1124 3833; x_wconf 78' lang='lat' dir='ltr'>custumes</span> <span class='ocrx_word' id='word_1_320' title='bbox 1139 3782 1217 3832; x_wconf 86' lang='lat' dir='ltr'>Kant.</span> <span class='ocrx_word' id='word_1_321' title='bbox 1251 3781 1316 3831; x_wconf 78' lang='lat' dir='ltr'>Thia</span> <span class='ocrx_word' id='word_1_322' title='bbox 1332 3782 1357 3831; x_wconf 81' lang='lat' dir='ltr'>is</span> <span class='ocrx_word' id='word_1_323' title='bbox 1374 3786 1453 3832; x_wconf 83' lang='lat' dir='ltr'>nota</span> 
     </span>
     <span class='ocr_line' id='line_1_36' title="bbox 375 3846 1455 3911; baseline 0 -14"><span class='ocrx_word' id='word_1_324' title='bbox 375 3848 552 3898; x_wconf 79' lang='lat' dir='ltr'>⁸A=Ooram</span> <span class='ocrx_word' id='word_1_325' title='bbox 573 3848 640 3909; x_wconf 80' lang='lat' dir='ltr'>Rege</span> <span class='ocrx_word' id='word_1_326' title='bbox 661 3848 721 3897; x_wconf 84' lang='lat' dir='ltr'>Roll</span> <span class='ocrx_word' id='word_1_327' title='bbox 744 3849 794 3898; x_wconf 83' lang='lat' dir='ltr'>No.</span> <span class='ocrx_word' id='word_1_328' title='bbox 821 3848 869 3905; x_wconf 77' lang='grc' dir='ltr'>2ος</span> <span class='ocrx_word' id='word_1_329' title='bbox 922 3846 1371 3911; x_wconf 78' lang='lat' dir='ltr'>Kentishcase,bntbycustomof</span> <span class='ocrx_word' id='word_1_330' title='bbox 1387 3848 1455 3897; x_wconf 80' lang='lat' dir='ltr'>Kent</span> 
     </span>
     <span class='ocr_line' id='line_1_37' title="bbox 343 3912 1453 3977; baseline -0.001 -15"><span class='ocrx_word' id='word_1_331' title='bbox 343 3913 447 3963; x_wconf 86' lang='lat' dir='ltr'>B=No.</span> <span class='ocrx_word' id='word_1_332' title='bbox 469 3914 510 3963; x_wconf 81' lang='lat'>21.</span> <span class='ocrx_word' id='word_1_333' title='bbox 543 3913 650 3977; x_wconf 78' lang='lat' dir='ltr'>copyist</span> <span class='ocrx_word' id='word_1_334' title='bbox 671 3914 720 3963; x_wconf 87' lang='lat' dir='ltr'>No.</span> <span class='ocrx_word' id='word_1_335' title='bbox 742 3916 758 3962; x_wconf 75' lang='lat'>2</span> <span class='ocrx_word' id='word_1_336' title='bbox 784 3926 871 3963; x_wconf 81' lang='lat' dir='ltr'>comes</span> <span class='ocrx_word' id='word_1_337' title='bbox 921 3928 983 3977; x_wconf 80' lang='lat' dir='ltr'>may</span> <span class='ocrx_word' id='word_1_338' title='bbox 1005 3912 1036 3963; x_wconf 86' lang='lat' dir='ltr'>be</span> <span class='ocrx_word' id='word_1_339' title='bbox 1059 3916 1149 3963; x_wconf 87' lang='lat' dir='ltr'>meant</span> <span class='ocrx_word' id='word_1_340' title='bbox 1171 3926 1223 3972; x_wconf 84' lang='lat' dir='ltr'>any</span> <span class='ocrx_word' id='word_1_341' title='bbox 1242 3916 1346 3963; x_wconf 83' lang='lat' dir='ltr'>custom</span> <span class='ocrx_word' id='word_1_342' title='bbox 1368 3912 1453 3963; x_wconf 75' lang='lat' dir='ltr'>which</span> 
     </span>
     <span class='ocr_line' id='line_1_38' title="bbox 344 3977 1243 4041; baseline -0.003 -12"><span class='ocrx_word' id='word_1_343' title='bbox 344 3978 417 4029; x_wconf 85' lang='lat' dir='ltr'>back.</span> <span class='ocrx_word' id='word_1_344' title='bbox 921 3978 1010 4029; x_wconf 80' lang='lat' dir='ltr'>makes</span> <span class='ocrx_word' id='word_1_345' title='bbox 1022 3977 1243 4041; x_wconf 75' lang='lat' dir='ltr'>socagepartible.</span> 
     </span>
     <span class='ocr_line' id='line_1_39' title="bbox 375 4041 870 4106; baseline 0 -14"><span class='ocrx_word' id='word_1_346' title='bbox 375 4042 658 4101; x_wconf 77' lang='lat' dir='ltr'>⁴A.m.1;n.m.2.</span> <span class='ocrx_word' id='word_1_347' title='bbox 687 4042 804 4106; x_wconf 86' lang='lat' dir='ltr'>Perhaps</span> <span class='ocrx_word' id='word_1_348' title='bbox 815 4041 870 4093; x_wconf 87' lang='lat' dir='ltr'>this</span> 
     </span>
    </p>
   </div>
   <div class='ocr_carea' id='block_1_9' title="bbox 0 0 1677 5217">
    <p class='ocr_par' dir='ltr' id='par_1_9' title="bbox 0 0 1677 5217">
     <span class='ocr_line' id='line_1_40' title="bbox 0 0 1677 5217; baseline 0 0"><span class='ocrx_word' id='word_1_349' title='bbox 0 0 1677 5217; x_wconf 95' lang='lat' dir='ltr'> </span> 
     </span>
    </p>
   </div>
  </div>
 </body>
</html>
