3342 5217
500 427 652 487 nnmmr,
675 424 740 477 nn.
766 413 861 487 1231,
883 425 947 474 sm
971 413 1021 474 15.
1251 408 1315 477 457

208 596 307 684 Regis
336 596 506 661 infractam
536 603 570 659 et
600 595 760 661 insultum
786 594 1041 680 premeditatum
1067 603 1102 659 et
1127 595 1257 680 plagam
1283 602 1319 659 et

207 708 314 765 totum
330 699 370 765 de
386 700 486 765 uerbo
507 700 542 763 in
562 698 700 763 uerbum
720 705 755 762 et
770 696 851 763 dicit
866 697 951 783 quod
967 698 1047 761 falso
1066 697 1224 783 apellauit
1241 719 1318 761 eum

207 814 241 867 et
267 804 493 889 quodfalsum
520 802 584 867 fuit
606 801 750 887 apellum
773 800 882 886 posuit
904 822 938 864 sc
961 821 1060 886 super
1080 799 1229 885 patriam.
1272 799 1318 863 Et

206 909 370 974 Robertus
384 908 469 973 dixit
484 906 571 993 quod
589 928 704 970 uerum
721 904 785 969 fuit
804 905 948 990 apellum
970 911 1005 968 et
1024 903 1065 967 de
1087 903 1148 967 hoc
1169 902 1320 981 similiter

206 1011 316 1095 posuit
341 1032 375 1075 se
397 1032 495 1095 super
516 1008 663 1094 patriam.
711 1007 755 1071 Et
783 1016 863 1071 tunc
889 1013 1078 1091 preceptum
1104 1005 1168 1069 suit
1196 1004 1319 1069 balliuo

207 1113 294 1201 quod
322 1114 458 1180 haberet
488 1114 530 1179 ad
555 1114 703 1199 proxima
724 1111 846 1198 placita
868 1110 1040 1197 sequencia
1063 1109 1118 1195 xij.
1144 1109 1261 1175 liberos
1284 1118 1319 1175 et

208 1320 389 1405 proximss¹
412 1320 453 1385 ad
476 1319 722 1406 inquisicionem
745 1319 837 1384 illam
851 1318 1032 1383 faciendam
1053 1317 1096 1382 ad
1113 1339 1210 1403 quem
1232 1317 1320 1383 diem

209 1432 371 1489 uenerunt
394 1424 578 1489 Willelmus
600 1424 687 1489 filius
708 1422 781 1488 Ade
804 1423 859 1487 et'
880 1422 938 1486 alii
959 1421 1016 1508 qui
1038 1421 1138 1486 iurati
1166 1420 1320 1486 dixerunt

209 1547 307 1611 super
335 1533 573 1591 sacramentum
603 1548 699 1591 suum
724 1525 811 1610 quod
832 1524 976 1610 apellum
1005 1523 1087 1588 illud
1108 1523 1172 1588 fuit
1194 1524 1319 1589 falsum

211 1630 254 1693 Et
276 1629 350 1695 ideo
371 1629 610 1695 consideratum
626 1628 690 1694 fuit
704 1628 792 1715 quod
806 1628 992 1694 Willelmus
1011 1627 1213 1714 Mauueysyn
1232 1628 1320 1714 apel·

148 1728 152 1737 ’
211 1733 296 1797 latus
318 1733 358 1798 de
380 1734 466 1797 facto
495 1741 529 1797 et
559 1733 616 1798 alii
641 1733 775 1818 apellati
801 1732 842 1799 de
871 1732 907 1797 ui
935 1731 1123 1797 recederent
1151 1730 1264 1817 quieti,
1286 1740 1321 1797 ct

210 1835 373 1901 Robertus
387 1835 428 1900 de
445 1834 571 1921 Kuling
586 1835 621 1899 in
636 1834 855 1900 misericordia
868 1857 926 1920 pro
941 1835 1020 1899 falso
1033 1835 1147 1920 apelle.

277 1939 320 2003 Et
342 1938 505 2004 Rebertus
527 1962 659 2025 presens
681 1948 732 2004 est
761 1947 796 2003 et
825 1938 907 2003 dicit
936 1938 1024 2025 quod
1052 1939 1089 2004 in
1116 1947 1209 2024 parte
1237 1940 1321 2005 bene

209 2040 421 2106 recordantur
446 2040 539 2106 etin
565 2050 658 2127 parte
684 2063 749 2105 non
772 2040 851 2126 quia
873 2063 987 2106 reuera
1016 2040 1085 2127 ipse
1113 2050 1229 2127 captus
1257 2042 1322 2107 luit

209 2156 246 2211 et
260 2145 478 2231 inprisonatus
492 2153 527 2209 et
542 2144 578 2209 in
597 2144 727 2231 prisona
747 2144 902 2211 detentus
916 2145 1017 2210 donec
1039 2168 1097 2231 per
1110 2145 1211 2211 breue
1225 2145 1320 2212 Dom.

210 2248 311 2334 Regis
333 2247 531 2314 deliberatus
553 2248 617 2313 fuit
638 2256 673 2313 et
703 2249 875 2314 deliberari
904 2272 969 2313 non
999 2249 1108 2335 potuit
1136 2248 1199 2313 nisi
1228 2248 1321 2314 daret

210 2348 371 2435 predictos
394 2350 434 2413 lx.
457 2350 512 2415 sol.
533 2359 568 2414 et
585 2350 610 2435 j
633 2350 704 2415 den.
726 2350 857 2415 nomine
879 2350 1102 2415 recreauntise.
1147 2352 1192 2415 Et
1213 2374 1321 2417 senes·

210 2454 312 2519 callus
334 2452 474 2518 Abbatis
496 2454 556 2518 hoc
577 2462 684 2519 totum
704 2454 851 2519 defendit
873 2463 908 2520 et
929 2456 1009 2521 dicit
1031 2455 1213 2542 quodcum
1235 2465 1321 2521 esset

210 2558 246 2623 in
260 2558 478 2623 misericordia
493 2558 638 2644 predicto
653 2559 748 2624 modo
763 2581 827 2645 quo
842 2559 1026 2645 predictum
1040 2569 1091 2625 est
1111 2560 1264 2648 exigebat
1277 2559 1320 2624 ab

209 2684 250 2726 eo
264 2660 365 2747 pleff
383 2660 423 2725 de
446 2659 664 2725 misericordia
684 2669 720 2725 et
742 2683 816 2726 cum
839 2662 923 2747 pleg'
938 2662 1014 2727 dare
1036 2662 1138 2727 nollet
1159 2662 1228 2748 ipse
1244 2662 1321 2727 fecit

209 2789 288 2833 eum
309 2774 450 2830 arestare
472 2764 574 2830 donec
596 2765 680 2852 pleg'
695 2766 860 2831 inueniret
880 2766 921 2867 de
943 2766 1168 2844 misericordia,
1183 2778 1234 2832 set
1248 2790 1321 2854 pre·

209 2868 315 2933 dictos
329 2869 370 2933 lx.
386 2867 440 2932 sol
457 2890 522 2931 non
536 2867 689 2955 exigebat
704 2868 834 2933 nomine
850 2868 1076 2934 recreauntise.

278 2972 321 3037 Et
343 2972 396 3057 xij.
417 2971 576 3036 iuratores
594 2970 713 3056 quesiti
733 2994 798 3057 quo
812 2981 956 3037 waranto
973 2973 1119 3036 fecerunt
1140 2994 1320 3038 sacramen-

210 3086 285 3141 tum
314 3075 397 3140 illud
419 3075 459 3139 de
483 3074 556 3139 uita
577 3082 612 3139 et
641 3073 796 3139 membris
825 3075 896 3139 sinc
925 3085 1068 3140 waranto
1097 3076 1190 3141 Dom.
1221 3077 1322 3163 Regis

210 3180 326 3244 dicunt
356 3177 461 3265 quod⁴
490 3186 680 3264 preceptum
709 3178 804 3243 Dom.
833 3178 1003 3245 Abbatis¹.
1049 3180 1094 3243 Et
1128 3180 1322 3246 senescallus

210 3282 352 3349 Abbatis
374 3304 506 3368 presens
528 3292 578 3347 est
600 3290 634 3348 et
657 3282 717 3347 hoc
739 3282 910 3369 cognoscit.
957 3284 1000 3347 Et
1018 3284 1165 3369 quesitus
1179 3306 1244 3370 quo
1258 3306 1322 3349 wa·

211 3393 307 3452 ranto
321 3386 446 3451 faciunt
468 3386 569 3451 talem
591 3386 839 3473 inquisicionem
854 3386 894 3451 de
917 3386 989 3451 uita
1010 3395 1045 3451 et
1066 3387 1221 3453 membris
1241 3387 1322 3452 dicit

212 3489 300 3578 quod
314 3489 349 3555 in
368 3489 458 3555 curia
472 3490 612 3556 Abbatis
632 3510 759 3576 semper
778 3488 828 3554 ita
847 3489 1007 3554 usitatum
1029 3496 1079 3554 est
1101 3512 1229 3575 semper
1247 3499 1322 3576 post
1440 3558 1471 3581 W

211 3614 363 3681 guerram
386 3591 464 3678 quia
485 3599 562 3656 ante
591 3614 742 3678 guerram
772 3592 958 3657 habuerunt
986 3591 1144 3657 iudicium
1172 3594 1258 3681 ignis
1286 3601 1322 3659 et

212 3719 297 3784 aque
306 3695 325 3762 ⁶.
371 3696 415 3759 Et
439 3694 578 3781 predicti
599 3694 657 3781 iiij.
680 3694 803 3761 milites
828 3694 886 3781 qui
908 3703 1071 3760 uenerunt
1095 3718 1169 3760 cum
1191 3696 1323 3761 recordo

212 3800 333 3889 quesiti
348 3800 377 3865 si
391 3799 480 3865 aliud
495 3800 601 3865 dicere
616 3800 722 3865 uelint
737 3823 835 3888 quam
851 3800 1034 3887 predictum
1049 3800 1093 3865 sit
1107 3800 1221 3866 dicunt
1234 3801 1323 3887 quod

212 3928 278 3971 non
293 3905 371 3991 quia
386 3904 451 3971 tale
467 3903 532 3968 luit
546 3904 721 3971 recordum.

246 4120 330 4171 ¹'1'hc
357 4120 497 4183 procedure
524 4122 552 4171 ol
583 4120 628 4172 the
654 4120 744 4185 King’s
826 4120 1215 4174 ‘Theordealwaaabolished
1227 4122 1323 4173 almost

212 4186 457 4250 courtiscarelully
468 4185 594 4237 followed.
793 4186 1200 4251 immediatelyalterthewsrol
1209 4187 1323 4238 lats-s

247 4250 371 4301 'Elsvcn
382 4250 457 4300 other
467 4265 566 4310 names,
578 4252 609 4301 B.
793 4253 823 4302 in
839 4267 1015 4315 eonssqucnoe
1030 4253 1060 4302 of
1074 4252 1119 4303 tha
1135 4252 1223 4301 dscrss
1233 4251 1262 4300 cl
1277 4251 1322 4303 tha

246 4316 538 4444 :ccciccc
794 4317 1323 4369 c·

247 4395 645 4509 ‘Biasysiiieiutwronglu
849 4418 855 4431 .
1054 4420 1060 4434 .
1118 4418 1125 4431 .
1154 4397 1198 4445 ’p‘
1260 4418 1266 4431 Ι
