3342 5217
500 453 641 514 smum,
665 453 728 502 nn.
755 441 847 516 1224,
870 455 932 505 aa
956 446 984 506 8.
1229 447 1292 514 179

184 628 245 693 iur'
257 628 297 692 de
309 635 399 692 carte
413 625 470 692 illa
485 635 544 692 etc.
558 636 591 692 et
607 637 707 692 testes
723 629 776 694 uel
791 629 850 693 iur’
863 629 963 694 nichil
978 631 1085 696 sciunt
1099 654 1159 697 nec
1170 632 1294 718 aliquid

183 732 330 817 probant,
345 731 583 797 consideratum
599 741 649 796 est
664 733 750 817 quod
767 733 859 797 Prior
873 734 972 798 nichil
986 735 1139 821 probauit
1153 737 1194 802 de
1208 737 1293 802 dono

182 836 247 912 illo,
269 844 305 900 et
333 835 407 900 ideo
437 835 624 901 Gilebertus
653 838 859 924 recuperauit
883 838 1035 903 saisinam
1059 862 1152 905 suam
1173 840 1214 905 de
1236 842 1293 905 ad·
1373 871 1408 924 ,·

182 939 353 1005 uocacione
369 948 404 1006 et
419 940 510 1004 Prior
523 940 558 1004 in
573 939 798 1016 misericordia,
813 948 849 1004 et
864 949 953 1005 carta
967 941 1107 1007 habetur
1127 965 1185 1028 pro
1205 944 1294 1020 falsa,

181 1042 272 1109 oam¹
288 1042 492 1118 cancellatur,
512 1050 546 1106 et
567 1042 754 1106 Gilebertus
774 1041 894 1106 habeat
915 1042 1015 1108 breue
1037 1043 1081 1108 ad
1101 1044 1288 1131 episcopum

182 1147 269 1232 quod
283 1145 439 1211 admittat
454 1146 606 1210 clericum
622 1169 724 1210 suum.

123 1312 130 1322 ,
251 1250 413 1315 Henricus
442 1250 582 1314 Tuneire
612 1251 829 1316 summonitus
864 1251 927 1316 fuit
964 1251 1006 1316 ad
1034 1252 1294 1338 respondendum

182 1355 342 1441 Magistro
368 1353 511 1419 Henrico
534 1355 574 1419 de
603 1352 707 1420 Cerne
733 1376 797 1440 quo
826 1355 897 1420 iure
926 1377 1132 1421 communem
1161 1366 1294 1442 pastura

181 1460 287 1556 erigit
306 1460 340 1524 in
360 1469 446 1524 terra
460 1458 562 1544 ipsius
577 1459 726 1546 Magistri
741 1458 877 1523 Henrici
892 1459 932 1524 de
948 1460 1153 1526 Melecumba
1167 1460 1293 1526 desicut

181 1564 271 1629 idem
291 1563 449 1649 Magister
471 1562 633 1628 Henricus
655 1562 778 1626 nullam
800 1585 1006 1628 communem
1029 1563 1130 1629 habet
1151 1565 1186 1629 in
1208 1572 1295 1630 terra

180 1667 284 1752 ipsius
299 1665 434 1730 Henrici
449 1665 585 1743 Tunere‚
600 1688 660 1730 nec
674 1663 805 1751 aliquod
820 1665 994 1729 seruicium
1009 1665 1090 1730 etc'

249 1769 293 1832 Et
313 1767 475 1832 Henricus
495 1766 623 1832 Tunere
643 1789 703 1853 per
722 1775 925 1832 attomatum
945 1789 1042 1832 suum
1056 1767 1149 1834 uenit
1164 1777 1199 1833 et
1213 1769 1294 1834 dicit

180 1871 270 1957 quod
284 1870 352 1955 ipse
373 1877 407 1934 et
426 1878 642 1934 antecessores
661 1869 712 1934 sui
732 1892 862 1956 semper
880 1870 1066 1935 habuerunt
1086 1893 1292 1936 communem

182 1975 219 2040 in
237 1983 325 2039 terra
343 1997 441 2060 quam
464 1975 622 2061 Magister
645 1974 807 2040 Hemicus
830 1996 916 2038 nunc
938 1974 1038 2039 habet
1060 1983 1095 2039 ct
1116 1983 1292 2060 antequam

182 2078 345 2164 Magister
373 2077 535 2142 Henricus
565 2085 684 2142 terram
713 2077 803 2141 illam
833 2076 875 2142 de
904 2077 1102 2142 Milecumha
1127 2078 1236 2143 tenuit
1258 2088 1293 2144 et

182 2191 268 2269 post,
277 2182 409 2260 scilicet,
418 2183 453 2246 in
464 2191 598 2268 pastura
612 2182 652 2246 de
668 2181 861 2267 Blachalyes
875 2188 911 2245 et
921 2188 1137 2246 antecessores
1148 2181 1293 2246 eiusdem

183 2285 335 2372 Magistri
351 2285 408 2370 qui
422 2293 542 2351 terram
558 2284 648 2348 illam
668 2282 887 2348 uendiderunt
908 2282 940 2347 ei
960 2305 1088 2369 semper
1108 2283 1293 2349 habuerunt

183 2411 390 2454 communem
401 2388 437 2453 in
447 2397 534 2453 terra
544 2388 689 2453 eiusdem
700 2387 836 2454 Henriei
848 2388 997 2474 Tuneyre
1007 2395 1043 2452 et
1053 2395 1292 2453 antecessorum

183 2513 326 2568 suorum,
356 2500 390 2557 ct
419 2491 501 2556 bene
530 2499 639 2577 potest
668 2491 755 2555 idem
785 2490 945 2578 Magister
973 2490 1134 2556 Henricus
1173 2491 1292 2557 habere

183 2619 390 2662 communem
412 2596 447 2660 iu
469 2605 556 2660 terra
577 2618 637 2660 sua
661 2604 755 2660 extra
783 2595 930 2660 clausum
959 2618 1055 2660 suum
1084 2595 1113 2660 si
1142 2595 1291 2671 uoluerit,

183 2699 264 2785 quia
276 2699 326 2764 ita
339 2721 466 2785 semper
480 2699 543 2763 fuit
558 2706 632 2784 post
646 2706 860 2785 conquestum
874 2698 1004 2785 Anglie.

251 2803 295 2868 Et
307 2805 464 2891 Magister
475 2803 636 2868 Hemicus
647 2801 822 2888 dicitquod
833 2801 1293 2866 iniustehabuitcommunam

183 2909 263 2994 quia
291 2907 378 2972 idem
408 2907 570 2972 Hemicus
599 2907 748 2992 Tuneyre
777 2905 949 2970 infossauit
977 2914 1097 2970 terram
1127 2928 1220 2970 suam
1244 2906 1294 2970 ita

182 3013 272 3099 quod
286 3012 371 3077 infra
384 3013 539 3078 fossatum
553 3010 636 3076 illud
651 3033 715 3075 non
729 3017 838 3096 potest
852 3011 975 3074 intrare
989 3032 1063 3074 cum
1078 3010 1198 3076 aueriis
1217 3011 1293 3086 suis,

183 3138 244 3180 nec
266 3115 346 3180 alibi
368 3115 487 3179 clamat
509 3114 543 3178 in
573 3121 660 3178 terra
688 3135 747 3178 sua
776 3134 982 3177 communem
1011 3112 1075 3176 nisi
1095 3112 1130 3176 in
1160 3120 1294 3198 pastura

182 3219 326 3285 Abbatis
340 3217 582 3296 Glastoniensis,
597 3217 654 3282 ubi
670 3239 780 3282 omnes
794 3239 1000 3282 communem
1015 3217 1147 3281 hebent.

249 3324 294 3388 Et
309 3330 493 3388 attornatus
508 3322 642 3387 Henrici
662 3322 741 3387 dicit
761 3321 848 3407 quod
869 3321 923 3386 die
944 3343 1008 3406 quo
1029 3321 1116 3386 idem
1137 3321 1294 3407 Magister

183 3427 227 3491 H
243 3425 326 3491 emit
341 3426 564 3490 terramillam
579 3432 705 3490 etanta
720 3445 882 3509 sempera
896 3432 1074 3509 conquestu
1089 3424 1210 3511 Anglie
1228 3425 1292 3489 fuit

183 3537 272 3592 terra
286 3549 347 3592 sua
360 3527 513 3592 infossata
527 3527 611 3591 sieut
627 3525 721 3591 modo
736 3535 795 3591 est.

26 3669 69 3686 --
115 3700 126 3711 ‚
249 3631 416 3696 Walterus
426 3632 513 3696 filius
527 3631 667 3696 Simonis
681 3653 740 3717 per
754 3639 957 3696 attornatum
971 3652 1068 3695 suum
1083 3631 1168 3716 petit
1180 3653 1294 3696 uersus
1419 3673 1424 3683 ·

183 3735 366 3800 Robertum
395 3735 436 3799 de
458 3734 599 3821 Willcga
627 3741 663 3798 et
690 3733 877 3798 Johannam
906 3755 1040 3797 uxorem
1066 3733 1137 3798 eius
1159 3734 1293 3799 terciam

182 3849 312 3926 partem
327 3837 413 3902 feodi
428 3835 524 3902 unius
535 3836 650 3901 militis
661 3859 735 3901 cum
746 3844 828 3922 pert.
840 3836 875 3899 in
886 3837 1064 3900 Beuercote
1076 3843 1112 3900 et
1123 3835 1294 3900 Milletona

182 3951 218 4008 et
237 3942 273 4007 in
289 3941 428 4008 Helkesl'
449 3948 488 4005 ut
508 3941 559 4005 ius
582 3963 677 4004 suum
692 3939 779 4004 unde
795 3939 928 4025 quidam
943 3940 1043 4004 Fulco
1058 3938 1099 4004 dc
1114 3940 1293 4004 Beuercote

182 4055 368 4112 antecessor
382 4067 459 4109 suus
474 4045 537 4109 fuit
558 4043 688 4108 saisitus
709 4044 744 4108 in
764 4043 924 4108 dominico
945 4065 1003 4108 suo
1023 4051 1062 4108 ut
1081 4043 1123 4108 de
1145 4043 1237 4109 feodo
1259 4054 1294 4109 et

183 4152 255 4216 iure
278 4156 423 4236 tempore
447 4149 582 4214 Henrici
604 4147 704 4235 Regis
725 4147 781 4212 aui
801 4147 897 4213 Dom.
919 4148 1018 4234 Regis
1040 4148 1196 4234 capiendo
1217 4151 1293 4216 inde

184 4255 317 4341 expleta
338 4253 379 4319 ad
402 4253 581 4318 ualenciam
601 4275 651 4317 xx.
674 4251 729 4318 sol.
751 4260 821 4332 etc,
844 4261 878 4318 et
899 4252 941 4317 de
962 4253 1105 4318 Fulcone
1127 4255 1293 4321 descendit

217 4405 374 4456 ¹miorco.
760 4407 829 4470 socie
857 4421 935 4470 quare
962 4421 1115 4458 cmnmunom
1137 4409 1226 4459 holere
1253 4410 1293 4458 de-

217 4471 289 4522 ²Br.
320 4472 338 4522 f.
369 4470 431 4528 2303
458 4486 503 4521 nec
531 4473 663 4522 servitium
690 4473 714 4521 ei
767 4471 831 4522 tect.

1101 4558 1207 4620 l2—-2
