3342 5217
423 440 658 503 mmmmm,
679 442 744 490 in.
768 391 862 505 laea,
884 440 947 491 m
973 425 1108 495 16-17.
1255 428 1317 491 685

83 622 165 685 886.
280 611 461 680 ¹Johannee
497 615 605 701 Pigun
640 616 858 681 summonitus
893 614 957 681 fuit
991 615 1033 681 ad
1062 615 1319 703 respondendum
1376 622 1441 663 ffl-

215 716 347 783 Decano
361 726 396 783 et
412 718 566 804 Capitulo
581 718 613 783 S
629 717 724 782 Pauli
738 716 904 783 Londonie
921 716 962 783 de
983 716 1042 783 hoc
1064 717 1151 803 quod
1172 716 1321 783 redderet

214 818 262 884 eie
276 820 319 886 xl.
333 842 394 887 aar.
410 829 496 885 terre
513 843 589 885 cum
608 828 690 906 pert.
705 819 740 884 in
761 819 1002 897 Kentissetone,
1017 842 1097 906 quae
1119 820 1260 886 clament
1282 828 1322 885 ut

215 922 267 987 iue
280 923 414 987 ecclesie
427 946 486 987 sue
502 923 533 988 S.
550 922 645 986 Pauli
659 922 824 987 Londonie
840 930 910 999 etc,
925 922 973 987 ita
987 922 1074 1008 quod
1092 921 1179 987 idem
1199 924 1322 989 Johan·

215 1044 274 1091 nee
287 1024 464 1089 eseoniauit
478 1047 513 1089 se
527 1024 562 1089 in
583 1024 722 1089 crastino
744 1023 938 1089 Animarum
961 1032 995 1088 et
1017 1023 1134 1089 habuit
1155 1024 1242 1089 diem
1264 1048 1323 1111 per

215 1126 443 1192 eesoniatorem
463 1127 578 1193 euum’
592 1125 645 1191 die
660 1128 683 1192 J
684 1126 755 1195 ouis
769 1127 835 1192 ecil.
851 1126 904 1192 die
921 1127 953 1193 S.
969 1127 1152 1205 Katerine',
1166 1128 1209 1193 ad
1222 1151 1321 1214 quem

214 1233 302 1298 diem
324 1256 389 1297 nou
410 1233 503 1298 uenit
524 1254 584 1297 nec
606 1232 659 1297 die
682 1231 819 1297 Venetia
843 1240 1008 1317 aequente,
1032 1239 1083 1297 eet
1107 1232 1160 1297 die
1185 1232 1322 1299 Sabbati

214 1336 308 1401 uenit
322 1336 346 1401 J
346 1336 489 1401 ohannes
503 1344 564 1403 etc.
609 1336 653 1400 Et
667 1335 819 1400 Deoanue
834 1343 869 1400 et
891 1335 1081 1423 Capitulum
1100 1359 1159 1422 per
1178 1346 1321 1403 attorna

215 1447 287 1503 tum
309 1461 405 1504 auum
428 1447 548 1525 petunt
569 1438 727 1503 iudicium
747 1437 788 1503 de
803 1437 949 1504 defalta'.
994 1440 1039 1504 Et
1053 1439 1220 1505 sciendum
1234 1440 1321 1526 quod

215 1543 238 1608 J
238 1542 381 1607 ohannes
394 1542 558 1629 cognoscit
572 1541 860 1607 eummonicionem
876 1551 910 1607 et
924 1543 1062 1609 aduocat
1077 1543 1200 1611 eseon'‘.

157 1694 164 1709 .
279 1644 407 1710 'Amisa
433 1644 527 1709 uenit
552 1644 758 1729 recognitura
782 1652 895 1709 utrum
920 1668 987 1709 una
1009 1668 1110 1711 carue.
1138 1656 1222 1711 tene
1245 1669 1320 1712 cum
1424 1668 1443 1698 ²

215 1757 296 1834 pert.
321 1748 358 1812 in
382 1747 660 1835 Geetlingeetorpe
685 1746 729 1812 eit
758 1746 861 1812 libera
889 1748 1063 1813 elemosina
1087 1749 1253 1835 pertinens
1278 1750 1320 1815 ad

215 1851 381 1917 ecclesiam
395 1850 436 1915 de
452 1850 698 1936 Geetlinetorpe,
712 1849 798 1917 unde
814 1851 915 1937 Hugo
934 1850 974 1916 de
995 1852 1082 1917 Diue
1104 1862 1240 1939 persona
1261 1862 1320 1930 est,

214 1976 257 2019 an
282 1954 410 2040 laycum
433 1952 563 2018 feodum
586 1952 727 2017 Simonis
749 1952 809 2017 tilii
832 1952 974 2019 Simonis
996 1954 1053 2040 qui
1074 1955 1153 2019 alias
1173 1955 1265 2020 uenit
1285 1964 1320 2021 et

215 2057 346 2122 uocauit
374 2055 450 2121 inde
479 2055 521 2120 ad
547 2063 727 2119 warantum
757 2052 921 2119 Othonem
950 2055 1055 2120 filium
1080 2056 1237 2122 Willelmi
1262 2058 1320 2143 qui

214 2158 331 2224 habuit
351 2158 439 2223 diem
461 2157 497 2221 in
517 2157 621 2223 bauco
639 2179 661 2222 a
679 2156 732 2221 die
747 2157 824 2221 etc⁶
869 2157 913 2224 Et
929 2157 1017 2223 Otho
1032 2180 1096 2223 non
1111 2160 1204 2225 uenit
1219 2169 1318 2226 setae

214 2262 390 2328 eeeoniauit
403 2270 439 2327 et
453 2260 616 2327 eesonium
630 2282 696 2325 non
710 2260 774 2326 suit
789 2260 820 2324 ei
834 2260 1008 2325 allocatum
1028 2261 1155 2326 racione
1173 2261 1319 2347 predicta

213 2374 248 2431 et
271 2364 344 2430 ideo
368 2364 517 2451 capiatur
540 2364 640 2430 meisa
668 2385 727 2449 per
750 2363 916 2441 defaltum,
940 2371 974 2428 et
1003 2362 1032 2427 ei
1057 2364 1157 2449 Hugo
1183 2386 1319 2450 persona

213 2469 361 2555 optineat
377 2476 457 2533 tunc
476 2466 629 2553 procedat
646 2466 687 2531 de
702 2466 860 2532 warancia
874 2466 1081 2553 interipsum
1097 2468 1263 2533 Simonem
1283 2478 1319 2535 et

212 2576 394 2662 predictum
409 2574 582 2640 Othonem.

275 2680 445 2744 Juratoree
466 2678 579 2743 dicunt
600 2676 687 2764 quod
708 2677 774 2741 duo
796 2677 911 2742 fiatres
932 2677 1065 2742 suerunt
1086 2676 1185 2764 Hugo
1200 2677 1319 2763 ptimo·

210 2782 343 2869 genitus
361 2791 397 2847 et
416 2780 548 2868 quidam
571 2779 789 2845 Gudmundue
810 2786 982 2865 postnatue
1004 2786 1039 2843 et
1060 2788 1154 2865 pater
1175 2780 1318 2866 ipsorum

212 2886 329 2951 habuit
353 2885 435 2951 duae
464 2907 565 2951 carue
592 2893 677 2949 terre
707 2906 782 2949 cum
811 2882 950 2968 pertin
977 2882 1254 2971 Geetlingestorpe
1283 2892 1318 2949 et

212 2991 353 3077 partitus
367 2991 432 3056 fuit
446 2990 532 3055 inter
550 2988 637 3075 ipsos
658 2989 772 3053 fiatree
794 2996 914 3052 terram
936 2986 1025 3051 illam
1048 2987 1097 3051 ita
1118 2986 1204 3074 quod
1225 2986 1318 3053 dedit

208 3096 234 3182 j.
248 3118 352 3161 carue.
368 3095 514 3181 predicto
536 3092 673 3180 Hugoni
694 3101 730 3158 et
751 3092 889 3157 alteram
911 3113 1014 3156 carue.
1034 3090 1097 3177 ipei
1120 3090 1466 3199 GUdfflufldfflffffi

213 3200 343 3267 tenend'
363 3200 404 3265 de
424 3197 618 3286 capitalibus
632 3197 772 3262 dominia
787 3195 872 3261 feodi
887 3218 945 3282 per
958 3195 1131 3261 semiieium
1146 3218 1174 3259 m
1190 3196 1244 3261 sol.
1259 3218 1317 3282 per
1329 3196 1409 3283 Ἢ
1418 3208 1464 3246 ¹³²¹·

212 3326 296 3378 ann,
317 3311 352 3368 et
373 3302 461 3368 idem
484 3299 702 3367 Gudmundue
726 3298 836 3365 tenuit
861 3306 981 3363 terram
1004 3297 1093 3363 illam
1120 3297 1217 3363 simul
1241 3320 1315 3363 oum
1329 3315 1481 3402 35:²53&

212 3406 348 3473 eocleeia
360 3406 402 3471 de
416 3403 694 3490 Geetlingeetorpe
709 3409 781 3467 tota
794 3400 867 3465 uita
881 3422 940 3465 aua
959 3408 994 3464 et
1015 3409 1089 3485 post
1111 3422 1187 3465 eum
1209 3399 1317 3465 tenuit
1328 3408 1481 3495 imit

212 3508 446 3575 terramillam
476 3505 573 3570 simul
602 3526 676 3570 cum
706 3503 841 3569 ecclesia
865 3502 923 3567 ille
947 3501 1080 3587 quidam
1106 3500 1467 3589 Eadmundusffifflffl‘·

212 3613 299 3678 iilius
317 3611 420 3698 ipeiue
440 3608 632 3676 Gudmundi
646 3616 717 3673 tota
731 3607 804 3673 uita
817 3628 878 3671 sue
891 3613 927 3671 et
940 3615 1015 3691 post
1028 3605 1136 3691 ipsum
1151 3605 1317 3670 Eadmun·

244 3809 254 3843 ¹
270 3809 303 3859 B.
317 3824 353 3862 m.
370 3810 411 3860 17.
425 3808 547 3869 Bracton,
564 3808 582 3859 f.
602 3808 658 3869 887,
673 3806 738 3857 citae
819 3806 831 3838 ⁴
847 3806 1034 3861 assentatorem
1051 3802 1084 3853 he
1092 3801 1153 3852 does
1160 3804 1206 3851 not
1213 3802 1316 3867 disputa

212 3874 267 3926 thie
282 3890 314 3924 aa
332 3890 348 3925 a
367 3888 426 3924 oaee
443 3872 599 3935 concaming
620 3872 737 3922 William
787 3870 848 3921 that
859 3870 904 3919 the
915 3868 1031 3919 eesoiner
1042 3867 1206 3931 represented
1216 3867 1283 3918 him.

212 3940 322 4002 Raleigh
332 3938 466 3990 aadJohn
476 3938 568 4001 Pigon,
580 3936 740 3990 etemntot
819 3934 877 3985 ιΒ.
890 3949 925 3983 m.
938 3936 978 3986 17.

210 4004 425 4065 hie,whoheldoi
433 4002 600 4066 aprehendot
606 4002 736 4053 StPaul'e.
819 4000 831 4032 ⁸
848 3999 946 4063 Supply
957 4001 986 4048 tn
997 4001 1073 4048 tanco
1085 4014 1101 4047 a
1113 3999 1154 4047 die
1163 3998 1190 4049 S.
1205 3999 1315 4049 Martini

211 4070 321 4133 Raleigh
331 4069 392 4120 held
402 4068 448 4119 the
456 4067 606 4133 prebendo!
615 4067 737 4117 Kentiah·
787 4068 817 4115 tn
826 4080 869 4115 xo.
880 4067 934 4115 dieo
945 4066 998 4113 etue
1010 4066 1106 4113 monto
1117 4070 1173 4120 eta,
1185 4063 1216 4111 B.
1251 4062 1316 4115 Thia

212 4136 302 4188 Town.
336 4132 696 4199 SeeHardy’eIaeNevevol,
710 4134 735 4195 2,
788 4128 914 4181 omission
930 4128 954 4178 ie
968 4128 1121 4190 important.
1156 4128 1181 4177 lt
1196 4127 1257 4177 doen
1268 4132 1315 4179 not

211 4216 238 4266 p.
250 4202 308 4251 408.
788 4192 1098 4258 appearinthetextwh
1126 4192 1315 4243 Otho'eeseoin

244 4265 285 4298 Η
300 4282 317 4315 α
334 4267 375 4315 dte
392 4266 419 4315 S.
438 4265 548 4314 Martini
569 4261 603 4313 ὕπ’
619 4278 662 4313 eo.
684 4263 738 4312 dica
788 4276 841 4312 waa
869 4264 916 4309 not
943 4257 1059 4310 allowed.
1134 4262 1176 4308 me
1205 4258 1315 4309 omitted

211 4333 309 4382 wilica
324 4348 342 4381 a
358 4333 400 4381 die
415 4332 491 4381 «Iouis
506 4332 536 4381 ia
551 4331 593 4380 dte
610 4330 638 4379 S.
661 4329 739 4379 Kate-
789 4324 872 4376 worda
882 4324 939 4387 give
951 4323 996 4375 the
1012 4338 1113 4385 reason,
1132 4322 1185 4375 and
1200 4324 1315 4375 Braoton

210 4398 275 4453 rinc,
284 4396 314 4446 B.
789 4390 847 4441 who
863 4389 928 4440 oitee
944 4390 989 4441 the
1005 4402 1071 4446 oaee,
1084 4388 1101 4440 t.
1115 4390 1171 4452 ³41,
1185 4388 1259 4439 knew
1271 4388 1316 4439 the

243 4459 463 4523 ’HereBatopa
788 4470 889 4507 reason.
