3342 5217
359 443 426 506 ⁴232
537 439 674 524 [Hilmp
696 435 762 504 and
783 437 909 511 Euoter,
931 451 996 500 an.
1020 436 1114 511 1228,
1135 448 1198 499 nn
1223 435 1286 518 la]

427 625 481 690 Ad
501 626 588 692 dIem
607 647 704 690 suurn
723 647 787 688 non
808 623 902 689 uenit
924 621 1103 708 Philippus,
1117 631 1152 686 et
1174 623 1276 687 maior
1294 632 1330 688 et
1349 623 1460 687 bellini

362 730 506 796 ciuitatis
534 730 649 795 dicunt
677 729 764 815 quod
800 727 1016 792 summonitus
1053 729 1117 792 fuit
1145 737 1180 792 et
1208 728 1314 793 noluit
1342 728 1460 794 uenire.

361 833 406 898 Et
421 833 498 919 quia
512 831 672 897 consensit
691 829 696 916 Ι
715 832 749 896 in
764 830 944 916 predictam
959 829 1100 894 iuratam
1120 839 1155 894 et
1177 830 1309 915 loquela·
1323 830 1461 894 deducta

361 936 424 1000 fuit
449 935 491 1000 ad
520 935 686 1010 iudicium,
716 932 964 1000 consideratum
994 941 1044 996 est
1074 932 1161 1018 quod
1189 932 1277 996 idem
1306 933 1461 998 Ricardus

360 1045 394 1101 et
416 1059 610 1102 successores
632 1036 683 1100 sui
705 1043 840 1100 teneant
862 1036 898 1098 in
919 1057 997 1120 pace
1020 1036 1132 1121 quiete
1154 1035 1196 1100 de
1219 1035 1289 1121 ipso
1312 1035 1460 1122 Philippo

360 1151 394 1207 et
409 1141 582 1207 heredibus
596 1141 663 1206 suis
678 1141 909 1226 inperpetuum
924 1149 959 1204 et
974 1140 1145 1226 Philippus
1158 1141 1194 1204 in
1208 1140 1431 1206 misericordia

299 1307 305 1319 ,
423 1246 544 1310 Idonea
573 1267 636 1330 que
665 1244 728 1309 fuit
765 1266 846 1308 uxor
882 1243 1033 1308 Nicholai
1063 1243 1188 1309 Burdet
1224 1244 1311 1329 petit
1350 1266 1461 1308 uersus

265 1367 296 1396 ¹¹⁰·
357 1349 558 1414 Willelmum
574 1348 699 1412 Burdet
709 1349 732 1432 j.
749 1357 933 1414 carucatam
948 1355 1032 1411 terre
1047 1370 1121 1412 curn
1137 1355 1218 1433 pert.
1233 1348 1268 1411 in
1283 1347 1461 1433 Alingtona

356 1461 396 1517 ut
425 1453 534 1518 dotem
564 1475 655 1518 suam
686 1462 720 1516 et
750 1451 838 1518 undo
866 1452 931 1515 fuit
959 1451 1154 1520 nominatim
1182 1451 1297 1518 dotata
1324 1461 1359 1516 et
1387 1452 1461 1516 inde

357 1557 506 1643 producit
521 1565 649 1622 sectam.

422 1665 467 1728 Et
489 1663 673 1728 Willelmus
695 1662 789 1726 uenit
811 1669 846 1726 et
868 1661 948 1729 dicit
973 1661 1061 1747 qnod
1081 1685 1146 1727 non
1173 1662 1271 1727 debet
1295 1665 1327 1728 ei
1353 1663 1461 1728 dotem

358 1772 461 1835 facere
499 1768 576 1854 quia
612 1768 683 1852 ipsa
719 1767 872 1832 deforciat
902 1767 933 1831 ei
969 1767 1079 1830 filiurn
1103 1777 1138 1832 et
1175 1767 1326 1832 heredem
1361 1769 1462 1855 ipsius

359 1869 511 1939 Nicholai
525 1871 736 1957 quondam'
704 1872 767 1935 uiri
782 1871 840 1935 sui.

214 2008 250 2037 ιιι
280 2007 346 2037 oson-
426 1979 469 2042 Et
484 1976 630 2072 predicta
645 1974 768 2040 Idonea
782 1974 968 2060 dicitquod
988 1997 1053 2038 non
1073 1974 1174 2039 habet
1194 1974 1346 2039 heredem
1368 1974 1462 2038 illum

194 2056 302 2269 ιωξυῃιξ
278 2055 348 2130 edii
326 2102 419 2145 onec
442 2081 540 2144 illum
559 2079 590 2143 ei
616 2077 778 2154 deforciat,
805 2077 883 2164 qnia
911 2100 1017 2142 comes
1046 2078 1213 2143 Iohannes
1240 2079 1335 2143 illum
1364 2078 1464 2142 habet

254 2195 339 2317 υἷ’ῗζι,
361 2183 523 2249 occasione
550 2189 621 2246 cust
608 2181 694 2245 todie
725 2189 809 2246 terre
839 2204 937 2282 quarn
967 2181 1054 2246 idem
1082 2181 1260 2246 Nicholaus
1288 2180 1397 2245 tenuit
1423 2181 1464 2246 de

318 2289 399 2352 '⁰'e0
422 2288 457 2351 in
484 2287 598 2370 capite,
622 2285 671 2349 ita
692 2283 778 2371 quod
804 2283 967 2348 Henricus
992 2284 1135 2348 Tuschet
1160 2284 1261 2348 habet
1284 2284 1463 2348 custodiam

197 2372 328 2464 fids
362 2402 445 2457 terre
470 2391 557 2456 illius
583 2411 645 2474 que
670 2397 719 2452 est
749 2388 789 2451 de
816 2388 908 2452 feodo
937 2388 1065 2455 comitis
1093 2389 1284 2474 peripsum
1311 2387 1464 2452 comitem

197 2422 292 2550 iiiii·¹¹
266 2464 336 2504 'md
362 2495 419 2580 qui
433 2515 563 2580 presens
579 2501 677 2556 estet
694 2492 753 2556 hoc
768 2492 938 2578 cognoscit.

426 2598 503 2663 Post
517 2597 609 2661 uenit
624 2595 809 2660 Willelmus
824 2605 858 2659 et
874 2596 1064 2661 concedit
1035 2618 1067 2661 er
1084 2596 1218 2661 terciam
1235 2604 1361 2681 partem
1377 2595 1466 2660 illius

252 2735 257 2752 ι
360 2711 452 2766 terre.
498 2701 542 2765 Et
565 2699 668 2764 Id‘ona
689 2700 769 2764 dicit
791 2700 879 2786 quod
905 2723 970 2765 non
996 2709 1088 2765 tenet
1114 2723 1148 2765 se
1171 2699 1247 2764 inde
1270 2708 1466 2777 contentam,

360 2806 439 2891 quia
473 2805 666 2869 nominatim
695 2803 808 2869 dotata
844 2805 908 2868 fuit
938 2805 978 2869 de
1009 2813 1081 2868 tota
1109 2813 1197 2868 terra
1232 2803 1290 2868 illa
1318 2811 1352 2867 et
1388 2803 1465 2866 inde

360 2908 509 2994 producit
545 2918 676 2984 sectam,
705 2909 826 2973 scilicet
856 2909 1058 2972 Willelmum
1095 2908 1137 2972 de
1166 2906 1370 2973 Westmund'
1399 2907 1465 2971 Ra·

360 3011 521 3097 dulphum
537 3011 652 3097 Cosyn,
668 3011 826 3076 Thomam
842 3013 883 3076 de
904 3013 1037 3089 Bussex,
1052 3012 1233 3076 Rohertum
1253 3010 1295 3075 de
1316 3012 1466 3086 Pattona,

360 3114 544 3178 Iohannem
576 3113 616 3178 dc
646 3114 806 3199 Perpund,
832 3114 1017 3180 Johannem
1047 3115 1189 3191 demun,
1212 3114 1397 3179 Iohannem
1424 3114 1466 3178 de

361 3217 579 3304 Liulingtona,
593 3218 651 3304 qui
666 3217 725 3282 hoc
741 3218 827 3283 idem
844 3226 1016 3284 testantur.

426 3321 470 3384 Et
485 3320 668 3386 Willelmus
683 3323 775 3390 uenit
790 3330 824 3386 et
845 3322 924 3386 dicit
946 3322 1032 3408 quod
1054 3345 1119 3386 non
1141 3323 1205 3386 fuit
1226 3323 1276 3386 ita
1296 3321 1409 3387 dotata
1430 3331 1468 3386 et

361 3423 436 3489 inde
459 3423 551 3508 ponit
573 3446 607 3487 se
629 3447 726 3509 super
747 3425 886 3510 patriam
909 3433 943 3488 et
964 3424 1045 3488 dicit
1066 3425 1152 3511 quod
1174 3447 1238 3488 non
1260 3423 1368 3510 potuit
1389 3423 1468 3489 inde

361 3524 466 3592 dotari
480 3525 620 3610 quiaita
634 3527 801 3591 amitteret
816 3527 885 3612 ipse
900 3527 1040 3593 waldam
1049 3527 1156 3592 suam¹
1168 3535 1202 3591 et
1213 3527 1299 3612 petit
1307 3527 1467 3591 iudicium

361 3637 395 3694 et
411 3629 531 3694 Idonea
545 3630 700 3696 similiter.
747 3632 790 3695 Et
812 3631 890 3716 quia
911 3631 985 3717 ipsa
1002 3631 1150 3717 producit
1168 3639 1289 3696 sectam
1312 3631 1398 3717 quod
1417 3631 1470 3696 ita

361 3732 424 3796 fuit
448 3732 593 3796 nominat
595 3732 640 3797 im
664 3732 755 3798 dotat
742 3742 784 3810 t,a
810 3742 845 3797 et
868 3734 1051 3798 Willelmus
1074 3735 1197 3798 nullam
1221 3743 1341 3798 sectam
1365 3734 1469 3798 habet

197 3860 258 3946 1ιιι
266 3861 329 3899 snat
361 3833 447 3920 quod
472 3833 535 3898 alio
559 3833 653 3898 modo
679 3821 792 3899 dotata
817 3846 910 3912 esset,
937 3835 1185 3901 Consideratum
1210 3846 1261 3900 est
1286 3836 1404 3923 quod
1394 3859 1470 3922 ipsa

212 3908 336 3946 nando-

197 3919 242 4040 {ip
241 3955 275 4041 due
275 3958 339 4050 ριειιιὲιθ
360 3937 569 4024 recuperauit·
589 3937 737 4002 seisinam
763 3960 854 4004 suam
880 3939 1009 4003 nomine
1032 3939 1126 4016 dotis,
1155 3948 1189 4002 et
1218 3939 1469 4005 Willelmusin

360 4042 582 4107 misericordia
627 4065 685 4127 per
699 4042 844 4128 plegium
860 4044 994 4108 Henrici
1009 4044 1049 4108 de
1064 4043 1271 4109 Lilleburnia
1287 4043 1426 4129 perdon’.

240 4153 310 4215 280.
424 4145 581 4210 Ricardus
610 4145 650 4210 de
680 4146 752 4209 Hos
777 4147 862 4232 petit
891 4171 1004 4212 uersus
1032 4148 1215 4213 Iohannem
1244 4147 1285 4212 de
1312 4147 1467 4232 Reingny

237 4251 307 4290 cm
392 4279 531 4328 Bracton
543 4278 689 4340 congruis
702 4294 769 4338 case,
782 4279 800 4328 f.
812 4280 885 4338 oab,
933 4297 1006 4344 wear

360 4359 421 4406 says
439 4343 497 4392 that
516 4343 560 4392 the
579 4344 661 4393 lord'
653 4359 681 4392 ιιι
704 4317 769 4394 sucli
791 4360 807 4394 a
826 4360 886 4395 case
969 4347 1048 4396 2Βιιι
1070 4346 1115 4396 the
1138 4361 1195 4396 case
1214 4345 1238 4394 ia
1259 4353 1303 4396 not
1325 4347 1384 4394 sent
1402 4349 1430 4393 to
1452 4360 1471 4394 a

359 4410 451 4457 suffers
473 4409 590 4458 domnum
612 4409 658 4458 but
681 4413 729 4459 not
755 4412 851 4459 iniuria
836 4427 884 4459 ιι.ιιι
936 4411 1003 4473 jury

359 4475 400 4523 He
412 4473 475 4523 cites
487 4474 554 4522 from
566 4475 682 4524 Ecstor
675 4489 703 4523 ιιι
723 4474 766 4524 the
785 4476 884 4524 tuelfth
