3342 5217
327 399 369 462 30
512 412 640 461 sssrrs
663 412 738 461 Auo
760 412 912 475 serrum,
935 412 1000 463 sn.
1024 400 1119 476 1219,
1140 414 1202 467 nn
1226 404 1254 467 3.

325 589 413 654 idem
428 588 537 675 Fulky
552 588 668 653 habuit
682 588 894 653 medietatem
909 589 988 655 uille
1005 588 1047 654 de
1067 591 1210 657 Bertons
1227 600 1262 657 et
1281 590 1434 656 fundauit

325 693 415 757 illsm
430 693 596 757 eeclesiam
612 716 708 779 super
723 700 842 758 terram
856 715 950 757 susm
960 702 996 758 et
1010 694 1127 760 hebuit
1141 696 1314 781 quemdam
1328 694 1433 758 filium

325 815 421 857 suum
443 792 619 877 Hugonem
639 791 769 856 nomine
787 791 841 856 cui
859 800 945 857 terra
964 792 1022 857 ills
1042 792 1209 857 descendit
1228 801 1301 878 post
1324 792 1433 878 Fulky

324 892 412 958 idem
427 894 527 979 Hugo
541 893 633 959 dedit
648 893 815 975 ecclesiam
829 893 920 958 illam
938 893 1067 959 cuidam
1085 894 1199 959 clerico
1218 917 1277 960 suo
1297 895 1433 981 Hugoni

325 994 382 1078 qui
418 994 507 1060 illam
544 1017 585 1059 ex
621 993 704 1058 dono
741 1016 800 1059 suo
828 994 938 1059 tenuit
973 1016 1032 1080 per
1059 994 1100 1060 xi
1138 1016 1258 1076 ennos3
1292 996 1335 1061 de
1363 996 1434 1082 ipso

326 1097 503 1162 Willelmo¹
534 1097 702 1162 descendit
738 1106 825 1163 terre
861 1098 918 1163 ills
953 1120 1028 1163 oum
1058 1098 1271 1164 aduocaoione
1303 1099 1432 1165 cuidam

325 1200 488 1265 Willelmo
502 1200 569 1265 filio
584 1210 618 1265 et
633 1200 744 1266 heredi
759 1223 817 1266 suo
831 1202 890 1287 qui
903 1201 1070 1269 ecclesiam
1085 1202 1174 1267 illam
1192 1202 1284 1268 dedit
1303 1203 1432 1268 cuidem

324 1303 438 1368 clerico
460 1325 517 1367 suo
541 1302 693 1367 Sauan'oo
715 1302 846 1367 nomine
868 1303 925 1388 qui
947 1304 1037 1368 illem
1059 1305 1168 1370 tenuit
1189 1328 1248 1391 per
1269 1306 1309 1370 xi
1333 1328 1434 1371 annos

325 1416 359 1471 et
383 1429 422 1472 eo
446 1406 586 1493 emplius
611 1428 669 1493 per
692 1408 968 1493 presentucionem
993 1431 1104 1489 susm3
1125 1410 1167 1474 de
1189 1409 1245 1474 illo
1268 1410 1433 1475 Willelmo

324 1509 491 1575 descendit
506 1510 663 1574 termille
677 1532 752 1575 cum
767 1510 980 1576 sduooccione
1001 1512 1130 1577 cuidam
1151 1513 1222 1577 Elie
1242 1513 1382 1578 filiosuo
1397 1522 1432 1578 et
1557 1596 1559 1598 ‚

324 1612 365 1677 de
387 1612 457 1699 ipso
481 1614 554 1677 Elis
575 1613 729 1699 predictis
748 1614 901 1680 Roheisie
923 1624 958 1680 et
981 1614 1136 1682 Matillidi
1158 1617 1287 1682 filiabus
1308 1617 1375 1682 suis
1396 1626 1432 1681 et

324 1714 505 1781 heredibus.
551 1716 594 1779 Et
609 1715 696 1801 quod
710 1716 759 1780 its
772 1715 939 1781 descendit
955 1726 1041 1783 terra
1055 1719 1113 1783 illa
1126 1708 1201 1784 cuin
1216 1720 1429 1785 aduocacione

324 1818 402 1904 ipsis
417 1818 568 1883 Roheisie
583 1827 618 1883 et
634 1819 789 1883 Matillidi
804 1821 889 1885 sicut
904 1821 1087 1905 predictum
1108 1831 1158 1887 est
1179 1831 1213 1887 et
1234 1824 1320 1909 quod
1339 1833 1430 1889 ante-

324 1944 462 1987 cessores
476 1922 527 1987 sui
542 1924 675 1987 fuerunt
690 1922 738 1988 ita
752 1923 856 1988 scisiti
870 1924 955 1989 sicut
969 1925 1151 2011 predictum
1166 1936 1216 1991 est
1236 1928 1276 1992 de
1294 1928 1430 1993 aduoca-

324 2026 415 2091 cione
437 2026 494 2090 illa
514 2027 608 2091 offert
631 2027 765 2113 probare
788 2037 885 2112 prout
907 2028 997 2093 curis
1019 2029 1270 2095 considerauerit
1290 2040 1324 2095 et
1346 2032 1430 2096 bene

324 2128 469 2195 defendit
492 2130 577 2216 quod
599 2131 764 2216 predictus
785 2131 947 2196 Redulfus
967 2131 1009 2197 de
1033 2132 1158 2198 Chaun’
1173 2135 1227 2199 uel
1245 2134 1430 2199 Willelmus

324 2232 410 2297 filius
425 2232 495 2297 eius
509 2256 676 2319 nunquam
692 2234 843 2299 seisinam
863 2234 1049 2299 habuerunt
1069 2234 1109 2300 de
1129 2236 1275 2321 predicta
1293 2237 1429 2302 aduocs

323 2336 414 2401 cione
444 2344 479 2400 et
504 2336 563 2401 hoc
587 2337 680 2401 offert
703 2336 876 2403 defendere
899 2338 984 2403 siout
1008 2339 1099 2403 curia
1121 2340 1371 2406 considereuerit
1395 2350 1431 2406 et

322 2439 447 2506 desicut
463 2440 525 2526 ipsi
540 2441 663 2507 nullam
678 2442 828 2507 seisinsm
843 2442 919 2507 indo
940 2442 1127 2508 habuerunt
1143 2443 1276 2509 uidetur
1295 2446 1326 2510 ei
1343 2446 1430 2531 quod

323 2544 443 2609 donum
459 2567 570 2609 eorum
585 2546 713 2609 nullum
727 2546 798 2610 fuit.

253 2704 259 2718 .
389 2648 554 2713 Johsnnes
580 2649 754 2736 Eskelling'
779 2649 866 2715 filius
891 2649 1026 2715 Roberti
1051 2650 1267 2716 summonitus
1295 2652 1359 2717 fuit
1388 2652 1430 2718 sd

216 2750 262 2778 ⁰¹⁸⁰
324 2752 581 2836 respondendum
623 2752 765 2817 Henrico
802 2753 843 2818 de
880 2752 1102 2839 Franckeiney
1139 2762 1173 2818 et
1209 2754 1352 2819 Johsnni
1388 2755 1428 2821 de

324 2853 454 2939 Eproill’
469 2854 587 2920 iuniori
602 2877 666 2941 quo
680 2863 822 2920 woranto
838 2856 1018 2941 ingressum
1038 2856 1154 2921 hebuit
1174 2855 1209 2920 in
1227 2858 1371 2922 manerio
1388 2858 1429 2923 de

323 2957 440 3021 Atsord
456 2980 530 3021 cum
545 2957 754 3043 pertinenciis
773 2958 860 3023 unde
881 2958 1042 3022 Hemicus
1061 2958 1211 3023 seisinsm
1233 2958 1350 3025 habuit
1371 2984 1431 3047 per

240 3096 245 3108 ·
322 3070 512 3147 preceptum
541 3062 664 3128 domini
693 3063 792 3150 Regis
820 3072 860 3128 ut
887 3063 892 3150 Ι
920 3063 1001 3128 dicit
1028 3064 1115 3128 unde
1145 3063 1232 3129 idem
1268 3065 1430 3131 Henn'cus

322 3166 570 3252 ostenditquod
589 3188 648 3253 per
666 3167 766 3231 breue
785 3166 908 3232 domini
928 3167 1028 3254 Regis
1049 3168 1165 3233 habuit
1187 3168 1256 3254 ipse
1277 3169 1428 3235 seisinsm

322 3271 410 3335 illius
439 3279 523 3335 terre
553 3292 628 3335 curn
657 3270 802 3357 predicto
831 3271 981 3337 iohanne
1010 3271 1136 3336 racione
1160 3272 1304 3338 custodie
1327 3274 1429 3360 ipsius

322 3375 345 3440 J
347 3374 490 3439 ohannis.
535 3374 579 3439 Et
598 3374 777 3439 uicecomes
797 3374 887 3439 misit
905 3374 1005 3439 breue
1020 3374 1143 3438 domini
1157 3374 1257 3461 Regis
1270 3398 1329 3461 per
1342 3376 1429 3463 quod

323 3476 400 3541 fecit
423 3476 454 3540 ei
480 3476 598 3541 habere
621 3476 771 3541 seisinam
797 3477 833 3541 in
858 3477 918 3540 hec
943 3475 1058 3540 verba:
1090 3477 1132 3541 H.
1156 3477 1210 3541 dei
1235 3479 1343 3562 grecis
1367 3489 1427 3545 etc.

312 3579 506 3644 -uicecomiti
535 3579 625 3644 Dore.
656 3580 803 3645 salutern.
851 3580 1051 3666 Precipimus
1080 3580 1142 3645 tibi
1171 3581 1258 3666 quod
1285 3583 1321 3646 in
1349 3606 1428 3669 poce

323 3682 440 3746 hebere
470 3681 567 3746 facias
593 3682 734 3747 Hemico
759 3681 799 3746 de
826 3682 1047 3768 Francheiney
1072 3683 1252 3747 custodium
1277 3694 1362 3749 terre
1386 3686 1428 3750 de

322 3785 439 3850 Atford
455 3784 631 3871 Oskelling’
647 3807 744 3870 quam
760 3786 797 3851 R.
814 3785 955 3850 Dunhol.
970 3786 1148 3871 Episcopus
1165 3785 1271 3851 eidem
1286 3788 1428 3853 Henn'co

322 3890 461 3954 contulit
480 3910 519 3953 ee
539 3889 700 3953 occasione
720 3889 805 3975 quod
819 3890 969 3954 dominus
984 3890 1055 3954 Rex
1070 3890 1092 3955 J
1093 3890 1235 3955 ohannes
1249 3892 1428 3976 predictam

322 3992 500 4057 custodiam
537 3991 642 4055 eidem
679 3992 827 4078 episcopo
862 3993 1000 4059 contulit
1034 3993 1120 4057 unde
1150 3993 1237 4057 idem
1267 3995 1428 4060 Henricus

322 4096 469 4183 queritur
491 4095 576 4181 quod
602 4096 686 4160 sicut
711 4096 780 4182 ipse
804 4097 868 4161 fuit
892 4098 926 4160 in
950 4096 1068 4161 seisins
1092 4096 1180 4161 illius
1203 4097 1347 4162 custodie
1371 4120 1429 4184 per

321 4208 510 4283 preceptum
540 4197 662 4261 domini
692 4198 792 4285 Regis
820 4222 879 4284 per
902 4198 1002 4263 breue
1028 4221 1123 4263 suum
1147 4199 1239 4263 uenit
1265 4199 1429 4285 predictus

320 4302 487 4367 Johsnnes
509 4310 543 4365 ct
565 4302 737 4367 aramisuit
757 4303 889 4368 assisam
907 4326 991 4368 nouo
1010 4304 1175 4369 disscisine
1194 4326 1306 4369 uorsus
1320 4304 1427 4390 ipsum

767 4420 843 4484 lQu.
857 4424 972 4483 Hispone.
