3342 5217
345 336 409 399 634
553 350 787 411 mominis,
809 352 874 400 nn.
900 338 993 411 1233,
1015 351 1080 402 an
1105 337 1240 405 17-18.

344 524 482 591 Ricardo
504 526 545 589 de
567 525 701 590 alterins
723 526 850 590 catallis
872 548 969 611 quam
992 525 1033 592 de
1056 526 1184 604 suiset
1203 526 1329 593 desicut
1352 528 1455 593 nichil

344 630 526 695 addictum¹
556 630 620 694 fnit
642 630 678 695 in
700 630 829 715 appello
853 631 937 717 quod
960 630 1001 695 de
1024 631 1172 696 custodia
1193 632 1295 717 ipsius
1320 632 1455 697 Ricardi

344 732 445 797 furati
459 732 607 796 fuerunt²
621 755 681 797 nec
695 731 821 818 aliquid
835 732 910 797 sua³
925 732 1076 798 interfuit
1096 733 1136 798 de
1158 733 1266 799 duello
1281 734 1454 809 uadiando‚

343 844 378 900 et
401 836 480 921 quia
502 834 741 900 consideratum
764 835 829 899 fuit
851 836 936 921 quod
959 836 1030 921 ipsa
1052 835 1176 901 Editha
1199 859 1258 923 per
1273 846 1396 902 sectam
1419 846 1455 901 et

342 962 401 1025 per
415 940 555 1025 patriam
571 961 637 1003 non
652 939 760 1025 potuit
775 939 894 1003 catalla
913 961 973 1004 sna
992 939 1214 1016 disracionare,
1234 940 1284 1005 ⁴et
1304 950 1456 1027 preterea

343 1040 421 1127 quia
440 1040 529 1105 idem
552 1039 737 1104 Willelmus
758 1038 887 1104 nullum
909 1039 1094 1105 nominauit
1115 1039 1171 1125 qui
1193 1063 1304 1126 porcos
1325 1042 1399 1105 illos
1423 1041 1456 1105 ei

343 1141 505 1221 tradidit&
520 1142 770 1208 Consideratum
786 1151 837 1207 eat
852 1142 939 1229 quod
953 1144 1043 1208 curia
1065 1144 1182 1208 falsum
1202 1144 1279 1209 fecit
1295 1145 1453 1210 iudicium

343 1256 378 1313 et
401 1248 489 1333 qnod
512 1247 658 1312 duellum
682 1246 885 1325 deuadietur,
909 1256 943 1311 et
967 1247 1057 1311 curia
1082 1247 1117 1311 in
1139 1248 1362 1313 misericordia
1411 1249 1456 1313 Et

343 1352 513 1417 duodecim
529 1352 568 1417 de
584 1350 815 1437 Wyndessores
831 1358 867 1415 ct
881 1359 1021 1437 quatuor
1032 1352 1146 1417 uillate
1161 1352 1406 1439 propinquiores
1421 1364 1455 1417 et

343 1454 385 1519 de
407 1456 536 1519 uisneto
557 1454 672 1519 dicunt
693 1476 792 1540 super
811 1463 1050 1519 sacramentum
1068 1478 1165 1520 sunm
1187 1455 1274 1541 quod
1294 1455 1383 1541 porci
1406 1455 1456 1519 illi

344 1559 476 1622 fuerunt
490 1558 593 1644 ipsius
608 1558 730 1623 Edithe
745 1567 780 1623 et
795 1558 828 1623 ei
842 1559 1018 1644 porcelleti,
1036 1568 1070 1624 et
1092 1560 1178 1646 quod
1201 1560 1273 1646 ipsa
1292 1582 1346 1624 eos
1364 1560 1456 1625 misit

343 1662 385 1727 ad
400 1684 578 1748 pessonam,
592 1670 627 1726 et
642 1662 729 1747 quod
744 1663 875 1727 nomine
887 1685 945 1727 sno
960 1663 1083 1749 recepti
1098 1664 1231 1729 fuerunt
1245 1687 1266 1728 a
1280 1664 1457 1729 forestariis

344 1775 378 1831 et
393 1789 452 1853 per
465 1766 612 1852 taylliam
627 1774 661 1829 et
682 1766 768 1852 quod
788 1788 848 1852 per
868 1766 1073 1831 forestarium
1092 1766 1255 1855 adgestati
1271 1774 1305 1831 ct
1322 1768 1456 1831 nomine

344 1892 411 1945 suo,
436 1879 471 1934 et
497 1868 584 1954 quod
610 1869 681 1954 ipsa
706 1868 798 1933 dedit
828 1870 1029 1957 pannagium
1059 1893 1117 1957 pro
1147 1872 1251 1956 porcis
1276 1871 1365 1937 illis⁵.
1412 1872 1456 1935 Et

344 1982 492 2060 preterea
506 1973 561 2059 xij.
576 1972 617 2037 de
632 1972 719 2037 willa
738 1971 778 2037 de
800 1972 1016 2059 Wyndesores
1036 1973 1150 2039 dicunt
1172 1975 1260 2059 quod
1281 1975 1456 2040 constabu-

344 2080 415 2144 larii
442 2087 477 2142 et
503 2076 661 2141 forestarii
688 2084 854 2162 presentes
885 2076 1017 2141 fuerunt
1046 2076 1175 2163 quando
1205 2080 1292 2165 pomi
1322 2080 1457 2145 dierunt

344 2182 479 2246 arcststi
503 2188 538 2244 ct
566 2179 676 2244 nullus
700 2179 843 2265 ipsorum
870 2202 982 2266 porcos
1003 2179 1078 2245 illos
1107 2181 1291 2258 aduocauit,
1318 2192 1353 2247 et
1383 2184 1458 2249 ideo

346 2286 524 2351 reddantur
551 2284 696 2370 predicte
727 2283 857 2348 Edithe.
917 2284 962 2348 Et
991 2284 1177 2349 Willolmus
1212 2286 1253 2351 de
1291 2285 1459 2351 Nutebet⁸

345 2382 585 2470 suspendatur⁷.
605 2381 610 2468 Ι

411 2487 537 2552 Ἀεείεο,
559 2486 651 2551 uenit
673 2486 879 2573 recognitum
900 2487 928 2551 si
950 2486 1096 2551 Andreas
1118 2488 1255 2552 Bokerel
1277 2488 1400 2553 iniuste
1424 2499 1459 2553 et

345 2594 415 2657 sine
432 2591 552 2657 iudicio
571 2591 749 2656 dimeisiuit
769 2591 933 2677 Rogerurn
954 2591 1058 2655 filium
1081 2590 1217 2655 Jordani
1239 2592 1279 2657 dc
1303 2592 1458 2679 Purtepol

346 2697 387 2762 de
423 2696 524 2761 libero
561 2704 748 2760 tenemento
784 2718 843 2759 suo
880 2695 912 2759 in
953 2694 1185 2759 Kentissetona
1216 2703 1289 2780 post
1318 2696 1458 2781 primam

346 2802 585 2867 coronacionem
610 2800 710 2887 Regis
736 2808 795 2865 etc
823 2808 858 2865 et
884 2800 970 2865 unde
997 2800 1146 2885 queritur
1170 2799 1255 2886 qnod
1281 2800 1460 2866 dissaisiuit

347 2929 423 2972 eum
438 2907 479 2971 de
495 2906 569 2970 dim.
586 2927 646 2970 acr.
663 2913 749 2969 terre
764 2911 825 2969 etc.

412 3013 457 3075 Et
472 3010 618 3077 Andreas
634 3009 729 3096 uenit
741 3018 776 3073 et
790 3008 871 3073 dicit
886 3008 973 3094 quod
988 3008 1087 3073 assisa
1101 3030 1166 3073 non
1182 3007 1279 3073 debet
1290 3009 1367 3073 inde
1379 3010 1460 3087 fieri,

346 3116 424 3200 quia
438 3136 552 3179 reuera
570 3113 704 3199 qnidam
726 3112 848 3199 Symon
870 3112 1018 3199 Bruning
1039 3113 1146 3177 tenuit
1166 3122 1284 3178 terram
1307 3114 1398 3179 illam
1423 3122 1462 3178 ut-

346 3218 397 3282 ius
419 3226 454 3282 et
476 3215 692 3281 hereditatem
717 3238 809 3280 suam
834 3224 869 3281 et
891 3215 980 3280 illam
1003 3214 1128 3281 dimisit
1149 3217 1277 3283 cuidam
1300 3218 1462 3285 Robcrt0⁰

346 3322 414 3386 filio
442 3322 578 3387 Jordeni
608 3319 835 3385 Molendinarii
869 3320 911 3385 ad
947 3320 1079 3385 terciam
1114 3321 1283 3409 garbam¹⁰,
1308 3332 1360 3387 set
1390 3325 1460 3409 ipse

348 3428 469 3511 Symon
492 3426 573 3490 obiit
596 3425 672 3491 inde
695 3424 835 3501 saisitus,
859 3431 893 3488 et
920 3432 992 3509 post
1017 3434 1154 3489 mortem
1181 3426 1282 3511 ipsius
1308 3426 1460 3510 Symonis

347 3530 463 3595 habuit
492 3529 623 3615 quidam
654 3527 816 3593 Martinus
846 3527 935 3591 Brun
962 3528 1063 3593 frater
1086 3528 1188 3615 ipsius
1214 3529 1365 3615 Symonis
1388 3553 1460 3595 cus-

347 3634 469 3699 todiam
484 3656 657 3719 puerorum
672 3633 775 3720 ipsius
792 3633 943 3720 Symonis
958 3632 1055 3698 simul
1070 3656 1144 3698 cum
1160 3642 1247 3698 terra
1260 3632 1326 3709 illa,
1341 3642 1376 3697 at
1390 3634 1461 3719 ipsa

379 3785 508 3900 :dimin
508 3786 583 3900 η11’51Δ
607 3852 648 3927 He
669 3865 722 3900 was
743 3853 791 3899 not
818 3864 875 3912 pos·
959 3784 1180 3913 iffl‘bssbeifor
1208 3850 1284 3925 being
1307 3866 1324 3901 a
1345 3866 1459 3911 woman.

348 3914 716 4031 Quassanda
729 3916 830 3978 ‘⁹⁹⁰⁶'
927 3914 1042 4030 diffidi
1055 3915 1177 4044 ,titt
1194 3916 1313 4031 iidid
1323 3916 1461 4045 ffii

380 4044 738 4161 &difflatas
757 4108 803 4159 ειη
818 4109 877 4172 pa
927 4048 1066 4159 ⁰⁰3⁰&
1079 4046 1125 4160 s:
1140 4046 1221 4096 Μ·

346 4174 876 4305 ffiifflifiii‘i'ii‘i‘hs‘ssiii
958 4174 1463 4304 tittttttttttttt'tto

346 4304 436 4418 thara..
461 4304 543 4354 Edith
562 4319 614 4356 was
631 4308 659 4355 to
681 4319 733 4368 pay
753 4318 874 4367 pannaga
926 4303 1186 4366 paidtothelcssor.

357 4385 386 4417 or
428 4384 458 4419 ra
