3342 5217
424 442 657 504 ieronimum,
679 443 744 493 nn.
769 430 863 507 1219,
884 444 948 493 nn.
973 431 1068 493 3—4.
1259 430 1298 495 61

193 618 247 683 uel
261 616 433 683 heredibus
448 618 515 683 suis
529 618 653 704 aliquid
667 619 752 683 iuste
765 619 902 685 clamare
914 621 967 685 uel
980 620 1109 707 exigere
1119 620 1299 707 potuerint¹

178 729 252 793 ‚etc
298 722 422 787 Profert
437 722 539 787 eciem
556 732 679 787 mitam
700 723 852 788 Nicholai
871 724 932 788 filii
956 722 1092 789 Mainfel
1113 723 1153 788 de
1174 725 1301 788 Buleha

193 847 257 910 que
272 832 413 889 testatur
426 824 513 910 quod
528 826 684 890 concessit
696 834 730 890 et
745 825 950 891 confirmauit
963 849 1022 912 pro
1033 848 1067 891 se
1079 834 1114 891 et
1127 825 1301 891 heredibus

194 930 261 993 suis
282 928 427 1014 predicto
447 929 590 993 Roberto
609 938 644 993 et
666 929 840 994 heredibus
862 929 930 994 suis
950 938 1054 995 totam
1074 930 1222 1015 quietam
1236 930 1300 994 cla·

194 1033 373 1098 mationem
387 1032 610 1098 aduooacionis
630 1032 762 1097 ecclesie
778 1032 818 1097 de
840 1033 1038 1119 Harpedena
1057 1054 1156 1118 quam
1179 1032 1300 1097 Nicho-

195 1135 265 1199 laus
275 1135 316 1199 de
326 1136 453 1200 Buleha
467 1136 649 1199 auunculus
660 1158 737 1199 suus
749 1136 903 1200 clamauit
914 1136 1033 1200 habere
1043 1145 1077 1200 et
1086 1158 1184 1221 quam
1194 1135 1299 1199 eidem

195 1237 336 1301 lieberto
358 1246 392 1301 et
415 1237 588 1303 heredibus
606 1237 672 1301 suis
691 1237 852 1301 relaxauit
867 1246 901 1301 et
916 1238 1061 1323 quietam
1075 1238 1238 1314 clamauit,
1253 1238 1302 1302 ita

194 1339 281 1423 quod
294 1361 354 1403 nec
368 1338 437 1424 ipse
452 1361 512 1403 neo
527 1338 661 1403 heredes
676 1339 727 1403 sui
747 1362 767 1403 a
781 1338 927 1424 predicto
947 1339 1089 1403 Roberto
1104 1340 1157 1403 uel
1174 1338 1300 1403 heredi-

194 1442 255 1506 bus
284 1442 351 1506 suis
376 1444 411 1506 in
436 1442 582 1529 predicta
607 1442 819 1507 aduocecione
846 1442 990 1508 eiusdem
1017 1444 1148 1509 ecclesie
1177 1441 1301 1528 aliquid

194 1545 423 1631 inperpetuum
439 1546 567 1632 exigere
583 1547 745 1631 potimini
764 1568 823 1631 per
837 1556 958 1611 cartam
974 1548 1026 1611 uel
1042 1570 1102 1632 per
1115 1547 1180 1611 alia
1193 1547 1300 1610 muni-

195 1660 306 1715 menta
325 1651 475 1736 quamuis
495 1673 534 1715 ea
553 1651 673 1715 hebeat
694 1673 734 1714 ex
754 1659 932 1737 conquestu
952 1650 1054 1736 ipsius
1075 1651 1227 1717 Nicholai
1246 1652 1300 1717 uel

194 1763 431 1820 antecessorum
445 1778 577 1820 suorum
592 1764 661 1831 ete,
676 1756 763 1820 unde
783 1755 871 1820 idem
891 1755 1053 1821 Robertus
1067 1755 1147 1821 dicit
1167 1756 1254 1843 quod
1273 1757 1301 1822 si

194 1861 256 1946 ipsi
271 1860 395 1945 aliquid
410 1860 490 1925 iuris
504 1860 579 1924 inde
600 1860 794 1935 habuerunt,
809 1858 879 1944 ipse
899 1858 983 1923 illud
1002 1859 1102 1923 habet
1124 1870 1301 1944 pencestes

193 1964 274 2041 illas,
289 1972 323 2028 et
343 1964 428 2050 petit
450 1964 601 2029 seisinam
622 1986 713 2027 suam
733 1985 831 2049 quam
850 1963 1012 2050 cognoscit
1027 1963 1065 2027 ei
1111 1962 1300 2028 Considera-

193 2074 266 2131 tum
282 2067 432 2152 estquod
448 2066 548 2131 assisa
561 2074 735 2132 remaneat.

261 2167 304 2231 Et
318 2166 396 2252 quia
414 2165 615 2253 Reginaldus
632 2164 785 2251 cognouit
804 2164 892 2251 quod
914 2166 1076 2230 Robertus
1097 2166 1299 2252 presentauit

195 2271 344 2335 ultimam
359 2292 605 2355 personamque
626 2277 819 2333 mortuaest
839 2278 874 2332 et
893 2267 994 2333 nichil
1012 2269 1155 2333 ostendit
1169 2269 1210 2332 de
1226 2292 1300 2333 eon-

195 2373 349 2437 uencione
361 2373 447 2436 facta
457 2372 544 2435 inter
554 2372 661 2455 ipsum
672 2370 853 2434 Robertum
864 2380 898 2435 et
909 2370 1092 2456 predictum
1104 2371 1137 2434 N
1138 2371 1300 2436 icholaum

194 2478 246 2542 uel
262 2477 419 2563 scriptum
434 2477 487 2540 uel
503 2476 592 2541 aliud
610 2475 673 2539 nisi
693 2474 779 2560 quod
799 2475 893 2560 ponit
907 2498 941 2539 se
961 2497 1059 2560 super
1077 2475 1226 2561 patriam,
1240 2498 1301 2540 nec

192 2590 313 2646 sectam
343 2581 419 2646 inde
448 2580 662 2645 sufficientem
691 2578 821 2664 profert,
852 2577 1098 2643 consideratum
1129 2586 1179 2643 est
1212 2578 1300 2663 quod

191 2684 353 2748 Robertus
364 2683 483 2748 habeat
495 2682 646 2747 seisinam
658 2704 750 2745 suam
763 2687 797 2745 et
808 2679 929 2744 habeat
940 2679 1039 2745 breue
1050 2680 1092 2745 ad
1104 2680 1299 2766 Episcopum

191 2786 278 2873 quod
303 2788 541 2851 nonobstante
567 2794 626 2851 etc.
654 2792 688 2849 et
711 2783 913 2871 Regineldus
936 2784 971 2849 in
995 2785 1214 2851 misericordia
1242 2807 1300 2872 pro

191 2890 313 2955 iniusto
327 2888 571 2975 inpedimento’.

257 2994 435 3059 'Hernicus
446 2993 552 3058 Foliot
567 2992 687 3078 optulit
702 3014 736 3056 se
751 2999 867 3077 quarto
878 2990 931 3055 die
942 3012 1056 3055 uersus
1070 2991 1247 3077 Hugonem
1259 2990 1299 3055 de
1359 3012 1406 3041 τοι
1429 3013 1441 3041 0

193 3098 379 3164 Whithulla
399 3108 433 3163 et
452 3097 626 3163 Isabellam
645 3118 778 3161 uxorem
800 3096 870 3161 eius
884 3096 925 3160 de
940 3096 1060 3182 placito
1071 3096 1157 3160 feodi
1171 3095 1300 3161 dimidii

192 3202 306 3267 militis
320 3224 396 3266 cum
411 3201 618 3287 pertinenciis
632 3200 667 3264 in
682 3199 869 3276 Audebiria,
883 3199 969 3286 quod
984 3200 1103 3263 clamat
1117 3221 1231 3263 uersus
1246 3191 1300 3264 eos

193 3313 231 3369 ut
246 3304 296 3369 ius
310 3326 406 3369 suum
421 3311 480 3369 etc
497 3311 531 3367 et
546 3302 609 3389 ipsi
623 3325 688 3366 non
703 3309 866 3366 uenerunt
881 3309 940 3366 etc
957 3310 992 3366 et
1011 3301 1197 3366 habuerunt
1211 3300 1299 3366 diem

192 3408 227 3473 in
241 3408 343 3474 bauco
358 3416 416 3473 etc
432 3430 539 3473 coram
553 3406 740 3472 iusticiariis
754 3406 986 3470 itinerantibus
1000 3414 1039 3469 ut
1054 3405 1117 3491 ipsi
1130 3406 1298 3470 recordan-

191 3520 248 3575 tur
269 3512 318 3576 ita
340 3511 427 3597 quod
448 3534 554 3576 coram
578 3512 625 3576 eis
650 3510 738 3596 apud
761 3510 922 3575 Oxoniam
943 3509 1111 3595 pecierunt
1133 3508 1242 3573 uisum
1264 3518 1299 3573 et

192 3614 376 3678 habuerunt
391 3613 478 3677 diem
493 3612 529 3676 in
540 3612 671 3677 octabas
687 3612 718 3677 S.
731 3612 861 3698 Hylasii
872 3620 907 3676 et
917 3621 997 3676 tunc
1008 3633 1042 3675 se
1053 3610 1299 3675 essoniauerunt

192 3726 227 3782 et
242 3716 426 3782 habuerunt
440 3716 527 3782 diem
547 3738 606 3803 per
619 3716 829 3781 essoniatores
843 3739 917 3781 suos
936 3738 957 3780 a
970 3715 1023 3780 die
1043 3715 1099 3779 illo
1113 3714 1149 3779 in
1163 3738 1213 3779 xv.
1229 3714 1299 3779 dies

192 3827 252 3883 etc
268 3828 348 3883 tunc
358 3828 520 3883 uenerunt
534 3828 568 3884 et
583 3827 784 3883 uocauerunt
795 3818 872 3883 inde
886 3819 928 3882 ad
943 3825 1122 3880 warantum
1134 3816 1298 3902 Rogerum

224 3992 398 4055 ¹pereartam
406 3992 721 4053 mlperaliemauimente
772 3988 866 4053 bishop
886 3988 932 4039 the
949 3988 1035 4039 clause
1052 3987 1298 4050 ‘notwithstanding

192 4058 307 4135 mumulo
324 4072 354 4105 ea
369 4058 463 4133 babeat
479 4056 509 4104 de
528 4064 663 4119 conque-ua
681 4058 719 4119 ip·
771 4054 817 4131 the
834 4054 912 4103 claim
921 4053 1017 4129 ¹otthe
1031 4051 1190 4166 deiengantss
1201 4054 1241 4101 lor
1244 4053 1297 4165 lthe

191 4123 719 4243 ppeBltwholatmtaoucmommrwmm
769 4120 988 4235 lhedgdisebniisnbli
1000 4132 1069 4232 ζῇ.
1082 4182 1110 4231 in
1121 4123 1213 4231 pigebat}
1221 4133 1296 4231 :lagu

223 4250 234 4283 ²
250 4250 373 4312 Brecton,
389 4250 407 4301 l.
425 4250 481 4311 249,
501 4248 564 4300 cites
580 4248 634 4299 this
650 4264 717 4299 case.
769 4265 816 4299 ner
837 4248 897 4299 that
918 4248 963 4298 the
985 4247 1120 4310 judgment
1143 4246 1297 4296 establishes

190 4314 275 4366 When
290 4330 325 4365 an
343 4314 425 4365 assiae
442 4315 471 4364 of
485 4314 587 4364 darrein
604 4318 716 4377 present·
769 4329 784 4363 a
801 4314 871 4375 right
887 4313 954 4375 good
975 4312 1080 4373 against
1096 4313 1146 4370 all;
1172 4311 1298 4361 hessone

189 4386 264 4431 ment
280 4380 304 4430 is
320 4380 387 4430 tried
403 4380 431 4429 in
448 4380 525 4428 modo
541 4379 637 4429 assises
653 4380 675 4429 it
693 4379 716 4428 is
768 4379 850 4440 ought
861 4382 889 4427 to
899 4379 982 4427 insert
994 4377 1038 4426 the
1050 4384 1115 4425 ‘non
1127 4376 1264 4426 obstante!

189 4446 320 4509 improper
331 4450 358 4497 to
368 4444 452 4495 insert
461 4444 490 4494 in
501 4443 546 4494 the
558 4444 615 4495 urit
629 4449 657 4494 to
673 4443 717 4495 the
801 4443 811 4475 ³
828 4445 859 4492 A.
870 4458 907 4492 m.
920 4445 963 4501 17;
983 4444 1014 4494 B.
1027 4456 1062 4492 m.
1078 4443 1117 4491 is.
