3342 5217
441 414 678 479 ιιιοιιιιιιιιε,
699 415 768 482 an
789 404 884 481 1224,
906 418 969 471 ιιι
993 408 1087 471 8-9.
1252 406 1316 474 703

209 589 367 655 serinncis
394 606 456 655 sua
482 590 744 677 responderent
773 591 867 657 Prior
894 600 975 661 tunc
1003 593 1151 681 quesitus
1180 594 1207 661 si
1239 594 1319 681 quid

209 692 328 759 habuit
344 693 385 758 de
407 694 501 759 Dom.
517 694 610 781 Rege
628 716 687 781 per
707 695 796 781 quod
808 696 1065 765 eduooooionem
1087 700 1177 765 illem
1199 699 1318 765 hebere

209 806 326 885 posset,
337 798 422 865 dixit
435 798 523 885 quod
538 799 656 867 habeut
669 808 794 869 eertum
808 810 843 867 et
858 803 945 891 quod
959 804 1107 871 fuerunt¹
1121 804 1157 869 in
1171 803 1320 891 partibus

208 902 440 981 manamarinis,
461 911 498 969 et
521 903 597 969 ideo
620 904 718 971 datus
740 905 806 971 fnit
828 906 861 973 ei
884 906 954 973 dies
974 908 1112 975 diffusus
1133 906 1176 973 sd
1197 914 1320 973 cartam

208 1028 302 1076 suam
316 1007 510 1085 habendam,
523 1007 566 1075 ed
581 1030 678 1095 quem
693 1006 782 1075 diem
795 1030 862 1075 non
877 1010 971 1077 uenit
985 1010 1084 1088 Prior,
1099 1010 1147 1077 ita
1161 1009 1248 1097 quod
1262 1032 1322 1097 per

208 1109 366 1177 iudicium
380 1111 470 1177 curie
483 1112 640 1179 remansit
654 1110 828 1179 nduoeecio
841 1112 901 1179 ills
919 1113 1026 1181 eidem
1047 1113 1214 1181 Gileberto
1234 1115 1320 1201 petri

208 1232 268 1277 suo
289 1212 347 1299 qui
367 1212 571 1298 presentant
591 1211 634 1278 sd
656 1212 795 1280 eandem
814 1215 997 1283 Henricum
1016 1213 1058 1281 de
1078 1216 1270 1294 Witintona,
1286 1224 1321 1281 et

209 1314 286 1381 inde
300 1317 424 1401 profert
437 1316 538 1403 Regis
552 1316 684 1383 Ricardi
697 1325 821 1383 mrtem
837 1340 900 1405 quo
916 1326 1057 1385 testatur
1067 1318 1154 1405 quod
1164 1318 1321 1385 concessit

209 1426 246 1483 et
261 1418 468 1485 confirmauit
481 1420 627 1487 Henrico
639 1420 681 1487 de
696 1421 883 1487 Witintcua
901 1423 1069 1489 ecclesium
1088 1423 1129 1490 de
1149 1423 1320 1510 Mepertis·

209 1518 283 1586 hale
317 1542 417 1609 quam
451 1521 639 1589 (lilebertns
672 1522 715 1589 de
746 1524 981 1611 Mepertishale
1008 1526 1153 1593 seruiens
1181 1546 1261 1591 suus
1289 1526 1320 1591 ei

208 1622 301 1689 dedit
314 1622 357 1689 ed
372 1646 470 1710 quem
490 1624 626 1691 donacio
644 1625 790 1694 eiusdem
810 1627 943 1695 ecclesie
962 1628 1107 1715 pertinet
1126 1651 1225 1716 quare
1246 1629 1320 1695 uult

208 1742 281 1812 etc,
303 1742 339 1800 et
360 1734 390 1801 si
414 1735 506 1801 curis
530 1733 785 1803 considerauerit
809 1733 896 1820 quod
922 1755 1020 1819 super
1043 1732 1106 1797 hoe
1128 1732 1247 1799 debeat
1270 1754 1319 1797 re·

208 1838 374 1925 spondere,
388 1838 478 1905 dicet
491 1837 581 1905 aliud
594 1862 654 1925 per
667 1838 755 1925 quod
769 1838 861 1903 Prior
874 1837 1004 1903 nullum
1018 1837 1070 1904 ius
1084 1836 1193 1903 habet

274 1941 319 2006 Et
333 1941 425 2007 Prior
438 1941 621 2029 dicitquod
640 1942 702 2008 hoc
721 1962 788 2007 non
807 1940 907 2009 debet
922 1940 954 2007 ei
973 1961 1088 2005 nocere
1109 1939 1188 2026 quia
1205 1957 1320 2008 reuera

208 2042 309 2111 cosma
321 2042 371 2109 ita
384 2043 584 2111 summonits
596 2042 664 2109 fuit
679 2050 716 2109 et
734 2041 823 2128 qnod
842 2064 908 2107 non
927 2041 1037 2127 potuit
1056 2041 1176 2107 habere
1195 2048 1318 2107 cartem

208 2142 303 2209 Dom.
328 2143 430 2231 Regis
454 2144 511 2209 aui
536 2143 632 2211 Dom.
657 2142 759 2230 Regis
784 2166 884 2229 qnam
913 2142 1041 2221 habuit,
1065 2141 1207 2209 ecdicio
1231 2141 1319 2227 quod

185 2246 298 2331 ,prius
326 2246 444 2313 habuit
472 2246 625 2312 seisinam
654 2253 714 2313 etc
737 2246 826 2312 sicut
847 2244 1031 2332 predictum
1055 2252 1115 2323 est,
1138 2252 1174 2311 et
1197 2244 1318 2331 profert

207 2359 331 2416 cartam
345 2351 446 2439 Regis
460 2351 504 2417 H.
518 2351 575 2417 aui
588 2351 684 2419 Dom.
698 2350 800 2439 Regis
813 2372 879 2441 que
892 2350 1063 2417 confirmet
1082 2350 1130 2417 eis
1150 2352 1318 2417 ecclesiam

207 2455 326 2523 suom'.

272 2558 366 2627 Post·
378 2560 474 2626 uenit
491 2560 714 2641 Johsnneset
732 2559 827 2647 ponit
846 2580 880 2625 se
900 2558 936 2625 in
956 2580 1110 2647 magnam
1129 2557 1263 2623 assisam
1283 2565 1319 2623 et

206 2664 293 2750 petit
305 2664 560 2751 recognicionem
574 2664 646 2730 fieri
659 2663 733 2750 quis
746 2686 859 2731 eorum
875 2664 982 2729 mains
995 2662 1047 2729 ius
1067 2662 1187 2728 habeat
1207 2661 1243 2727 in
1261 2660 1319 2727 illa

206 2768 432 2836 adnocacione.
1027 2788 1028 2793 ’

147 2930 156 2945 .
271 2871 536 2939 ‘Bartholomens
560 2871 648 2937 filius
673 2870 844 2937 Eustachii
867 2869 1088 2937 summonitus
1110 2869 1174 2935 fuit
1199 2868 1243 2935 ad
1267 2890 1317 2947 re·¹
1433 2908 1440 2923 ·

206 2974 432 3061 spondendum
451 2973 618 3052 Willelmo
636 2971 705 3039 filio
725 2972 863 3039 Hemici
884 2994 984 3058 quare
1005 2971 1163 3039 deforeist
1183 2972 1215 3039 ei
1235 2972 1318 3039 dues

206 3084 316 3162 partes
337 3076 435 3142 unius
455 3076 577 3157 bonate
598 3084 685 3141 terre
706 3097 780 3141 cum
803 3082 884 3161 pert
904 3076 941 3141 in
960 3075 1091 3141 Piltoua
1110 3076 1197 3143 unde
1217 3077 1317 3143 assisa

207 3201 291 3246 noue
320 3178 489 3245 disseisine
516 3178 717 3245 summonits
743 3178 809 3243 fuit
837 3200 944 3245 coram
976 3178 1163 3245 iusticiariis
1197 3179 1316 3245 ultimo
1368 3262 1371 3271 .
1434 3224 1437 3234 ·

206 3282 438 3351 itinerantibus
462 3283 551 3370 apud
577 3284 854 3349 Northamtonnm
875 3282 963 3349 inter
983 3282 1093 3369 ipsum
1113 3283 1315 3351 Willelmum

206 3394 400 3475 querentem
413 3394 448 3451 et
461 3386 645 3473 predictum
660 3386 926 3452 Bartholomeum
942 3394 1003 3453 etc

272 3492 316 3558 Et
330 3491 579 3556 Bartholomeus
592 3490 688 3555 uenit
700 3498 738 3555 et
750 3489 900 3555 defendit
912 3489 1066 3555 iniuriam
1086 3498 1121 3555 et
1134 3489 1216 3557 dicit
1229 3490 1317 3577 quod

206 3594 294 3662 idem
319 3594 503 3661 Willelmus
528 3603 580 3660 est
605 3593 749 3660 uillanus
773 3602 812 3659 et
833 3601 922 3659 terra
946 3593 1005 3659 illa
1029 3600 1081 3659 est
1102 3593 1316 3681 nillenagium

205 3720 302 3765 suum
323 3706 363 3765 et
380 3697 480 3764 debet
500 3696 533 3763 ei
554 3698 614 3763 hns
635 3697 774 3763 uillsnns
795 3696 1057 3775 consuetudines,
1069 3697 1135 3763 soil
1150 3697 1196 3783 iij.
1210 3698 1266 3763 sol
1281 3706 1316 3763 et

205 3802 382 3889 iiij.d.per
400 3824 524 3868 annum
545 3802 587 3868 de
607 3802 703 3883 lime
722 3810 759 3867 et
779 3800 822 3867 ed
844 3800 965 3869 Nstalo
986 3800 1197 3888 iiij.gnllinas
1217 3808 1253 3867 et
1273 3802 1316 3869 ed

204 3906 493 3975 commonicionem
517 3906 621 3991 ipsius
645 3904 867 3972 Bartholomei
890 3904 979 3971 inter
1000 3906 1121 3971 Netele
1143 3913 1181 3971 et
1199 3904 1315 3971 Purili·

204 4009 368 4079 oacionem
394 4010 431 4074 B.
458 4007 563 4073 Maris
591 4030 695 4075 unum
724 4007 914 4073 conuiuium
943 4014 978 4073 et
1006 4007 1042 4073 in
1070 4008 1317 4097 quadragesima

204 4134 295 4179 arare
308 4133 367 4198 per
375 4110 400 4198 j.
415 4110 503 4176 diem
518 4110 560 4176 od
573 4110 741 4197 proprium
755 4108 865 4175 cibum
884 4130 979 4175 suum
1000 4117 1034 4173 et
1054 4109 1196 4174 herciare
1215 4130 1274 4195 per
1288 4109 1315 4195 j.

205 4216 292 4285 diem
305 4214 350 4281 ad
363 4215 528 4302 proprium
548 4214 657 4281 cibum
677 4236 783 4291 suum,
797 4220 833 4278 et
852 4210 905 4278 die
925 4212 1048 4279 Pnsohe
1067 4210 1166 4278 debet
1185 4234 1235 4278 xx.
1252 4234 1315 4279 oua

237 4366 486 4493 {imm
497 4434 529 4489 ι.
539 4432 571 4483 1³.
817 4364 1180 4511 :lutumst
1224 4496 1245 4505 ¹,
