3342 5217
353 419 395 482 94
540 429 672 480 mmm
694 428 767 479 run
789 429 927 491 nisrnn,
949 430 1012 479 ιιι.
1038 416 1130 493 1220,
1153 432 1216 484 aa
1239 422 1268 486 4.

350 602 552 688 presentauit
567 602 716 667 ultimam
735 624 904 688 personam
925 624 987 688 que
1007 611 1137 669 mortua
1155 613 1205 669 eet
1226 604 1269 671 ad
1289 607 1455 672 eeclesiam

352 706 382 771 S.
404 704 563 770 iohannis
586 705 628 771 de
654 706 867 793 Gantebrigia
890 729 953 792 que
976 717 1083 784 uacat,
1097 708 1190 774 cuiue
1209 708 1456 776 aduoeaoionem

350 806 373 872 J
374 806 516 871 ohannes
536 807 577 873 de
597 808 755 893 Marenny
770 808 890 873 elamat
909 830 1022 873 uersus
1036 809 1180 875 Priorem
1195 810 1235 875 de
1250 811 1456 892 Bernewella‚

209 944 230 973 ι.
265 946 279 973 u
305 946 338 976 mo
350 910 407 995 qui
429 910 522 976 uenit
544 918 603 977 ete.
619 918 653 975 et
673 910 754 975 dicit
774 911 861 996 quod
879 911 980 976 assisa
998 934 1063 976 non
1082 911 1181 977 debet
1195 912 1271 978 inde
1286 914 1364 992 fieri,
1379 916 1458 1001 quia

236 992 291 1021 ω’
349 1013 533 1079 Willelmus
558 1014 646 1079 filius
675 1014 847 1079 Abeolonia
876 1014 1078 1100 presentanit
1106 1015 1257 1080 ultimam
1286 1039 1456 1103 personam

350 1138 414 1202 que
428 1125 558 1181 mortua
572 1125 622 1181 est
637 1124 696 1181 ete.
713 1124 748 1181 et
769 1116 923 1183 defuneto
942 1118 1012 1204 ipso
1032 1119 1196 1185 Willelmo
1215 1120 1382 1188 descendit
1405 1123 1457 1189 ius

349 1222 437 1287 illius
451 1220 674 1287 aduoeaoionis
688 1222 823 1308 Hugoni
838 1222 930 1287 fratri
943 1244 1011 1301 suo,
1022 1246 1062 1289 eo
1076 1224 1162 1309 quod
1175 1225 1258 1291 obiit
1271 1226 1401 1291 seisitua
1414 1226 1457 1293 de

350 1330 437 1387 ten-a
450 1330 485 1387 et
499 1322 712 1387 oduooaeione
732 1323 801 1387 sine
821 1322 940 1389 herede
960 1324 1001 1389 de
1022 1346 1065 1402 se,
1080 1333 1115 1390 et
1134 1325 1221 1391 idem
1244 1327 1343 1414 Hugo
1364 1327 1456 1393 dedit

350 1427 456 1491 eidem
470 1426 572 1493 Priori
587 1435 622 1491 et
635 1426 747 1492 domui
766 1448 823 1491 sue
843 1427 1010 1491 eooloeiam
1032 1428 1122 1493 illam
1143 1450 1202 1513 per
1220 1438 1344 1494 cartam
1362 1453 1457 1497 suam

349 1553 447 1617 quam
472 1532 593 1618 profert
614 1539 649 1597 et
672 1552 735 1617 que
757 1531 818 1599 hoe
840 1540 989 1611 testatur,
1011 1540 1046 1599 et
1067 1533 1141 1601 ideo
1162 1534 1295 1603 uidetur
1315 1534 1347 1601 ei
1368 1534 1455 1621 quod

348 1636 448 1701 assisa
461 1659 526 1701 non
541 1636 639 1701 debet
652 1636 729 1701 inde
744 1636 821 1701 fieri

413 1740 458 1807 Et
487 1740 653 1808 Johannes
678 1741 758 1807 dicit
780 1741 867 1827 quod
894 1741 947 1807 ius
967 1741 1190 1809 eduooaoiouis
1211 1742 1300 1809 illiue
1321 1744 1455 1810 ecclesie

348 1843 515 1910 deseendit
545 1844 678 1910 Mabilie
707 1845 805 1910 matri
834 1868 892 1910 sue
921 1845 962 1911 de
985 1846 1130 1931 predicto
1156 1847 1297 1934 Hugone
1324 1858 1360 1914 et
1384 1850 1456 1935 ipsa

348 1946 479 2012 demisit
493 1969 527 2013 ae
541 1946 583 2011 de
597 1954 684 2012 terra
697 1969 764 2026 sua,
776 1956 810 2013 et
822 1948 882 2013 hae
892 1948 1019 2014 racione
1030 1949 1136 2067 petit
1126 1972 1196 2035 1pse
1207 1950 1453 2018 oduoeaeionem

185 2018 330 2205 ξέἒτῗᾶῗι
348 2050 446 2128 illam,
461 2051 545 2117 siout
567 2052 659 2117 heres
681 2052 793 2118 matris
814 2075 880 2118 one
930 2054 974 2117 Et
995 2053 1073 2140 quia
1092 2054 1163 2140 ipse
1184 2056 1346 2141 cognoscit
1368 2056 1454 2143 quod

185 2168 214 2243 21¹¹
221 2204 248 2244 o
215 2158 336 2244 wffll
348 2162 453 2219 mater
466 2176 525 2219 oua
539 2154 692 2220 adhue'
658 2156 754 2232 muit,
765 2164 800 2221 et
814 2155 886 2241 ipsa
899 2178 964 2221 non
979 2178 1109 2241 presens
1123 2166 1183 2236 eat,
1194 2179 1255 2223 neo
1268 2159 1455 2225 nominatur

185 2252 273 2336 {W
236 2252 358 2338 „ffif
348 2280 383 2323 ιιι
412 2258 513 2334 breui,
540 2256 788 2325 Consideratum
816 2268 868 2325 est
896 2260 983 2345 quod
1011 2260 1103 2326 Prior
1130 2262 1207 2327 inde
1236 2262 1306 2329 aine
1335 2262 1389 2329 die
1418 2271 1454 2328 et

185 2344 282 2385 ‘mm'
283 2346 322 2386 ⁸¹¹*
348 2361 552 2428 Johannes'
542 2385 578 2428 ιιι
606 2362 824 2429 misericordia
853 2386 891 2429 eo
920 2365 1006 2451 quod
1036 2388 1102 2431 non
1130 2374 1239 2453 potest
1265 2368 1359 2454 aequi
1383 2368 1453 2433 aine

349 2474 453 2530 matre
468 2488 527 2530 sua
541 2465 616 2531 eto.¹

225 2581 296 2648 104,⁸
415 2564 566 2631 'Mabiiia
587 2566 628 2631 de
650 2566 809 2655 Marenny
832 2569 1030 2634 summonita
1059 2570 1122 2636 fuit
1151 2572 1193 2636 ad
1217 2570 1451 2638 ostendendum

214 2683 311 2725 meu.
350 2690 449 2754 quare
478 2691 543 2734 non
577 2670 741 2755 permittit
777 2670 920 2736 Priorem
954 2671 998 2737 de
1034 2672 1234 2739 Bernewella
1267 2682 1453 2760 presentare

349 2772 508 2858 ydoneam
522 2793 691 2858 personam
705 2774 748 2839 ad
768 2775 937 2840 eeclesiam
956 2776 988 2841 S.
1003 2776 1027 2841 J
1028 2776 1164 2845 ohannis
1184 2777 1224 2844 de
1243 2776 1454 2864 Cantebrigia

350 2898 413 2962 que
428 2885 524 2942 uacat
539 2886 598 2943 ete
614 2878 708 2944 etad
721 2901 813 2944 suam
829 2888 889 2945 eto

187 2944 299 3052 noemi
413 2981 520 3047 Adam
543 2981 630 3048 filius
652 2982 796 3069 Philippi
818 2984 932 3049 eodem
953 2984 1049 3050 modo
1071 2993 1106 3049 et
1126 3006 1186 3071 per
1209 2985 1325 3051 eedem
1353 2984 1453 3049 uerba

185 3062 336 3153 itt'tffit„
348 3084 564 3149 summonitus
583 3084 625 3149 ad
645 3084 881 3151 ostendendum
900 3086 941 3150 de
961 3086 1075 3152 eedem
1095 3086 1237 3164 ecclesia,
1256 3086 1344 3152 unde
1364 3087 1452 3151 idem

184 3157 336 3241 tideo-⁸²
347 3186 427 3252 dicit
442 3188 528 3274 quod
542 3188 643 3275 Hugo
656 3189 743 3255 filius
757 3190 929 3255 Absolonia
943 3190 1035 3256 dedit
1049 3192 1217 3257 eeclesiam
1234 3191 1327 3257 illam
1345 3190 1451 3257 eidem

348 3291 450 3356 Priori
464 3312 522 3377 per
536 3300 658 3356 cartam
673 3313 765 3357 suam
781 3315 880 3378 quam
893 3293 1015 3378 profert
1029 3302 1088 3359 eto
1109 3294 1116 3381 Ι

232 3421 285 3473 [ιι]
353 3454 356 3467 .,
411 3394 485 3460 Et
476 3396 539 3482 1psi
558 3396 697 3461 ueniunt
717 3404 752 3461 et
772 3396 887 3461 dieunt
907 3396 993 3482 quod
1012 3397 1099 3463 inste
1119 3397 1304 3484 impediunt
1322 3420 1450 3483 presen-

347 3498 507 3563 tacionem
529 3520 621 3564 suam
641 3498 719 3584 quia
733 3498 917 3563 Willelmus
936 3498 1024 3564 filius
1038 3499 1209 3565 Absolonis
1229 3501 1329 3565 frater
1349 3500 1451 3586 ipsius

346 3599 479 3666 Mabilie
509 3608 543 3665 et
566 3601 748 3665 auunculus
769 3600 872 3687 ipsius
893 3601 965 3666 Ade
988 3624 1028 3667 ex
1049 3611 1143 3689 parte
1165 3604 1278 3667 matria
1299 3625 1356 3668 aue
1378 3626 1450 3689 pre-

344 3705 489 3769 sentauit
504 3704 656 3769 clericum
670 3704 727 3791 qui
743 3704 860 3769 ultimo
875 3704 957 3769 obiit
975 3727 1112 3790 persona
1130 3705 1166 3769 in
1185 3706 1319 3771 ecelesia
1337 3707 1395 3772 illa
1416 3717 1451 3773 et

345 3808 385 3873 de
414 3808 470 3872 illo
499 3808 663 3872 Willelmo
692 3808 861 3873 deseendit
889 3808 940 3873 iua
962 3809 1050 3874 illius
1071 3809 1294 3875 aduooaoionis
1316 3810 1450 3898 Hugoni

344 3909 489 3995 predicto
515 3910 607 3975 fratri
630 3931 696 3986 suo,
718 3917 756 3975 et
778 3909 819 3975 de
843 3910 914 3995 ipso
938 3910 1081 3998 Hugone
1107 3910 1228 3977 eidem⁴
1251 3912 1384 3978 Mobilie
1415 3922 1450 3978 et

344 4012 441 4077 matri
464 4012 565 4098 ipsius
590 4012 663 4077 Ade
687 4020 726 4077 ut
749 4014 909 4079 nomnibus
930 4014 998 4079 suia
1023 4038 1081 4101 pro
1106 4016 1236 4082 defectu
1256 4016 1383 4083 heredis
1408 4017 1449 4084 de

343 4138 474 4201 eorpore
490 4138 549 4181 suo
563 4126 598 4183 et
613 4116 673 4182 hae
688 4118 814 4183 racione
829 4126 950 4204 petunt
964 4119 1116 4185 neieinam
1128 4142 1231 4186 auam

376 4241 537 4304 ¹perdonam
607 4241 732 4303 Reum
746 4244 871 4305 perdona-
921 4242 967 4292 tho
977 4245 1050 4293 noto-
1049 4243 1437 4295 bookloaveethiounnotioed.

344 4313 387 4355 tor
393 4320 441 4368 pro
452 4307 569 4367 Reae
602 4306 652 4356 Soa
663 4310 726 4355 next
736 4320 802 4357 σιω
954 4306 1090 4358 ⁸a'denex
1090 4308 1213 4370 pn.notod

376 4344 587 4429 'um.15‹i;
613 4370 788 4423 B.m.11d.
822 4370 871 4420 We
954 4322 1126 4430 ‘ciuitati'¹

343 4435 403 4485 here
413 4434 552 4497 pasotrem
563 4408 656 4498 liilnry
666 4440 694 4486 to
709 4436 810 4496 Eaater,
823 4434 871 4486 but
