3342 5217
480 414 630 477 rnmrrr,
651 415 716 465 nn.
743 403 834 476 1231,
858 418 921 465 aa
946 406 995 465 15.
1223 401 1286 469 449

181 586 316 652 exilium
331 596 366 652 et
381 588 559 673 dampnum
575 596 610 652 et
625 596 732 653 totum
744 596 857 653 contra
865 588 952 673 ipsas
966 596 1001 652 et
1016 596 1120 652 sectas
1135 589 1286 673 ipsarum.

182 692 226 757 Et
240 691 314 757 ideo
329 700 519 777 preceptum
534 700 585 756 est
602 691 786 757 uicecomiti
806 691 893 777 quod
913 690 1088 776 assumptis
1107 713 1217 755 secum
1232 691 1286 775 xij.

181 805 250 861 tam
265 796 426 861 militibus
441 818 539 881 quam
554 796 627 861 aliis
642 804 701 861 etc.
717 796 758 862 de
779 796 907 861 uisneto
926 796 968 861 de
988 796 1177 861 Herdewico
1192 804 1226 860 et
1246 797 1286 861 de

182 898 326 965 Cliftona
339 899 374 964 in
389 900 519 985 propria
532 921 669 985 persona
682 921 742 964 sua
761 899 894 963 accedat
913 898 1035 963 ibidem
1050 906 1085 963 et
1099 921 1157 984 per
1176 920 1286 962 eorum

180 1008 419 1065 sacramentum
450 1000 624 1087 diligenter
659 1001 804 1087 inquirat
840 1000 927 1086 quod
963 1008 1094 1065 uastum
1130 1009 1165 1065 et
1201 999 1288 1086 quod

182 1105 316 1169 exilium
340 1104 454 1171 eadem
480 1104 608 1171 Amicis
633 1105 710 1170 fecit
733 1104 769 1171 in
792 1103 943 1169 domibus
967 1103 1110 1190 gmdinis
1136 1103 1230 1167 terris
1252 1111 1286 1167 et

179 1208 283 1275 boscis
298 1232 362 1295 que
378 1216 470 1274 tenet
487 1209 522 1273 in
542 1209 653 1273 dotem
673 1218 733 1277 etc.
748 1208 790 1273 ad
809 1207 1123 1273 exhereditacionem
1142 1207 1285 1293 ipsarum

179 1312 327 1379 Elisabet
342 1322 376 1379 et
390 1314 527 1379 aliarum
543 1322 577 1379 et
588 1312 834 1400 inquisicionem
849 1311 930 1375 scire
945 1311 1043 1376 faciat
1057 1320 1117 1376 etc.
1132 1332 1191 1397 per
1205 1311 1285 1376 duos

180 1426 241 1483 etc.

65 1520 74 1535 '
120 1566 127 1580 .
244 1519 405 1606 ¹Rogerus
421 1519 461 1585 de
477 1517 703 1606 Hiltingtona'
717 1520 935 1584 summonitus
956 1519 1020 1583 fuit
1034 1518 1077 1583 ad
1091 1518 1285 1603 responden·

180 1623 259 1689 dum
275 1622 450 1692 Eustochio
465 1645 528 1709 que
543 1622 607 1687 suit
627 1644 709 1687 uxor
728 1622 852 1687 Thome
872 1622 913 1687 de
932 1622 1079 1687 Arderne
1102 1645 1200 1708 quare
1221 1645 1285 1686 non

181 1735 273 1793 tenet
288 1726 319 1791 ei
333 1726 584 1791 conuencionem
598 1726 754 1791 intereos
769 1726 889 1791 factam
904 1724 945 1790 de
966 1748 1022 1790 sex
1042 1726 1123 1812 uirg.
1148 1735 1233 1790 terre
1250 1734 1285 1791 et

181 1855 208 1896 v.
231 1854 293 1897 aer.
315 1832 402 1917 prati
424 1854 498 1897 cum
520 1838 601 1917 pert.
624 1830 660 1894 in
682 1830 832 1895 Ructona
854 1838 924 1907 etc,
946 1839 981 1895 et
1001 1830 1087 1896 unde
1111 1830 1287 1895 Eustachia

180 1934 328 2020 queritur
343 1933 519 2020 quodcum
538 1934 626 1998 idem
647 1934 794 2019 Rogerus
815 1956 887 1998 eam
903 1934 1065 1999 feoffasset
1085 1934 1126 1998 de
1141 1935 1287 2020 predicta

180 2045 268 2101 terra
296 2059 370 2101 cum
400 2044 480 2122 pert.
510 2058 570 2122 per
597 2044 719 2101 cartam
749 2057 843 2100 suam
867 2043 902 2099 et
924 2058 998 2100 eam
1023 2036 1229 2101 warentizare
1252 2046 1286 2101 et

179 2140 352 2207 defendere
366 2139 500 2205 deberet
514 2161 626 2203 uersus
647 2161 758 2203 omnes
777 2147 893 2225 gentes
913 2148 982 2203 tam
1001 2140 1169 2205 cristianos
1188 2162 1286 2226 quam

180 2245 295 2309 iudeos
309 2252 343 2308 et
363 2242 404 2307 de
426 2243 577 2308 omnibus
598 2242 718 2308 debitis
741 2250 775 2307 et
797 2243 966 2309 demendis
987 2243 1153 2329 aquietare
1174 2265 1287 2308 uersus

181 2348 275 2413 Dom
291 2347 416 2434 Regem
432 2355 466 2411 et
480 2369 592 2411 omnes
612 2346 779 2413 cristianos
801 2348 856 2413 uel
878 2348 991 2413 iudeos
1012 2348 1106 2412 uenit
1128 2348 1287 2413 Radullus

181 2450 435 2517 Molendinarius
451 2448 642 2516 Conuentr'⁸
656 2450 709 2515 cui
724 2450 793 2537 ipse
813 2450 961 2537 Rogerus
982 2474 1041 2536 per
1062 2450 1128 2536 viij.
1143 2451 1212 2515 dies
1234 2452 1287 2515 uel

179 2576 231 2619 xv.
247 2562 366 2619 terram
382 2552 471 2617 illam
486 2552 611 2617 dimisit
625 2552 667 2617 ad
682 2552 859 2617 terminum
874 2562 914 2617 ut
934 2554 1005 2638 ipsa
1020 2553 1196 2619 Eustachia
1210 2554 1289 2619 dicit

179 2666 215 2721 et
245 2656 342 2721 eiecit
370 2656 474 2741 ipsam
504 2655 712 2720 Eustachium
745 2662 780 2719 et
809 2654 1010 2720 instaurum⁴
1038 2664 1073 2720 et
1096 2658 1208 2721 aueria
1230 2679 1290 2722 sua

179 2759 306 2825 amouit
322 2780 380 2845 per
394 2756 481 2844 quod
495 2757 691 2822 deteriorata
705 2765 755 2823 est
770 2765 830 2823 etc.

249 2863 293 2927 Et
307 2863 454 2949 Rogerus
468 2861 561 2927 uenit
576 2870 610 2926 et
625 2861 771 2926 defendit
786 2861 964 2948 dampnum
979 2871 1014 2927 et
1034 2863 1196 2949 cognoscit
1215 2886 1289 2929 con-

180 2966 372 3033 uencionem
387 2974 421 3030 et
436 2973 544 3029 totum
559 2972 594 3028 at
614 2963 694 3029 dicit
709 2965 796 3051 quod
811 2966 976 3051 predictus
991 2967 1151 3031 Radulfirs
1166 2966 1289 3031 Molen-

179 3070 327 3136 dinarius
348 3070 476 3135 nullum
491 3069 672 3155 ingressum
688 3069 804 3134 habuit
823 3093 883 3156 per
904 3071 998 3135 illum
1019 3079 1071 3135 set
1093 3070 1210 3136 habuit
1232 3093 1291 3157 per

180 3172 356 3261 quemdam
370 3173 538 3240 Abraham
553 3173 658 3237 lilium
674 3174 806 3239 Samuel
826 3173 868 3239 de
888 3174 1137 3261 Norbamptona
1156 3175 1289 3240 iudeum

180 3278 236 3345 cui
250 3284 337 3343 terre
350 3277 408 3343 illa
421 3277 511 3363 prius
525 3275 694 3342 inuadiata
714 3278 785 3343 fuit.
830 3278 875 3342 Et
895 3279 972 3364 quia
992 3278 1108 3344 iudeus
1127 3280 1183 3345 ille
1202 3280 1290 3344 diem

181 3382 284 3449 habet
303 3381 344 3447 de
364 3381 477 3449 eodem
500 3403 607 3446 coram
630 3380 833 3446 iusticiariis⁶
854 3381 897 3446 ad
918 3383 1098 3448 custodiam
1121 3382 1290 3447 iudeorum

180 3483 355 3571 assignatis
373 3505 393 3547 a
413 3483 466 3547 die
489 3491 548 3549 etc.
571 3490 761 3569 preceptum
784 3491 834 3547 est
856 3482 1041 3548 uicecomiti
1063 3483 1150 3569 quod
1172 3484 1291 3548 habeat

181 3611 299 3675 corpus
319 3588 457 3674 predicti
477 3588 607 3652 Radulfi
628 3586 855 3652 Molendinarii
874 3587 917 3652 ad
935 3587 1119 3672 predictum
1140 3588 1228 3653 diem
1249 3589 1292 3654 ad

182 3690 444 3778 respondendum
460 3712 558 3775 quare
573 3690 676 3775 ipsam
693 3689 903 3755 Eustachium
918 3689 1014 3753 eiecit
1028 3688 1070 3753 de
1085 3690 1243 3761 termille
1257 3699 1292 3754 et
1333 3756 1336 3763 ,

183 3796 225 3861 ad
241 3794 498 3883 cognoscendum
513 3794 592 3879 quid
607 3793 686 3857 iuris
703 3792 822 3859 clamat
842 3793 877 3857 in
900 3801 987 3857 terra
1008 3791 1065 3857 illa
1085 3793 1139 3856 uel
1162 3792 1292 3857 feodum

183 3899 240 3963 uel
255 3898 381 3963 firmam
396 3905 432 3961 et
446 3918 505 3981 per
519 3918 616 3982 quem
631 3896 708 3960 etc.⁸
723 3903 757 3959 et
772 3905 1019 3959 summoneatur
1033 3895 1068 3959 in
1083 3917 1163 3959 com.
1178 3895 1280 3958 Warr.

67 4023 128 4087 ‚32
251 4001 425 4067 'Ricardus
448 4001 489 4065 de
511 4001 624 4067 Insula
644 4000 862 4065 summonitus
884 4000 948 4065 suit
970 3999 1012 4063 ad
1034 3997 1292 4083 respondendum
1358 4016 1409 4057 sua

220 4238 229 4270 ¹
246 4238 277 4289 B.
291 4252 327 4292 m,
340 4235 390 4286 td.
798 4236 808 4267 ⁵
825 4251 908 4286 coram
924 4236 1078 4285 iusticicrr‘r'r
1094 4233 1179 4285 interl.
1199 4234 1233 4297 by
1248 4249 1293 4283 an·

220 4303 231 4335 ²
251 4304 435 4363 Wticttaatou
447 4300 478 4350 B.
767 4304 880 4350 notator.

220 4369 231 4400 ³
247 4368 278 4417 de
290 4369 420 4426 Coccum,
434 4366 463 4417 B.
799 4364 810 4395 ⁶
826 4366 849 4413 B
861 4369 941 4427 stopa.

219 4435 230 4466 ⁴
246 4430 371 4493 Femina
382 4431 466 4487 stock.
799 4429 810 4463 ⁷
826 4430 857 4479 B.
869 4444 905 4481 m.
920 4430 970 4479 td.

275 4516 324 4597 κζ
1168 4533 1209 4594 29
