3342 5217
342 326 406 389 488
552 332 787 395 monastirie,
810 332 876 383 an.
899 318 993 392 1231,
1016 331 1078 380 aa
1104 317 1240 379 15—16.

342 509 526 578 meliorauit
548 510 579 575 ei
599 516 705 574 status
727 529 805 573 suus
820 529 879 592 per
899 503 1031 592 aliquod
1050 512 1181 590 tempus
1200 503 1301 569 immo
1324 524 1453 589 semper

342 612 553 679 deteriorauit
589 620 623 677 et
659 608 735 675 inde
764 617 894 695 ponunt
927 630 962 673 se
992 630 1089 693 super
1117 607 1257 693 patriam
1285 614 1322 671 et
1350 614 1452 671 testes

343 716 525 781 nominatos
539 714 574 779 in
589 720 687 778 carta.

346 846 350 855 ¹
409 819 453 884 Et
475 818 658 883 Willelmus
679 815 760 881 dicit
783 814 869 901 quod
891 813 1021 901 quando
1043 822 1165 878 cartam
1187 811 1277 878 illam
1295 812 1374 877 fecit
1388 811 1453 875 fuit

343 946 472 1009 compos
494 922 546 987 sui
567 929 602 986 et
616 921 699 985 bone
722 919 876 985 memorie
898 926 933 983 et
950 917 1037 1004 quod
1051 918 1129 982 fecit
1151 940 1224 982 eam
1246 915 1288 981 ed
1309 915 1452 981 Natiuit.
1485 909 1489 913 “

345 1027 376 1092 S.
400 1026 473 1091 Jolr
497 1031 531 1090 et
553 1024 592 1089 ad
610 1025 729 1088 festum
754 1023 785 1088 S.
807 1021 906 1086 Mich.
928 1044 1067 1107 sequens
1088 1020 1257 1086 maritauit
1278 1019 1453 1106 quamdam

344 1130 446 1195 filiam
472 1150 565 1193 suam
589 1134 624 1191 et
646 1126 710 1191 iuit
731 1148 806 1190 cum
833 1148 873 1190 ea
900 1124 943 1189 ad
967 1124 1208 1201 monasterium,
1229 1132 1265 1188 et
1290 1123 1332 1188 ad
1354 1122 1454 1188 Puril.

345 1234 381 1297 B.
405 1230 507 1295 Maris
537 1228 683 1315 proximo
713 1250 851 1314 sequeus
881 1226 972 1304 obiit,
999 1235 1033 1292 et
1062 1227 1139 1291 inde
1169 1226 1263 1312 ponit
1293 1248 1328 1290 se
1356 1248 1456 1312 super

346 1330 492 1421 patriam.
539 1332 583 1396 Et
620 1331 783 1396 Robertus
813 1339 848 1395 et
878 1353 989 1395 omnes
1018 1330 1075 1395 alii
1105 1328 1263 1395 similiter.
1308 1328 1352 1393 Et
1381 1328 1455 1393 ideo

346 1444 536 1524 preceptum
566 1443 616 1499 est
639 1434 824 1500 uicecomiti
847 1435 960 1499 Berck.
984 1434 1071 1520 quod
1092 1434 1205 1499 uenire
1227 1433 1326 1498 faciat
1346 1455 1454 1497 coram

345 1540 531 1607 iusticiariis
552 1541 640 1626 apud
655 1540 983 1606 westmonasterium
1006 1548 1066 1605 etc.
1080 1540 1146 1626 viij.
1163 1547 1232 1604 tam
1254 1538 1377 1605 milites
1393 1548 1454 1605 etc

345 1646 386 1712 de
410 1646 537 1711 uisneto
559 1645 599 1709 de
623 1645 829 1711 Ledecumba
851 1668 910 1731 per
933 1668 1013 1732 quos
1036 1645 1084 1710 rei
1107 1645 1230 1710 ueritas
1252 1652 1311 1709 etc
1338 1653 1374 1709 et
1398 1644 1458 1730 qui

346 1774 405 1815 nec
417 1751 524 1837 ipsum
536 1750 740 1815 Willelmum
755 1772 815 1815 nec
829 1750 1011 1815 Robertum
1027 1757 1062 1814 et
1076 1748 1156 1813 alios
1170 1748 1281 1834 aliqua
1294 1747 1457 1812 affinitate

346 1855 522 1942 attingent,
537 1863 571 1919 et
593 1854 744 1919 similiter
765 1863 957 1940 preceptum
979 1862 1030 1919 est
1051 1853 1238 1918 uicecomiti
1252 1852 1354 1918 Buck
1370 1850 1458 1938 quod

347 1960 458 2024 uenire
474 1959 571 2023 faciat
591 1959 671 2024 alios
690 1958 755 2045 viij.
775 1967 844 2023 tam
867 1958 988 2023 milites
1011 1966 1070 2023 etc
1093 1957 1135 2022 de
1155 1957 1283 2022 uisneto
1304 1956 1346 2021 de
1364 1956 1459 2021 Hau-

347 2085 449 2150 rugge
472 2063 530 2128 ubi
551 2062 716 2149 predictus
740 2064 944 2128 Thumtanus
970 2064 1072 2128 iacuit
1096 2062 1139 2127 ad
1164 2060 1459 2149 recognoscendum

348 2189 445 2253 super
466 2175 703 2232 sacromentum
726 2190 822 2232 suum
844 2168 872 2233 si
902 2166 1067 2253 predictus
1089 2167 1292 2232 Thurstanus
1317 2165 1371 2231 die
1393 2188 1461 2252 quo

246 2258 248 2263 ¹
348 2271 575 2337 terramillam
596 2271 689 2337 dedit
711 2271 856 2358 predicto
871 2271 1036 2337 Willelmo
1057 2294 1116 2357 per
1136 2278 1259 2336 cartam
1280 2293 1375 2335 suam
1394 2271 1461 2335 fuit

348 2374 432 2439 bone
447 2374 601 2438 memorie
617 2383 651 2439 et
665 2382 782 2460 potens
797 2375 849 2439 sui
863 2382 898 2439 et
912 2375 941 2439 si
955 2374 1077 2439 donum
1092 2372 1174 2439 illud
1188 2373 1220 2438 ei
1231 2373 1309 2439 fecit
1323 2373 1379 2439 uel
1393 2396 1460 2439 uon

350 2486 384 2543 et
396 2478 423 2543 si
435 2486 508 2563 post
519 2477 641 2543 donum
653 2478 744 2556 illud,
756 2478 783 2544 si
795 2478 926 2566 aliquod
938 2478 985 2543 ibi
997 2479 1069 2555 fuit,
1081 2477 1145 2543 fuit
1159 2477 1317 2543 itinerans
1332 2477 1375 2544 de
1390 2478 1461 2543 loco

350 2581 385 2646 in
396 2581 502 2646 locum
519 2590 552 2645 et
562 2591 670 2647 ratum
684 2581 800 2647 habuit
812 2582 934 2647 donum
946 2590 980 2647 et
993 2582 1042 2647 ita
1052 2605 1086 2648 se
1097 2581 1174 2646 inde
1186 2582 1368 2647 certificent
1378 2582 1463 2647 etc).

292 2716 299 2730 ·
416 2685 526 2750 Assisa
551 2686 644 2749 uenit
670 2687 876 2773 recognitum
901 2686 975 2772 quis
1001 2686 1178 2751 aduocatus
1202 2693 1349 2772 tempore
1371 2685 1464 2772 pacis

282 2858 287 2869 ¹
350 2786 551 2873 presentauit
566 2787 717 2851 ultimam
733 2810 902 2873 personam
918 2811 981 2874 que
997 2795 1190 2853 mortuaest
1204 2787 1246 2853 ad
1265 2786 1270 2873 Ι
1291 2788 1462 2852 ecclesiam

350 2890 391 2955 de
408 2891 538 2977 Shoghe
555 2914 618 2977 que
633 2901 729 2957 uacet
744 2892 918 2958 utdicitur
932 2892 1025 2958 cuius
1039 2890 1286 2956 aduocacionem
1299 2890 1465 2956 Radulsus

352 2994 519 3059 Hamberd
537 2995 656 3059 clamat
676 3019 789 3061 uersus
812 2996 954 3061 Priorem
976 2996 1017 3061 de
1040 2996 1072 3061 S.
1088 2993 1293 3059 Fromundo¹
1316 3004 1351 3059 et
1372 2994 1464 3061 unde

351 3097 511 3162 Radulfus
536 3096 617 3162 dicit
642 3097 729 3184 quod
755 3099 926 3186 Philippus
952 3099 993 3164 de
1023 3098 1239 3165 Columbariis
1267 3098 1406 3164 tradidit
1433 3100 1466 3164 ei

351 3201 532 3265 manerium
555 3200 595 3265 de
619 3202 720 3287 Sages
742 3224 816 3267 cum
839 3202 990 3268 omnibus
1012 3211 1092 3289 pert
1117 3203 1184 3268 suis
1206 3210 1338 3267 etcum
1360 3202 1465 3268 aduo-

351 3303 478 3368 eacione
495 3303 627 3368 ecclesie
642 3303 787 3369 eiusdem
806 3306 885 3370 uille
908 3304 949 3370 sd
964 3306 1091 3370 firmam
1112 3311 1146 3369 et
1166 3305 1294 3370 racione
1315 3304 1465 3391 predicte

351 3406 442 3471 firme
465 3414 631 3492 presentat
654 3407 806 3472 clericum
828 3431 925 3473 suum
947 3418 982 3473 et
1004 3409 1090 3494 petit
1112 3409 1164 3473 ius
1185 3408 1405 3494 presentandi,
1430 3418 1465 3474 et

351 3509 438 3574 unde
468 3509 549 3574 dicit
578 3509 665 3595 quod
695 3510 867 3597 Philippus
894 3511 936 3576 de
967 3510 1183 3578 Oolumbariis
1212 3534 1295 3575 auus
1322 3511 1466 3597 predicti

352 3610 497 3696 Philippi
522 3610 725 3696 presentauit
747 3612 787 3677 ad
811 3613 947 3677 eandem
971 3614 1139 3679 ecclesiam
1160 3613 1322 3699 quendam
1345 3613 1466 3679 Jerus-

352 3713 437 3778 sium
452 3714 509 3800 qui
523 3714 640 3779 ultimo
656 3715 737 3780 obiit
752 3739 889 3802 persona
903 3718 938 3782 in
952 3718 1067 3783 eadem
1082 3716 1222 3783 ecclesia

419 3819 463 3882 Et
484 3819 576 3883 Prior
599 3820 639 3884 de
671 3820 701 3885 S.
727 3820 912 3886 meundo
934 3844 993 3908 per
1017 3828 1220 3887 attornatum
1247 3842 1343 3885 suum
1371 3822 1468 3886 uenit

353 3929 388 3986 et
410 3920 491 3986 dicit
510 3922 597 4007 quod
619 3922 753 3988 ecclesia
775 3946 841 3988 non
864 3933 961 3990 uacat
984 3925 1083 3989 immo
1107 3923 1187 3989 dicit
1210 3923 1297 4010 quod
1319 3923 1390 4009 ipse
1416 3934 1469 3989 est

353 4025 429 4092 inde
445 4049 588 4112 persone,
604 4036 638 4092 et
658 4028 733 4093 inde
749 4030 871 4115 profert
890 4038 1013 4095 cartam
1029 4029 1173 4116 Philippi
1192 4028 1233 4094 de
1249 4028 1471 4095 Columbariis

387 4212 727 4273 ¹Braotonl.15‚oites
744 4212 798 4264 this
814 4229 881 4264 cass.
966 4214 1007 4264 ¹1
1024 4227 1136 4277 suppose
1152 4213 1183 4264 st
1201 4212 1362 4262 Fromund'
1354 4227 1383 4261 m
1400 4212 1467 4263 Nor

355 4280 377 4327 Δ
399 4277 527 4341 paralytic
549 4277 607 4328 who
629 4294 678 4329 can
707 4279 773 4329 walls
793 4280 882 4356 about
932 4280 1031 4345 mandy
1041 4280 1154 4331 between
1165 4277 1311 4329 tltLoand
1321 4278 1424 4342 ingny

357 4344 487 4409 (itinerare
498 4343 615 4407 potest)'
607 4358 630 4393 rs
641 4358 748 4409 compos
760 4344 808 4397 sui.
