3342 5217
411 464 543 515 111an
565 465 639 514 nso
661 464 797 529 mensu,
820 464 884 516 nn.
910 452 1003 528 1220,
1026 466 1088 516 nn.
1113 455 1142 517 4.
1287 456 1332 519 93

221 650 295 694 cum
310 630 461 696 omnibus
480 632 688 718 pertinenciis
702 632 910 698 libertatibus
929 640 963 697 et
978 632 1104 698 iuribus
1119 654 1182 719 que
1200 632 1243 697 ed
1259 654 1330 719 pre-

222 742 310 807 dicta
324 742 468 808 maneria
482 744 656 829 pertinent,
671 743 720 808 ite
734 744 820 829 quod
834 743 875 809 de
890 750 997 808 cetero
1012 742 1088 808 ete¹
1104 742 1168 808 hiis
1182 743 1331 809 testibus.

287 843 332 907 Et
358 844 474 911 Comes
500 846 594 910 uenit
619 853 655 910 et
678 846 826 911 defendit
855 845 1092 911 concessionem
1122 854 1157 910 et
1186 847 1332 932 quietam

223 946 431 1011 clemenciam
446 948 487 1012 de
502 948 646 1013 manerio
663 948 704 1015 de
725 940 868 1014 Eiutons
888 950 924 1014 in
943 948 1078 1036 pente*
1092 959 1127 1015 et
1151 960 1273 1017 certem
1297 960 1332 1016 et

223 1052 374 1139 sigillum,
397 1061 431 1118 et
461 1052 573 1117 stilum
604 1061 638 1117 et
668 1052 754 1139 quod
782 1054 911 1118 nullum
941 1054 1122 1141 ingressum
1152 1055 1252 1121 hebet
1275 1077 1334 1142 per

223 1165 345 1221 cartam
359 1156 449 1220 illam
465 1155 500 1219 in
520 1155 700 1220 manerium
721 1154 803 1220 illud
826 1178 886 1221 nec
907 1155 1009 1221 ulium
1029 1157 1211 1244 ingressum
1233 1159 1333 1225 hsbet

223 1259 258 1323 in
287 1258 432 1323 manerio
460 1257 525 1335 ille,
547 1258 641 1323 offert
662 1256 834 1323 defendere
863 1280 922 1344 per
951 1281 1065 1345 corpus
1094 1283 1190 1326 suum
1219 1284 1333 1327 uersus

222 1364 330 1449 ipsum
347 1362 532 1427 Felkesium
547 1361 632 1427 sicut
652 1361 741 1427 curis
760 1361 1012 1428 considerauerit
1032 1370 1067 1427 ct
1087 1364 1182 1429 offert
1202 1362 1332 1430 domino

225 1466 309 1553 Regi
332 1466 421 1531 mille
443 1488 567 1530 maneos
587 1488 644 1551 pro
666 1465 816 1531 habende
836 1466 1037 1531 defensione⁸
1050 1488 1110 1532 sus
1128 1489 1242 1533 uersus
1257 1490 1333 1533 eum

225 1591 284 1655 per
302 1591 417 1654 eorpus
436 1590 541 1645 suum,
556 1568 610 1632 uel
630 1566 672 1633 nd
691 1567 894 1653 probandum
909 1567 996 1654 quod
1016 1567 1076 1633 hoc
1090 1569 1242 1655 nequiter
1255 1570 1333 1635 feeit

225 1671 268 1736 nd
290 1671 395 1756 ipsum
415 1669 677 1735 exheredsndum
693 1670 771 1736 etsi
790 1670 851 1735 hoe
871 1691 936 1735 non
955 1671 1084 1749 suffieit,
1098 1672 1193 1737 offert
1214 1695 1333 1759 ponere

226 1798 261 1839 se
276 1796 372 1860 super
385 1780 487 1838 testes
507 1772 689 1838 nominatos
708 1772 744 1837 in
763 1780 854 1838 certa
873 1795 948 1839 cum
970 1774 1129 1861 legalibus
1148 1774 1333 1841 hominibus

227 1878 268 1943 de
284 1874 420 1943 uisneto.
1191 1952 1196 1959 .

291 1980 385 2047 Idem
414 1979 495 2046 dicit
524 1981 565 2046 de
594 1980 746 2045 maneriis
775 1980 816 2045 de
847 1981 947 2058 Kent,
976 1980 1104 2045 adiecto
1132 1980 1202 2059 hoe,
1230 1981 1332 2069 ‘quod

227 2084 372 2151 defendit
407 2082 493 2170 quod
527 2105 694 2168 nunquam
723 2081 912 2169 homagium
938 2083 1076 2169 recepit‘
1103 2106 1162 2149 nee
1191 2085 1332 2170 aliquem

227 2187 395 2253 denarium
406 2208 466 2251 nec
478 2207 599 2273 equum
611 2194 645 2250 et
660 2184 746 2271 quod
761 2194 883 2250 certem
898 2185 930 2250 ei
944 2207 1009 2249 non
1023 2185 1101 2251 fecit
1115 2208 1175 2251 nee
1189 2186 1333 2273 sigillum

227 2314 322 2357 suum
349 2300 407 2369 est,
430 2313 490 2355 nec
512 2312 572 2376 per
592 2298 715 2355 centem
736 2289 826 2353 illem
849 2310 994 2374 unquam
1015 2288 1132 2354 hebuit
1153 2290 1333 2377 ingressum

227 2395 322 2460 offert
344 2394 540 2459 direcionare
563 2393 648 2459 sicut
671 2393 760 2478 prius
783 2400 818 2457 et
841 2392 987 2457 defendit
1008 2415 1119 2459 omnes
1144 2394 1254 2460 literas
1277 2418 1333 2481 pe·

227 2496 350 2563 tentes⁸
364 2506 399 2561 et
413 2497 522 2583 sigillo
536 2503 595 2561 etc.
613 2504 647 2560 et
662 2495 770 2561 eodem
784 2494 879 2560 modo
894 2517 958 2581 quo
972 2504 1083 2561 certes.

295 2602 339 2665 Et
359 2599 527 2665 Fslkesius
546 2620 605 2685 per
619 2606 799 2664 attometos
814 2620 889 2662 suos
902 2597 1083 2683 dicitquod
1100 2607 1204 2665 certes
1218 2600 1290 2664 illes
1305 2600 1336 2664 ei

230 2704 315 2781 fecit,
339 2712 374 2768 et
397 2702 484 2788 quod
506 2702 650 2788 sigillum
674 2724 770 2765 suum
796 2709 846 2765 cst
871 2709 907 2765 et
931 2700 1018 2785 quod
1046 2723 1105 2786 per
1132 2711 1236 2767 cenes
1264 2703 1337 2767 illes

231 2806 347 2872 hebuit
369 2804 550 2891 ingressum
570 2802 656 2867 sicut
675 2802 858 2888 predictum
878 2808 930 2866 est
951 2810 986 2865 et
1007 2802 1068 2867 hoe
1087 2804 1181 2868 offert
1201 2804 1336 2890 probare

231 2931 343 2975 uersus
365 2929 441 2972 eum
464 2912 562 2991 prout
582 2904 672 2969 cun'n
691 2904 942 2970 considerauerit
960 2927 1020 2991 per
1038 2928 1152 2992 corpus
1169 2908 1336 2974 cuiusdam
1347 2922 1494 3019 dwn-

231 3013 324 3078 liberi
339 3010 478 3076 hominis
492 3010 521 3075 si
535 3010 625 3075 curia
638 3009 899 3086 considerauerit
913 3010 967 3074 uel
983 3032 1041 3095 per
1059 3018 1160 3076 testes
1173 3011 1224 3077 ‘et
1243 3013 1338 3078 elios⁶
1492 2995 1500 3009 ⁸

232 3122 351 3209 legales
372 3118 519 3185 homines
541 3118 582 3183 de
611 3118 740 3183 uisneto
768 3126 802 3183 et
830 3140 890 3204 per
918 3118 1123 3183 collacionem
1144 3120 1339 3207 sigillorum⁷

233 3226 317 3290 sicut
333 3224 423 3289 curie
437 3221 695 3299 considerauerit,
707 3230 742 3286 et
756 3221 935 3308 dicitquod
948 3222 1095 3309 Rogems
1106 3224 1146 3289 de
1159 3224 1339 3291 Cliffoniin'

234 3339 268 3395 et
282 3330 391 3416 plures
405 3326 461 3392 elii
476 3326 600 3391 hubent
614 3334 719 3391 certes
733 3326 773 3391 de
789 3325 902 3392 eodem
917 3326 1022 3413 sigillo
1037 3328 1194 3415 signatas⁰
1208 3338 1268 3394 ete

172 3495 179 3509 ,
298 3429 436 3497 ²⁰Assise
454 3428 547 3493 uenit
568 3428 774 3515 recognitum
789 3429 863 3514 quis
882 3428 1059 3495 cduocotus
1083 3439 1227 3517 tempore
1250 3432 1338 3518 pacis
1377 3461 1473 3502 mee.

267 3622 277 3655 ¹
294 3622 323 3684 A,
334 3621 356 3671 Β
367 3620 423 3685 give
434 3620 521 3671 clause
533 3620 562 3671 of
571 3623 700 3685 wsrrsnty
708 3620 761 3671 end
811 3621 842 3671 ol
852 3620 941 3671 selein

235 3702 325 3737 nemos
342 3686 371 3735 of
385 3688 526 3744 witnesses,
542 3684 596 3735 und
613 3686 668 3735 also
687 3685 762 3735 letter
845 3684 884 3717 Η
899 3687 940 3734 vel
946 3702 1001 3749 per,
1012 3687 1043 3739 B.

236 3750 565 3813 olsttorneyfordelivery
577 3750 605 3801 ol
614 3749 703 3800 ssisin.
844 3750 980 3800 ’adorem
990 3753 1138 3815 sicilicum,
1150 3754 1181 3805 B.

267 3816 453 3897 {hppmcntly
469 3816 554 3879 primo
581 3814 677 3865 altered
705 3814 762 3865 into
844 3814 1338 3900 'qausridtoedeNeuillnFulcofilius

232 3897 511 4019 primddresomem
521 3944 551 3997 s.
588 3943 713 3995 umnau
724 3944 759 3994 οι.
814 3881 1293 4011 ditb‘ffldemswdefhb'ff'
1312 3894 1336 3937 ‘t

237 4012 289 4061 fers
304 4010 351 4060 the
367 4010 430 4073 king
446 4024 463 4059 s
479 4008 610 4059 thousand
626 4010 714 4059 marks
732 4010 760 4075 (Ι)
844 4009 898 4058 ⁹ct
919 4013 943 4060 si
959 4027 1019 4075 open
1031 4016 1115 4076 suerit
1126 4018 1195 4077 petit
1210 4018 1338 4067 auxilium

237 4074 628 4137 lottherlghttofigthswkes.
651 4073 762 4124 Observe
812 4076 881 4125 curie
902 4081 932 4123 ut
953 4078 1004 4139 ipsi
1023 4088 1229 4139 commiscentur,
1246 4082 1268 4129 B
1284 4082 1337 4131 end

233 4156 381 4205 percorpus
396 4154 475 4197 mum,
486 4153 517 4188 es
531 4139 559 4187 in
576 4152 611 4187 un
628 4139 718 4201 nppeel
735 4140 762 4188 ol
813 4138 954 4203 seemingly
969 4141 993 4190 A
1009 4140 1093 4192 which
1109 4142 1132 4192 is
1149 4144 1254 4196 rubbed.
1286 4146 1337 4197 Ad·

236 4206 337 4269 lelon53
353 4214 543 4281 notpercmpuc
552 4206 681 4253 cuiusdam
688 4206 762 4255 liberi
811 4202 922 4268 journed
932 4209 960 4255 to
971 4205 1065 4257 Ecstor
1076 4207 1210 4269 fortnight
1246 4211 1279 4259 In
1289 4212 1337 4262 As

238 4269 561 4321 homininumswntol
574 4268 653 4330 right.
811 4269 920 4320 modern
933 4270 1007 4320 hand
1022 4271 1071 4322 bns
1087 4273 1198 4332 written,
1208 4276 1242 4325 In
1257 4279 1338 4327 Miclt.

268 4336 309 4368 Η
324 4335 392 4398 quod
411 4349 540 4397 nunquam
561 4336 654 4397 recepit
677 4334 708 4384 dc
733 4349 761 4384 eo
811 4344 838 4385 a·
848 4335 910 4400 iiis·
921 4337 1013 4386 Rotclo
1023 4339 1055 4386 21
1065 4340 1209 4389 concordati
1220 4349 1285 4392 scm.

239 4399 457 4515 xzvahhrlcdt'teldd
468 4399 499 4514 oAf
506 4398 761 4528 dssttoddddgforlivery
844 4399 865 4433 ¹⁰
881 4402 912 4452 A·
924 4415 959 4452 m
974 4402 1006 4451 15
1017 4401 1052 4463 αἱ
1069 4402 1101 4453 Β.
1113 4418 1147 4455 m
1163 4404 1226 4456 nd*
1239 4464 1242 4470 '
