3342 5217
404 409 469 472 438
701 421 837 481 meren,
859 421 925 470 sn.
949 407 1042 480 1231,
1064 421 1127 470 na.
1153 406 1201 470 15.

406 593 564 658 Nieholee
594 615 652 680 per
677 594 774 660 finem
804 595 927 660 factum
952 595 1039 661 inter
1063 596 1149 680 ipsos
1173 603 1209 660 et
1233 595 1407 682 participes
1436 619 1512 661 suos

406 698 446 763 de
466 697 580 764 eedem
600 707 686 764 terra
706 699 856 764 omnibus
876 699 991 764 diebus
1012 699 1082 764 uite
1104 722 1162 764 sue
1183 709 1218 765 et
1241 709 1386 788 tempore
1411 701 1512 788 Regis

407 800 537 866 Riourdi
559 809 594 866 et
616 801 715 888 Regis
737 801 903 868 Jobannis
948 803 993 868 Et
1012 803 1054 868 de
1068 803 1223 888 predictis
1236 827 1265 868 v.
1280 805 1362 891 uirg.
1377 813 1463 869 tene
1477 815 1513 868 et

407 905 517 972 dimid
533 914 567 970 et
583 929 611 970 v.
626 907 754 972 coteriis
768 915 802 970 et
817 907 963 993 predicto
981 907 1166 972 molendino
1184 908 1299 972 dicunt
1320 909 1407 994 quod
1428 916 1512 972 tem-

408 1029 484 1092 pore
499 1030 563 1094 quo
578 1007 611 1072 N
613 1009 779 1074 onnannie
793 1008 922 1094 perdita
935 1009 999 1074 fuit
1013 1009 1123 1075 tenuit
1136 1009 1269 1095 quidam
1283 1010 1385 1074 Fulco
1399 1009 1514 1074 Painel

409 1121 528 1176 terram
550 1111 640 1176 illum
662 1111 798 1176 cotterie
820 1121 854 1178 et
874 1113 1105 1190 molendinum,
1119 1123 1154 1178 et
1174 1121 1254 1178 tunc
1268 1114 1356 1200 cepit
1370 1114 1465 1178 Dom.
1481 1113 1513 1178 J.

408 1215 480 1278 Rex
502 1215 536 1278 in
558 1237 691 1280 menum
713 1239 806 1282 suem
828 1224 948 1281 terrem
969 1217 1059 1282 illam
1079 1217 1215 1282 cotteria
1234 1227 1269 1282 et
1283 1217 1513 1281 molendinum.

410 1317 453 1382 Et
468 1319 651 1386 Willelmus
666 1321 706 1386 de
723 1321 852 1386 Humaz
866 1320 957 1406 prius
971 1320 1087 1385 babuit
1101 1320 1136 1384 in
1152 1321 1279 1384 Estuna
1289 1343 1317 1386 v.
1327 1322 1409 1407 uirg.
1425 1329 1512 1386 terre

409 1431 444 1486 et
460 1423 531 1488 illas
545 1423 681 1490 tradidit
696 1425 764 1511 ipse
780 1425 965 1489 Willelmus
978 1423 1020 1489 de
1036 1423 1165 1488 Humaz
1179 1424 1321 1490 (letardo
1335 1423 1378 1488 de
1393 1425 1516 1490 Caum-

410 1528 490 1592 uilla
504 1537 538 1592 et
554 1529 711 1595 Nicholae
726 1530 819 1594 uxori
834 1529 905 1594 eius
922 1552 981 1615 per
999 1530 1180 1615 predictum
1200 1530 1297 1594 finem
1319 1529 1418 1593 simul
1439 1552 1516 1594 cum

410 1631 537 1696 residuo
561 1631 602 1696 de
626 1632 848 1719 Dudingtona
893 1633 1011 1697 Postea
1032 1640 1106 1717 post
1130 1640 1268 1696 mortem
1289 1631 1447 1696 Willelmi
1474 1631 1517 1695 de

412 1735 540 1799 Humaz
562 1735 691 1820 quando
713 1735 915 1800 Normannia
935 1735 1065 1820 perdita
1084 1735 1149 1798 fuit
1167 1735 1255 1820 cepit
1270 1733 1356 1799 idem
1373 1735 1466 1800 Dom.
1482 1734 1517 1799 J.

411 1839 481 1903 Rex
501 1839 661 1924 predictas
681 1863 708 1904 v.
729 1840 809 1926 uirg.
832 1847 923 1904 terre
939 1841 974 1907 in
996 1841 1119 1904 Estona
1143 1839 1178 1904 in
1203 1862 1336 1904 manum
1361 1863 1455 1904 suam
1481 1849 1518 1904 et

411 1943 483 2008 illas
511 1943 666 2008 concessit
695 1944 823 2010 cuidem
855 1943 979 2010 Simoni
1009 1944 1063 2036 de¹
1076 1943 1250 2030 Lingduna
1279 1967 1336 2029 pro
1366 1943 1519 2009 ducentis

412 2046 526 2112 marcis
548 2069 627 2132 ques
648 2046 735 2112 idem
759 2047 872 2113 Simon
893 2047 924 2112 ei
946 2047 1045 2112 dedit
1090 2047 1168 2112 Post
1191 2056 1353 2111 uenerunt
1377 2047 1521 2132 predicti

413 2151 574 2216 (lerardus
603 2161 637 2216 et
667 2153 825 2217 Nicbolaa
850 2152 892 2217 ad
918 2153 1011 2218 Dom.
1037 2153 1161 2238 Regem
1189 2160 1223 2215 et
1248 2149 1462 2214 ostenderunt
1487 2151 1519 2214 ei

412 2256 552 2340 qualiter
573 2257 642 2342 ipse
666 2280 724 2343 pro
748 2258 919 2322 uoluntate
942 2280 1003 2322 sua
1024 2256 1201 2320 disseisiuit
1223 2278 1278 2319 eos
1300 2255 1341 2319 de
1363 2263 1453 2318 terra
1477 2254 1520 2318 de

412 2359 541 2424 Estonu
586 2360 630 2424 Et
656 2359 748 2426 Dom.
774 2361 845 2424 Rex
872 2367 950 2424 tunc
976 2360 1054 2445 quia
1078 2359 1141 2444 ipsi
1167 2358 1202 2423 in
1224 2367 1356 2422 tantum
1379 2381 1454 2422 cum
1479 2381 1520 2421 eo

412 2461 512 2528 locuti
532 2463 665 2528 fuerunt
684 2463 809 2528 dimisit
829 2463 876 2527 eis
890 2463 1052 2548 predictas
1066 2485 1093 2526 v.
1109 2462 1191 2548 uirg.
1206 2470 1292 2526 terre
1306 2469 1341 2525 et
1356 2461 1467 2526 dimid
1483 2469 1521 2524 et

413 2566 555 2652 quinque
571 2567 707 2632 cotteria
721 2575 756 2632 et
771 2566 992 2631 molendinum
1006 2567 1042 2631 in
1056 2567 1253 2631 escambium
1273 2564 1418 2651 predicte
1432 2573 1521 2628 tene

413 2670 454 2734 de
481 2670 609 2736 Estona
656 2671 699 2736 Et
729 2671 849 2758 quesiti
878 2681 990 2736 utrum
1019 2671 1112 2736 Dom.
1143 2671 1214 2734 Rex
1241 2668 1379 2734 tradidit
1407 2669 1455 2732 eis
1483 2669 1522 2732 in

416 2773 615 2840 escambium
637 2781 756 2838 tenum
778 2775 869 2839 illem
890 2776 945 2839 uel
964 2774 1007 2839 ad
1029 2775 1234 2838 uoluntatem
1253 2773 1365 2836 suam¹
1380 2795 1420 2836 ex
1435 2771 1523 2836 dono

413 2899 472 2942 suo
486 2885 521 2942 et
535 2899 593 2963 pro
608 2876 768 2942 escambio
783 2885 817 2941 et
832 2879 955 2963 precise
970 2878 1085 2943 dicunt
1104 2877 1190 2964 quod
1205 2876 1355 2941 nesciunt
1368 2885 1420 2940 set
1433 2876 1522 2940 bene

413 2980 527 3046 dicunt
542 2980 628 3066 quod
642 2979 705 3065 ipsi
720 3002 792 3044 eam
808 2979 993 3045 babuerunt
1007 2981 1042 3045 in
1057 2980 1262 3045 escambium.

479 3081 680 3147 ’Recordum
701 3082 835 3147 missum
856 3091 906 3148 eet
922 3083 1014 3147 Dom
1031 3083 1116 3169 Regi
1130 3091 1165 3147 et
1180 3082 1273 3148 Dom.
1291 3083 1362 3146 Rex
1377 3080 1524 3146 reddidit

415 3187 445 3249 ei
460 3185 610 3250 seisinam
625 3208 716 3250 suam
731 3194 782 3250 set
796 3186 940 3250 nescitur
959 3194 1071 3252 utrum
1093 3208 1151 3272 per
1172 3184 1328 3250 iudicium
1351 3184 1439 3250 curie
1461 3207 1524 3250 sue

415 3290 468 3355 uel
484 3312 542 3376 per
556 3290 761 3355 uoluntatem
775 3292 891 3354 suam.¹

295 3402 367 3465 566.
480 3394 580 3480 Hugo
594 3392 720 3457 Druuel
735 3401 769 3456 et
783 3393 841 3457 alii
853 3393 1033 3458 athacbiati
1052 3394 1185 3458 fuerunt
1199 3393 1242 3458 ad
1257 3391 1522 3478 respondendum

298 3503 365 3542 ⁰¹⁰²
416 3498 579 3563 Willelmo
594 3497 634 3562 de
650 3497 792 3562 Suttona
806 3520 905 3582 quare
923 3498 1127 3562 intruserunt
1145 3520 1181 3562 se
1200 3498 1235 3561 in
1249 3496 1304 3582 vij.
1319 3495 1412 3561 hidas
1434 3504 1524 3560 terre

416 3624 491 3666 cum
505 3609 586 3687 pert.
602 3601 637 3664 in
653 3599 790 3666 Goldore
806 3609 840 3664 et
855 3601 890 3664 in
906 3601 1040 3687 Gleyore
1054 3601 1095 3666 de
1110 3600 1228 3686 quibus
1242 3599 1316 3663 finis
1336 3599 1440 3662 sactus
1454 3598 1525 3662 fuit

254 3712 392 3800 mm
416 3707 449 3771 in
465 3706 555 3771 curia
569 3706 661 3770 Dom.
678 3705 778 3791 Regis
792 3705 880 3790 apud
895 3705 1220 3771 westmonasterium
1235 3705 1322 3770 inter
1336 3702 1523 3789 predictum

254 3807 387 3892 ἓξὲζῗὲζᾱ·
416 3812 616 3877 Willelmum
633 3810 672 3875 de
690 3811 831 3876 Suttona
846 3818 881 3875 et
900 3811 1068 3876 Mabiliam
1088 3811 1250 3898 quondam
1271 3833 1404 3875 uxorem
1425 3833 1525 3875 suam

254 3899 402 4034 Ξὲῗιῖἓῖἓέὲί
416 3927 450 3983 et
465 3917 652 4002 Philippum
667 3914 708 3980 de
723 3916 814 3980 Bello
830 3916 942 3980 Monte
962 3937 1021 4001 per
1042 3938 1139 4002 quem
1161 3916 1259 3980 finem
1281 3924 1355 3979 tota
1374 3914 1527 4001 predicta

449 4069 459 4104 ²
475 4069 589 4131 Perhaps
600 4068 645 4119 the
656 4067 739 4118 words
749 4069 791 4118 uel
805 4069 840 4116 ad
854 4070 942 4117 uolan-
993 4071 1147 4119 uoluntatem
1156 4084 1227 4117 mam
1237 4083 1281 4117 are
1291 4072 1351 4131 part
1362 4067 1391 4116 ol
1404 4066 1449 4116 tha
1462 4081 1527 4116 ver-

418 4143 494 4186 tatem
504 4150 575 4183 raum
586 4149 628 4183 are
637 4133 778 4183 dislocated
786 4133 840 4182 and
848 4132 943 4183 should
993 4133 1053 4193 dict,
1066 4133 1143 4183 while
1157 4133 1202 4182 the
1218 4133 1303 4182 words
1317 4133 1454 4182 Recordare
1456 4172 1524 4184 ......

418 4200 697 4313 ‘ltettttt
711 4262 765 4312 this
780 4263 867 4312 tout
882 4279 944 4326 may
993 4196 1528 4338 tttlmttttttttttt

418 4330 449 4379 be
459 4333 519 4392 part
529 4330 558 4378 ol
572 4329 617 4378 the
627 4328 723 4378 verdict
738 4327 791 4378 and
805 4343 866 4390 may
876 4330 943 4378 refer
993 4327 1108 4378 between
1120 4329 1164 4378 the
1175 4329 1238 4391 king
1249 4329 1302 4378 and
1311 4328 1427 4377 william
1434 4327 1527 4390 Iang-

418 4401 446 4443 to
457 4395 501 4444 the
516 4393 608 4456 doings
623 4394 651 4443 of
666 4393 734 4455 King
749 4393 828 4442 John.
861 4394 943 4444 ButI
992 4394 1075 4445 swerd
1081 4393 1393 4444 whomarriedIdoncade
1399 4392 1528 4443 cnmviu.

418 4459 494 4509 think
506 4458 564 4509 that
576 4458 619 4508 the
627 4457 709 4508 words
720 4467 757 4508 eet
769 4461 878 4509 'rescitur
881 4499 939 4510 ......
993 4459 1108 4521 Perhaps
1120 4474 1192 4510 some
1202 4458 1285 4510 words
1297 4474 1341 4509 are
1351 4457 1506 4510 didooetcd.
