3342 5217
357 424 421 489 652
661 434 886 495 urrunnun.
911 421 1005 495 1234,
1027 433 1092 483 nu.
1117 421 1166 481 18.

355 609 425 696 ipse
440 609 530 673 uiam
545 606 593 673 ibi
607 608 727 673 habere
742 607 852 688 debet,
868 630 929 673 neo
944 614 1037 672 extra
1052 606 1215 692 quoddam
1230 608 1397 683 fossatum,
1412 616 1468 671 set

356 722 406 777 est
421 712 469 777 ibi
482 710 623 799 quedam
638 710 833 796 semitaque
849 718 986 775 uocatur
1000 710 1032 774 ls
1053 709 1278 796 Ohereohwys‚
1292 733 1352 797 per
1366 732 1469 797 quam

354 814 504 881 incedere
530 822 640 901 potest
664 814 753 878 ultra
778 822 899 877 terram
925 835 1027 891 susm,
1053 821 1088 877 et
1113 836 1179 877 non
1204 836 1264 899 per
1284 815 1469 900 predictum

354 920 454 986 uiam.
499 920 543 983 Et
576 917 663 1004 quod
698 916 857 982 Ricsuius
891 925 987 1002 peter
1017 917 1120 1003 ipsius
1152 917 1290 983 Jordnni
1320 940 1380 984 nec
1409 919 1470 983 alii

355 1031 573 1087 antecessores
587 1020 639 1085 sui
653 1020 704 1085 usi
719 1027 798 1084 sunt
812 1020 869 1084 uia
882 1020 940 1085 illa
952 1042 1014 1085 nee
1028 1021 1180 1085 seisinnm
1202 1021 1389 1087 habuerunt
1404 1022 1471 1087 nisi

356 1122 397 1188 de
412 1123 623 1209 permissione
639 1122 813 1208 Reginaldi
826 1123 930 1209 petris
951 1122 1004 1188 sui
1023 1124 1117 1209 ponit
1140 1147 1174 1189 se
1196 1147 1294 1211 super
1315 1126 1470 1211 petrium.

356 1228 402 1293 Et
423 1234 615 1313 preceptum
630 1234 681 1291 est
704 1226 890 1291 uicecomiti
905 1227 992 1312 quod
1011 1228 1125 1293 uenire
1148 1230 1246 1294 faciat
1268 1252 1375 1293 corum
1400 1230 1470 1294 ius-

356 1332 491 1399 ticisriis
514 1340 596 1417 aput
616 1332 944 1396 Westmonssterium
963 1355 983 1397 s
1002 1332 1056 1396 die
1077 1333 1109 1398 S.
1125 1333 1212 1399 Trin.
1228 1333 1262 1397 in
1280 1334 1303 1419 j.
1321 1356 1469 1399 mensem

357 1437 412 1522 xij.
439 1436 497 1521 qui
522 1434 619 1499 electi
644 1434 711 1499 sint
736 1434 777 1499 de
803 1457 960 1500 consensu
990 1436 1136 1521 parcium
1166 1458 1304 1522 quorum
1334 1438 1471 1502 nomina

356 1540 492 1607 inferius
506 1540 623 1604 liberos
638 1539 759 1625 legales
769 1560 828 1623 per
842 1560 922 1623 quos
934 1548 994 1603 etc.
1006 1538 1047 1603 ed
1062 1538 1354 1626 recognoscendum
1370 1562 1471 1626 super

357 1652 595 1711 sacramentum
607 1666 703 1707 suum
714 1642 744 1707 si
753 1642 919 1729 predictus
931 1642 1089 1707 Ricardus
1103 1650 1197 1728 pater
1212 1643 1314 1728 ipsius
1328 1644 1352 1708 J
1353 1642 1470 1708 ordeni

359 1768 437 1812 usus
451 1746 515 1811 fuit
530 1746 587 1810 uia
597 1745 654 1810 ills
668 1753 814 1830 tempore
825 1744 987 1810 Iohannis
998 1744 1107 1831 Regis,
1119 1752 1153 1809 et
1165 1745 1193 1809 si
1204 1746 1291 1810 idern
1303 1745 1469 1812 Jordanus

358 1847 573 1935 postmodum,
596 1850 681 1913 sicut
702 1848 760 1913 ills
781 1870 880 1933 quam
903 1856 1120 1913 antecessores
1143 1848 1286 1933 ipsorum
1313 1848 1365 1913 usi
1388 1857 1469 1915 sunt

359 1978 381 2019 o
404 1960 583 2039 conquestu
605 1952 735 2039 Anglie,
756 1960 796 2017 ut
821 1951 1007 2037 pertinente
1037 1952 1079 2017 ad
1109 1961 1335 2018 tenementum
1364 1952 1470 2039 ipsius

359 2056 495 2122 Jordani
520 2056 556 2120 in
581 2054 693 2120 eodem
720 2054 808 2131 uilla,
834 2054 921 2119 sicut
946 2054 1034 2119 idem
1059 2054 1224 2119 Jordanus
1250 2055 1339 2133 dicit,
1362 2057 1417 2121 uel
1440 2056 1470 2121 si

358 2159 447 2224 idem
460 2158 619 2223 Ricardus
633 2179 711 2223 usus
728 2157 793 2221 fuit
810 2156 868 2221 uis
886 2156 943 2221 illa
963 2164 1109 2242 tempore
1132 2156 1278 2222 eiusdem
1300 2158 1402 2244 Regis
1424 2159 1467 2224 de

357 2262 467 2349 gracia
495 2270 529 2325 et
559 2260 771 2346 permissione
801 2268 837 2325 et
866 2259 1053 2324 uoluntate²
1084 2260 1258 2347 Reginsldi
1286 2261 1327 2326 de
1363 2260 1469 2327 Oruoe

357 2364 461 2450 petris
478 2364 580 2448 ipsius
604 2363 743 2428 Galfridi
763 2371 798 2427 et
820 2386 887 2428 non
909 2372 947 2427 ut
969 2364 1155 2455 pertinente
1177 2364 1220 2429 od
1242 2372 1469 2431 tenementum

358 2466 461 2553 ipsius
484 2466 507 2530 J
508 2466 630 2542 ordeni,
649 2474 689 2531 ut
712 2466 800 2531 idem
822 2466 988 2532 Galfridus
1009 2466 1098 2544 dicit,
1113 2467 1168 2531 uel
1189 2490 1263 2544 non,
1278 2478 1313 2533 et
1333 2468 1469 2534 interim

358 2570 448 2635 uism
462 2569 554 2633 illam
568 2569 713 2647 uideant,
729 2578 763 2635 et
782 2592 816 2635 se
837 2572 886 2635 ite
904 2571 1037 2636 interim
1060 2572 1242 2637 certificent
1263 2572 1351 2658 quod
1371 2572 1470 2637 iusti-

358 2674 471 2739 cisrios
492 2673 669 2738 certificare
688 2673 815 2759 possint
837 2675 878 2739 sd
900 2674 1084 2760 predictum
1106 2674 1201 2740 diem.
1246 2676 1390 2741 Nomina
1412 2678 1470 2764 xij.

358 2777 394 2842 in
408 2798 489 2864 quos
502 2777 720 2855 consenciunt‚
735 2778 809 2843 Ada
823 2778 864 2844 de
879 2778 1094 2865 Wyndehum,
1111 2787 1145 2844 et
1160 2779 1227 2845 alii.

406 3142 469 3207 DE
497 3140 705 3206 TERMINO
735 3140 912 3207 PASOHE
941 3142 1074 3208 ANNO
1104 3144 1251 3208 REGNI
1279 3142 1416 3208 REGIS

439 3241 636 3309 HENRIGI
666 3242 778 3307 FILII
808 3244 944 3310 REGIS
974 3244 1212 3311 IOHANNIS
1241 3245 1380 3312 XVIIP.

425 3476 591 3563 Hugelins
612 3485 647 3541 et
670 3476 807 3542 Mstillis
837 3477 903 3543 filie
932 3480 1091 3545 Willelmi
1119 3480 1161 3545 de
1190 3478 1379 3547 Denemede
1410 3504 1470 3568 per

265 3598 278 3626 ⁰
359 3586 560 3645 attornstum
597 3579 700 3665 ipsius
733 3579 904 3645 Matillidis
933 3589 1053 3667 petunt
1085 3605 1199 3648 uersus
1227 3583 1398 3649 Herueum
1428 3582 1470 3649 de

361 3682 486 3748 Stsnho
511 3682 592 3747 duas
610 3681 616 3767 Ι
636 3705 738 3747 carue.
769 3691 854 3748 terre
884 3706 959 3749 cum
989 3693 1070 3771 pert.
1100 3686 1136 3750 in
1162 3687 1325 3751 Anemere
1352 3696 1390 3752 ut
1416 3686 1470 3752 ius

360 3809 456 3853 suum
472 3795 532 3854 etc.

424 3890 470 3954 Et
491 3890 643 3955 Heraeus
664 3913 730 3955 non
755 3891 849 3956 uenit
872 3892 929 3957 sed
958 3893 1134 3958 essoniauit
1158 3917 1192 3959 se
1218 3894 1259 3959 de
1285 3894 1371 3959 mulo
1392 3895 1470 3961 lecti

360 3995 409 4061 ita
434 3994 520 4081 quod
542 3993 747 4060 adiudicatus
772 3995 892 4060 fuitei
916 3996 1052 4083 languor
1077 4006 1112 4063 et
1135 3997 1252 4063 habuit
1277 3997 1365 4063 diem
1386 4010 1471 4084 aput

361 4091 512 4156 Thurrim
536 4092 802 4159 Londoniensem.
848 4094 893 4157 Et
915 4116 1013 4181 super
1042 4095 1102 4161 hoc
1132 4097 1226 4161 uenit
1248 4096 1407 4162 Richerus
1429 4098 1470 4163 de

359 4195 529 4281 Doclringe
552 4203 587 4260 et
608 4194 689 4260 dicit
711 4195 797 4282 quod
819 4196 936 4261 missus
958 4206 1008 4263 est
1029 4199 1072 4263 ab
1094 4199 1207 4265 eodem
1231 4200 1363 4265 Herueo
1384 4201 1471 4266 sicut

360 4298 552 4385 responsalis
576 4320 664 4378 suus,
681 4306 716 4366 et
738 4299 826 4387 petit
850 4300 967 4382 uisum,
991 4308 1025 4367 et
1047 4302 1157 4373 habet.
1200 4303 1281 4371 Dies
1300 4302 1397 4369 datus
1421 4312 1470 4369 est

790 4454 801 4488 ¹
819 4454 868 4506 See
879 4456 922 4509 Br.
937 4456 955 4510 t.
970 4459 1002 4509 52
1013 4458 1039 4509 b.
