3342 5217
394 0 441 34 '¹1¹
712 0 815 19 ιη·
898 0 978 38 ,³
1103 5 1107 18 ι

712 23 717 37 '
825 29 920 57 ,Νι
1031 23 1107 57 ,⁹¹
1191 33 1198 47 ο

383 166 498 233 dicunt
513 168 599 253 quod
613 168 737 234 habent
757 167 937 254 predictam
956 168 1082 235 aduoc'¹
1097 170 1231 235 ecclesie
1251 169 1292 235 de
1311 170 1500 259 Wullinge·

383 271 460 336 ham
475 278 514 336 ut
529 271 570 337 de
590 273 805 351 feoffamento‚
820 282 855 338 et
877 282 1004 359 partem
1024 275 1059 340 in
1079 284 1239 361 proparte,
1254 283 1289 339 et
1308 276 1500 341 Alexander

382 375 482 441 nichil
494 376 638 441 ostendit
649 376 735 462 quod
745 377 790 441 sit
800 376 841 442 de
853 376 1020 463 proparte’
1029 401 1094 443 non
1105 378 1227 444 dedicit
1238 380 1496 456 feoffamentum,

383 479 631 546 Consideratum
646 480 797 567 estquod
813 481 992 546 Nicholaus
1008 491 1042 547 et
1056 483 1217 548 Amabilis
1236 483 1312 549 inde
1326 483 1442 569 quieti,
1458 493 1495 549 et

382 585 568 651 Alexander
588 586 623 650 in
645 586 872 663 misericordia,
886 595 921 651 et
940 588 1108 674 perquirat
1128 588 1191 654 sibi
1210 610 1269 674 per
1287 589 1377 654 aliud
1391 588 1495 655 breue

381 687 410 754 si
424 688 597 754 crediderit
611 711 645 753 se
660 689 712 753 ius
726 688 802 753 inde
817 689 945 754 habere.

320 830 329 847 ·
446 792 558 857 Assisa
593 792 686 857 uenit
721 794 928 878 recognitura
963 793 991 858 si
1025 793 1187 859 Martinus
1216 794 1302 859 filius
1331 796 1495 861 Gileberti

381 894 502 960 iniuste
531 902 590 961 eta
621 896 798 961 disseisiuit
830 896 1054 962 Alexandrum
1091 898 1132 963 de
1162 898 1422 985 Frochingeham
1459 909 1494 965 et

382 1000 562 1065 Robertum
577 1000 617 1065 de
632 1000 762 1085 Alkeby
777 1000 818 1064 de
833 999 935 1065 libero
950 1008 1137 1065 tenemento
1149 1024 1207 1066 suo
1217 1002 1252 1066 in
1268 1002 1491 1090 Buringeham

381 1113 454 1188 post
468 1105 606 1190 primam
621 1112 691 1182 etc,
705 1113 740 1170 et
759 1106 847 1170 unde
867 1113 1050 1191 queruntur
1068 1105 1154 1191 quod
1176 1106 1352 1172 disseisiuit
1374 1130 1431 1172 eos
1453 1108 1494 1174 de

381 1231 448 1273 una
462 1208 590 1273 rouata⁸
606 1216 690 1272 terre
705 1215 740 1271 et
754 1208 831 1273 dim.

447 1312 491 1375 Et
514 1312 675 1375 Martinus
697 1310 791 1375 uenit
812 1319 847 1375 et
872 1310 953 1375 dicit
974 1310 1060 1396 quod
1083 1311 1182 1376 assisa
1205 1334 1270 1376 non
1292 1312 1391 1377 debet
1416 1313 1494 1379 inde

381 1415 460 1494 fieri,
475 1416 553 1502 quia
566 1438 680 1480 reuera
699 1415 762 1502 ipsi
781 1438 950 1502 nunquam
970 1416 1103 1479 fuerunt
1123 1415 1158 1479 in
1178 1415 1296 1481 saisina
1314 1415 1357 1481 de
1377 1417 1494 1481 eadem

381 1526 468 1582 terra
481 1518 517 1582 in
531 1518 700 1597 dominico,
715 1518 780 1582 nisi
794 1526 926 1583 tantum
941 1518 981 1583 de
996 1518 1142 1595 seruicio,
1158 1519 1235 1605 quia
1249 1528 1336 1585 terra
1350 1521 1409 1585 illa
1429 1522 1494 1587 fuit

381 1620 548 1687 cuiusdam
572 1620 645 1685 Ade
671 1621 777 1686 Orane
804 1620 861 1706 qui
887 1621 977 1685 illam
1003 1621 1113 1687 tenuit
1137 1622 1238 1687 libere
1267 1622 1308 1688 de
1337 1624 1494 1709 predictis

381 1724 565 1790 Alexandro
595 1734 630 1790 et
659 1725 810 1803 Roberto‚
837 1726 964 1812 etipse
990 1726 1153 1812 quandam
1183 1735 1310 1813 partem
1340 1728 1494 1794 uendidit

381 1829 509 1893 cuidam
532 1828 699 1893 Gileberto
720 1828 807 1914 patri
830 1850 897 1905 suo,
922 1836 956 1893 et
979 1828 1048 1913 ipse
1073 1828 1260 1894 Gilebertus
1284 1829 1375 1895 illam
1398 1830 1494 1897 dedit

380 1955 439 2018 per
462 1932 543 1997 duos
564 1953 665 1997 annos
688 1940 766 1997 anto
792 1940 931 1995 mortam
955 1952 1048 1995 suam
1072 1930 1135 2017 ipsi
1159 1932 1310 2011 Martino,
1333 1940 1369 1996 et
1391 1933 1492 1998 aliam

380 2044 507 2123 partem
530 2035 647 2100 habuit
666 2035 708 2100 ad
729 2035 916 2112 terminum,
940 2043 974 2100 et
996 2042 1070 2121 post
1093 2036 1269 2100 terminum
1291 2037 1491 2121 completum

380 2140 473 2205 uenit
493 2138 581 2205 idem
604 2140 766 2205 Martinus
787 2147 822 2205 et
844 2140 965 2226 optulit
987 2141 1018 2205 ei
1040 2138 1177 2205 terram‘
1192 2162 1290 2226 quam
1310 2140 1430 2206 habuit
1449 2142 1492 2206 ad
1533 2188 1539 2197 -

379 2245 564 2323 terminum,
579 2253 614 2309 et
627 2245 690 2331 ipsi
705 2268 777 2310 eam
793 2244 934 2331 recipere
950 2244 1131 2310 noluerunt

446 2349 490 2413 Et
519 2348 705 2415 Alexander
733 2357 768 2414 et
797 2349 960 2414 Robertus
985 2348 1099 2414 dicunt
1125 2349 1211 2436 quod
1235 2358 1323 2414 terra
1345 2350 1403 2414 illa
1426 2350 1492 2415 fuit

380 2452 593 2539 uillenagium
607 2475 713 2530 suum,
729 2460 764 2516 et
783 2451 847 2537 ipsi
867 2453 1000 2517 fuerunt
1020 2452 1095 2517 inde
1117 2452 1152 2516 in
1174 2452 1292 2517 saisina
1312 2452 1416 2517 donoc
1437 2475 1493 2517 eos

380 2557 565 2623 disaeisiuit.

444 2661 613 2726 «iuratores
636 2658 750 2723 dicunt
773 2658 860 2745 quod
879 2657 1045 2745 predictus
1066 2656 1227 2722 Martinus
1247 2664 1282 2721 et
1303 2657 1491 2723 Gilebertus

379 2769 473 2848 pater
494 2760 595 2847 ipsius
617 2768 795 2826 tenuerunt
817 2770 921 2826 totam
943 2769 1061 2826 terram
1082 2761 1173 2826 illam
1189 2760 1231 2825 ad
1246 2761 1424 2826 terminum
1439 2762 1493 2827 in*

379 2865 503 2930 nullam
518 2873 644 2951 partem
662 2864 698 2928 in
716 2864 810 2929 feodo
830 2871 958 2951 etpost
978 2865 1156 2929 terminum
1176 2865 1269 2929 illum
1290 2865 1490 2951 completum

380 2977 542 3034 uenerunt
566 2968 630 3054 ipsi
655 2967 842 3033 Alexander
867 2976 902 3033 et
927 2968 1089 3034 Robertus
1119 2976 1153 3032 et
1182 2976 1362 3053 posuerunt
1390 2991 1426 3033 se
1456 2970 1491 3034 in

379 3079 498 3136 terram
513 3071 603 3140 illam
618 3077 657 3135 ut
672 3070 707 3135 in
726 3071 777 3135 ius
797 3093 902 3149 suum,
918 3078 952 3136 et
972 3079 1086 3157 postea
1106 3070 1200 3135 uenit
1219 3069 1307 3135 idem
1327 3071 1491 3139 Martinus

379 3183 414 3239 et
428 3174 525 3239 eiecit
539 3196 602 3252 eos,
617 3183 652 3239 et
665 3174 752 3260 ipsos
765 3174 842 3239 inde
858 3174 1036 3240 disseisiuit
1050 3174 1171 3239 iniuste
1187 3174 1272 3240 sicut
1292 3176 1392 3241 breue
1408 3177 1490 3243 dicit

379 3278 456 3364 quia
477 3286 565 3343 terra
586 3277 643 3342 illa
663 3278 727 3342 fuit
748 3276 800 3341 ius
822 3276 974 3363 ipsorum.
1020 3277 1064 3341 Et
1085 3276 1158 3341 ideo
1180 3277 1419 3344 consideratum
1440 3290 1490 3347 est

378 3381 465 3467 quod
478 3380 664 3445 Alexander
682 3387 717 3443 et
737 3378 900 3444 Robertus
919 3385 1194 3464 recuperauerunt
1214 3377 1365 3443 saisinam
1386 3402 1489 3459 suam,

379 3494 414 3548 et
430 3482 592 3547 Martinus
602 3481 638 3546 in
652 3480 890 3546 misericordia⁸.
920 3480 1007 3561 Quia
1021 3488 1180 3545 testatum
1192 3488 1242 3546 est
1257 3504 1315 3567 per
1328 3482 1488 3549 iuratores

378 3588 465 3674 quod
492 3586 587 3651 uenit
616 3608 691 3650 cum
720 3585 818 3649 armis
847 3584 890 3650 ad
919 3584 1121 3649 disseisinam
1147 3584 1335 3649 faciendam.
1362 3586 1423 3670 pl’'
1448 3587 1488 3651 de

378 3690 596 3757 misericordia
609 3699 668 3756 etc
684 3689 827 3775 dampna
841 3688 885 3775 iij.
901 3712 998 3755 marc.
1013 3697 1048 3754 et
1062 3688 1139 3754 dim.

410 3826 420 3857 ¹
428 3824 724 3889 predictaminterlined.
739 3825 905 3877 (lorrhaberrt
988 3826 999 3858 ⁴
1016 3832 1107 3875 terram
1118 3824 1246 3887 repeated.

373 3899 473 3955 partem
480 3893 594 3953 predicte
604 3891 790 3941 educationis.
987 3890 1088 3940 ‘Ocra
1100 3897 1133 3941 et.

408 3955 420 3988 ¹
436 3956 537 4020 Supply
547 3964 580 4005 et.
987 3954 998 3987 ⁸
1013 3953 1129 4017 Perhaps
1139 3954 1212 4004 thare
1223 3953 1318 4005 should
1329 3954 1362 4005 he
1376 3969 1413 4007 nc
1430 3962 1488 4021 stop

408 4020 508 4071 ’Corn
520 4022 621 4072 tcum.
954 4017 1024 4070 hera
1122 4020 1246 4085 ’plegius
1257 4034 1287 4069 or
1293 4022 1386 4083 pleyr'r'.
