3342 5217
200 721 232 761 ne
240 726 296 762 rectu
303 724 331 763 nd

199 771 349 811 molendinum.

240 3086 310 3148 505.

225 3185 323 3226 surore

198 3633 230 3672 l)e
238 3633 332 3674 custodis

198 3679 275 3721 lrcrcd'.

363 407 427 472 394
673 425 814 488 unsar,
838 427 903 475 ao.
927 413 1021 488 1231,
1043 428 1105 476 nu.
1131 417 1178 478 15.

364 602 507 668 dendum
534 602 680 666 Imberto
705 602 808 667 Priori
834 602 876 666 de
901 603 1053 668 Wenloc¹
1076 625 1175 691 quare
1200 627 1266 668 non
1291 604 1416 669 faciunt
1441 605 1474 669 ei

364 718 484 773 sectam
500 706 541 772 ad
561 706 783 772 molendinum
805 729 902 772 suum
924 707 965 772 dc
989 709 1133 773 Suttona
1153 731 1252 795 quam
1273 709 1360 773 idem
1383 709 1475 773 Prior

363 812 405 876 ab
420 811 467 876 eis
482 809 585 896 exigit
600 819 669 887 etc,
685 819 719 874 et
734 811 821 875 unde
836 811 925 875 idem
940 811 1033 876 Prior
1051 812 1200 898 queritur
1220 811 1395 898 quodcum
1409 811 1474 897 ipsi

364 923 398 979 et
432 923 648 980 antecessores
677 915 729 979 sui
758 915 901 980 debeant
935 923 1056 980 sectam
1087 917 1190 981 facere
1219 915 1261 980 ad
1290 915 1473 1001 predictum

363 1017 586 1082 molendinum
608 1025 642 1082 et
664 1027 786 1082 sectam
809 1020 956 1084 fecerunt
978 1026 1108 1084 etcum
1130 1019 1199 1105 ipse
1220 1018 1311 1083 Prior
1331 1026 1366 1084 et
1379 1027 1471 1083 ante·

363 1143 501 1186 cessores
523 1121 574 1186 sui
596 1122 631 1186 in
653 1122 772 1186 seisina
793 1131 903 1186 essent
923 1122 965 1187 de
986 1131 1076 1186 secta
1096 1122 1154 1186 illa
1175 1122 1239 1207 ipsi
1260 1122 1422 1187 Robertus
1437 1129 1472 1186 et

362 1223 418 1288 elii
442 1233 564 1288 sectam
585 1224 675 1288 illam
698 1247 763 1288 non
786 1226 932 1291 fecerunt
955 1225 1021 1289 iam
1044 1226 1149 1290 tribus
1170 1225 1265 1291 annis
1285 1225 1402 1311 elapsis
1422 1225 1474 1289 ita

362 1328 448 1414 quod
474 1328 695 1393 molendinum
721 1329 803 1394 illud
828 1329 894 1393 iam
920 1328 1042 1393 decidit
1065 1338 1099 1393 et
1122 1331 1244 1394 factum
1265 1337 1316 1394 est
1341 1328 1470 1393 omnim.

361 1431 478 1496 inutile
501 1431 587 1496 unde
610 1431 825 1497 deterioratos
845 1440 896 1497 est
911 1441 945 1497 et
960 1432 1139 1518 dampnum
1154 1433 1255 1497 habet
1270 1443 1329 1497 etc.
1345 1441 1380 1496 et
1393 1432 1472 1497 inde

362 1533 511 1620 producit
526 1542 656 1599 sectam.

428 1637 471 1701 Et
486 1635 649 1702 Robertns
663 1645 698 1702 et
712 1637 769 1702 alii
788 1638 929 1702 ueniunt
946 1645 982 1702 et
996 1637 1111 1703 dicunt
1125 1637 1212 1724 quod
1226 1659 1291 1702 non
1305 1636 1426 1701 debent
1439 1635 1472 1701 ei

362 1740 552 1826 respondere
576 1741 654 1827 quic
678 1740 765 1806 idem
792 1740 884 1806 Prior
908 1742 1037 1806 nullum
1062 1741 1283 1806 molendinum
1310 1741 1410 1806 habet
1434 1741 1471 1806 in

362 1843 505 1909 Suttona
525 1845 625 1910 immo
647 1845 871 1910 molendinum
893 1845 975 1910 illud
997 1853 1048 1910 est
1069 1845 1236 1910 cuiusdam
1258 1844 1388 1909 Ricardi
1409 1845 1471 1909 filii

360 1947 484 2012 Thome
514 1948 570 2032 qui
604 1947 686 2012 illud
721 1947 927 2034 recuperauit
961 1947 1059 2012 simul
1095 1969 1171 2015 cum
1206 1947 1347 2032 quedam
1383 1956 1472 2012 terra

361 2073 467 2115 coram
489 2049 676 2115 iusticiariis
697 2049 930 2114 itinerantibus
950 2071 1011 2136 per
1030 2050 1162 2115 assisam
1185 2050 1299 2114 mortis
1323 2059 1471 2115 mrteces-

360 2153 447 2219 soris
492 2154 536 2217 Et
558 2153 615 2240 qui
638 2153 796 2218 Ricardus
817 2175 950 2238 presens
971 2161 1022 2218 est
1043 2161 1079 2216 et
1100 2153 1160 2216 hoc
1183 2152 1271 2217 idem
1293 2151 1380 2217 dicit.
1426 2153 1471 2218 Et

361 2257 463 2322 eciam
478 2256 569 2322 Prior
583 2257 644 2321 hoc
658 2257 746 2322 idem
767 2256 932 2344 cognoscit
951 2263 986 2320 et
1005 2255 1111 2328 ‚eciam
1132 2255 1213 2320 dicit
1234 2256 1321 2342 quod
1342 2255 1471 2321 nullum

361 2360 450 2425 aliud
465 2360 686 2425 molendinum
702 2360 801 2426 habet
821 2361 858 2424 in
877 2360 1027 2425 Suttona
1071 2361 1116 2424 Et
1134 2359 1139 2447 Ι
1159 2359 1233 2424 ideo
1254 2360 1416 2426 Rcbertus
1435 2371 1472 2428 et

361 2464 418 2529 alii
433 2463 509 2528 inde
523 2463 593 2528 sine
610 2463 663 2528 die
684 2473 719 2530 et
741 2464 832 2529 Prior
853 2463 889 2528 in
910 2463 1136 2542 misericordia,
1150 2472 1186 2529 et
1207 2463 1285 2550 quia
1304 2465 1472 2550 predictus

362 2567 519 2633 Ricardus
534 2568 696 2656 cognoscit
712 2578 747 2633 et
761 2568 910 2654 queritur
929 2568 1014 2655 quod
1030 2569 1174 2633 nondum
1196 2567 1296 2633 habet
1317 2569 1469 2634 seisinam

362 2695 453 2737 suem
469 2673 509 2739 de
524 2673 669 2758 predicto
683 2673 869 2738 molendino
884 2681 918 2738 et
932 2673 1044 2738 dimid.
1060 2673 1249 2760 uirg.qunm
1264 2674 1472 2758 recuperauit

361 2797 467 2840 eornm
489 2775 676 2840 iusticiariis
697 2775 937 2854 itinerantibus,
956 2785 1146 2862 preceptum
1168 2783 1219 2840 est
1241 2776 1327 2861 quod
1348 2775 1475 2842 habeat

362 2879 512 2944 seisinam
539 2901 632 2944 suam
658 2887 692 2943 et
718 2877 869 2942 similiter
894 2878 984 2942 Prior
1008 2878 1044 2942 in
1066 2877 1284 2942 misericordia
1308 2879 1387 2964 quia
1410 2901 1472 2966 per

362 2991 492 3048 tantum
507 2992 638 3068 tempus
653 2983 684 3047 ei
698 2982 842 3065 detinuit
857 2990 892 3047 et
905 2981 1097 3048 deforciauit
1111 2981 1261 3046 seisinam
1276 3003 1379 3048 suam.

427 3086 574 3173 Rogerus
584 3085 624 3150 de
636 3085 749 3150 Monte
764 3085 843 3149 Alto
859 3106 918 3170 per
931 3093 1132 3149 attornatum
1148 3106 1243 3149 suum
1258 3084 1344 3170 petit
1354 3108 1471 3154 uersus

362 3190 564 3255 Willelmum
590 3189 630 3254 de
653 3187 796 3253 Vernun'
822 3187 910 3272 quod
935 3188 1051 3253 reddat
1072 3189 1104 3253 ei
1125 3189 1304 3254 custodiam
1326 3197 1413 3255 terre
1435 3201 1472 3256 et

362 3294 490 3359 heredis
511 3293 631 3380 Rogeri
652 3293 693 3357 de
718 3294 830 3359 Monte
854 3294 934 3359 Alto
955 3293 996 3357 de
1020 3289 1216 3356 Ebbefordin
1241 3313 1304 3377 quc
1326 3291 1369 3357 ad
1391 3315 1470 3358 eum

361 3397 505 3483 pertinet
520 3419 559 3462 eo
573 3397 659 3483 quod
675 3395 762 3461 idem
777 3397 924 3484 Rogems
939 3395 980 3460 de
996 3395 1109 3459 Monte
1123 3394 1202 3459 Alto
1216 3394 1258 3459 de
1273 3395 1472 3462 Ellefordia¹

363 3499 471 3564 tenuit
493 3499 533 3563 de
555 3499 700 3584 predicto
720 3498 848 3584 Rogero
865 3497 906 3563 de
922 3497 1035 3562 Monte
1050 3497 1128 3562 Alto
1143 3497 1184 3561 de
1199 3496 1396 3562 Mawerdin⁸
1411 3521 1473 3584 per

362 3603 535 3668 seruicium
550 3603 690 3668 militare
706 3611 775 3679 etc,
790 3611 825 3668 et
841 3601 927 3667 unde
942 3601 1012 3686 ipse
1027 3599 1209 3686 dicitquod
1223 3601 1287 3665 fuit
1301 3601 1336 3664 in
1350 3602 1473 3668 seisina

362 3707 403 3772 de
418 3706 565 3771 custodia
578 3705 722 3791 predicte
738 3713 823 3770 terre
839 3713 873 3769 et
888 3703 1017 3770 heredis
1031 3725 1089 3790 per
1098 3727 1150 3770 xv.
1161 3703 1231 3768 dies
1242 3713 1316 3790 post
1329 3714 1470 3771 mortem

362 3809 463 3895 ipsius
485 3808 604 3894 Rogeri
625 3807 666 3872 de
688 3807 802 3872 Monte
821 3807 901 3871 Alto
921 3807 962 3872 de
978 3806 1154 3872 Ellefordia
1167 3804 1269 3871 donec
1283 3806 1371 3872 idem
1385 3809 1473 3874 Wil-

362 3914 477 3978 lelmus
490 3913 599 3998 ipsum
613 3911 689 3976 inde
704 3911 890 3977 disseisiuit.

427 4018 471 4084 Et
490 4017 674 4082 Willelmus
694 4016 786 4081 uenit
807 4024 842 4081 et
861 4014 942 4080 dicit
966 4014 1052 4101 quod
1075 4037 1141 4079 non
1163 4013 1266 4079 habet
1287 4015 1471 4083 custodiam

361 4121 505 4210 predicte
527 4130 613 4184 terre
635 4127 669 4184 et
691 4119 818 4183 heredis
837 4141 899 4183 nec
918 4117 1042 4204 aliquid
1057 4118 1177 4183 clamat
1191 4118 1226 4182 in
1240 4118 1388 4184 custodia
1402 4121 1473 4198 illa,

394 4313 404 4346 ¹
422 4314 535 4364 Monast.
546 4311 597 4364 vol.
611 4315 634 4372 5,
646 4327 672 4376 p.
685 4315 724 4366 w.
942 4314 1043 4362 Geneal.
1060 4326 1086 4375 p.
1104 4311 1162 4365 247.
1195 4311 1259 4362 Thia
1274 4325 1333 4362 cue
1351 4311 1376 4362 ia
1398 4313 1469 4367 Fitr.

393 4381 405 4410 '³
422 4379 512 4428 Ellord
522 4378 551 4428 in
563 4377 755 4429 Stellordshire.
942 4379 1034 4438 Garde,
1052 4379 1106 4428 143.

393 4443 597 4507 ³Hawardenll).
609 4443 889 4502 SeeRoberte‚Cclend.
