3342 5217
337 339 401 401 508
547 348 780 409 monimum,
805 348 867 397 sn.
894 335 1074 410 1131111.
1099 337 1235 400 15-16.

336 526 366 591 ei
389 525 429 590 de
453 524 611 609 dampnis,
635 530 670 587 et
696 522 788 587 Prior
812 522 856 587 sit
882 524 1014 608 quietus
1040 523 1081 587 de
1107 524 1253 610 predicto
1279 524 1449 588 forinseco.

335 628 565 694 Remittuntur
579 626 722 712 dampna
735 635 795 692 etc

401 730 445 794 Et
459 729 532 794 ideo
548 736 737 814 preceptum
753 735 803 792 est
818 728 1004 793 uicecomiti
1019 730 1105 815 quod
1115 730 1156 795 de
1168 731 1263 795 terris
1273 740 1308 795 et
1320 730 1452 795 catallis

335 834 437 920 ipsius
466 832 564 897 faciat
592 830 740 896 denarios
769 838 804 895 et
833 831 883 895 illi
911 832 1015 897 Priori
1043 832 1191 899 denarios
1223 834 1296 898 illos
1325 834 1449 898 habere

337 936 441 1003 faciat.

402 1038 591 1105 Marmaduc
605 1038 645 1103 de
661 1038 813 1125 Tweioge
829 1040 927 1123 petiit
938 1062 1045 1104 coram
1060 1040 1247 1105 iusticiariis
1261 1040 1449 1104 itineranti-

266 1158 282 1187 '·
336 1146 398 1211 bus
419 1146 506 1232 apud
529 1143 729 1209 Lincolniam
750 1166 864 1208 uersus
882 1144 1059 1209 Radnllum
1074 1144 1116 1210 de
1131 1146 1165 1209 N
1167 1145 1362 1210 onnanuilla
1375 1167 1450 1208 cus-

337 1250 459 1315 todiam
482 1248 641 1313 Willelmi
666 1248 727 1312 filii
749 1257 784 1313 et
805 1248 934 1313 heredis
956 1249 1113 1313 Willelmi
1134 1248 1176 1313 de
1198 1250 1294 1313 Lund
1317 1271 1382 1334 que
1405 1249 1449 1312 ad

337 1378 412 1420 eum
427 1353 570 1440 pertinet
584 1352 710 1417 racione
725 1361 810 1417 terre
831 1374 929 1437 quam
951 1352 1114 1439 predictus
1128 1353 1314 1417 Willelmus
1336 1353 1450 1416 tenuit

336 1458 376 1523 de
391 1457 505 1523 eodem
520 1456 728 1521 Marmaduoo
746 1456 781 1519 in
801 1455 897 1519 Lund
917 1478 976 1541 per
997 1455 1171 1520 seruicium
1192 1455 1344 1533 militare,
1357 1456 1449 1520 unde

336 1561 550 1627 deterioratus
564 1560 628 1625 fuit
643 1568 704 1625 etc.

402 1665 446 1729 Et
466 1664 626 1729 Radnlfus
646 1664 739 1728 uenit
760 1672 794 1729 et
812 1663 897 1728 dixit
912 1663 1000 1749 quod
1014 1663 1161 1728 custodia
1182 1663 1225 1728 ad
1246 1686 1324 1727 eum
1346 1664 1449 1749 perti-

337 1767 411 1831 nuit
423 1788 461 1830 eo
472 1766 559 1852 quod
573 1774 788 1830 antecessores
799 1764 938 1851 predicti
947 1766 1105 1830 Willelmi
1119 1766 1253 1830 fuerunt
1268 1766 1394 1830 feoffati
1406 1765 1450 1830 de

337 1869 591 1936 antecessoribus
602 1869 704 1954 ipsius
715 1868 846 1933 Radulfi
857 1890 916 1953 per
926 1867 1098 1932 seruicinm
1114 1868 1255 1932 militare
1270 1876 1451 1953 antequam

337 1984 552 2041 antecessores
567 1972 669 2058 ipsius
677 1971 837 2036 Willclmi
851 1971 976 2037 feoffati
986 1972 1125 2036 fuissent
1135 1973 1176 2036 de
1191 1971 1451 2036 antecessoribus

337 2080 439 2166 ipsius
454 2076 654 2143 Marmaduci
669 2083 703 2139 et
718 2075 794 2141 inde
809 2075 919 2161 posuit
933 2098 968 2141 se
983 2098 1081 2162 super
1099 2075 1240 2162 patriam
1255 2083 1291 2139 et
1306 2074 1450 2139 Marma·

338 2185 401 2250 duc
415 2182 574 2248 similiter.
619 2181 663 2245 Et
683 2180 725 2246 ad
745 2180 832 2245 diem
854 2180 956 2244 istum
978 2180 1072 2245 uenit
1094 2179 1264 2265 inquisicio
1287 2202 1351 2264 que
1374 2179 1453 2243 talis

338 2294 389 2352 est
404 2286 491 2371 quod
506 2284 690 2349 Willelmus
704 2285 745 2349 de
760 2284 855 2349 Lund
871 2293 992 2349 terram
1011 2306 1105 2349 suam
1120 2284 1230 2349 tenuit
1244 2284 1281 2347 in
1295 2284 1395 2349 Lnnd
1409 2286 1451 2349 de

339 2388 484 2475 predicto
504 2388 712 2453 Marmaduco
733 2410 791 2473 per
804 2387 979 2452 semicium
994 2386 1136 2451 militare
1151 2394 1186 2451 et
1201 2385 1288 2471 quod
1302 2394 1451 2452 anteces-

339 2515 425 2557 sores
447 2492 549 2577 ipsius
563 2492 721 2557 Willelmi
744 2490 867 2555 leoffati
886 2492 1019 2554 fuerunt
1033 2488 1124 2574 prius
1137 2487 1179 2552 de
1193 2490 1452 2555 antecessoribus

340 2594 542 2661 Marmaduci
561 2617 659 2680 quam
680 2594 721 2659 de
737 2594 993 2659 antecessoribus
1007 2590 1146 2678 predicti
1160 2590 1293 2656 Radulfi
1307 2592 1350 2657 de
1365 2593 1401 2656 N
1402 2616 1453 2657 or·

339 2699 502 2764 manuilla
549 2698 593 2762 Et
607 2698 685 2783 quia
704 2699 799 2762 ambo
819 2703 998 2782 posuerunt
1019 2718 1054 2759 se
1075 2717 1173 2781 super
1193 2694 1453 2781 inquisicionem,

340 2801 589 2868 Consideratum
617 2809 667 2865 est
697 2800 783 2886 quod
814 2799 1042 2864 Marmadncus
1067 2800 1273 2885 recuperauit
1297 2801 1454 2865 seisinam

340 2930 431 2971 suam
454 2907 495 2972 de
518 2905 665 2970 custodia
686 2904 831 2969 eiusdem
854 2901 1002 2969 hercdis¹
1023 2910 1059 2967 et
1082 2902 1243 2967 Radulfus
1266 2903 1303 2966 in
1326 2904 1454 2969 miseri·

340 3010 448 3076 cordia
473 3010 551 3096 quia
572 3033 637 3074 non
660 3009 778 3074 habuit
802 3007 955 3073 heredem
981 3007 1066 3071 sicut
1091 3029 1167 3071 eum
1192 3010 1392 3095 manucepit,
1418 3020 1455 3073 et

340 3113 517 3178 satisfaciat
549 3111 758 3177 Marmaduco
784 3110 824 3176 de
851 3134 879 3175 x.
905 3110 1020 3174 marcis
1046 3117 1081 3173 et
1107 3118 1293 3175 attornatus
1318 3111 1452 3175 Radulfi

340 3217 542 3283 custodiatur
556 3216 657 3281 donec
672 3214 865 3280 satisfecerit
879 3222 940 3279 etc.
956 3221 991 3277 et
1005 3211 1107 3277 donec
1127 3212 1247 3278 habeat
1267 3212 1452 3298 predictum

340 3322 494 3388 heredem
509 3329 568 3385 etc.

406 3424 566 3489 Radulfus
581 3423 766 3509 capellanus
781 3422 821 3487 de
838 3421 1006 3508 Burgham
1025 3419 1112 3505 petit
1132 3440 1248 3483 uersus
1269 3420 1453 3485 Robertum

342 3530 382 3595 de
404 3530 437 3594 la
457 3528 553 3593 Wike
575 3527 652 3593 dim.
674 3526 785 3591 hidam
808 3535 893 3590 terre
915 3548 991 3590 cum
1012 3532 1093 3610 pert
1115 3523 1150 3587 in
1172 3524 1312 3588 Hakene
1337 3532 1377 3587 ut
1401 3523 1454 3588 ins

343 3656 436 3698 suum
461 3631 548 3697 unde
574 3631 707 3717 quidam
738 3631 881 3717 Algarus
910 3638 1093 3694 antecessor
1121 3651 1200 3693 suus
1229 3629 1294 3692 fuit
1323 3628 1456 3692 saisitus

342 3736 377 3800 in
399 3734 559 3801 dominico
577 3734 583 3822 Ι
603 3757 661 3799 suo
683 3742 722 3799 ut
743 3733 784 3798 de
807 3732 900 3798 feodo
922 3741 957 3797 et
976 3733 1047 3796 iure
1062 3740 1207 3817 tempore
1223 3731 1265 3795 H
1281 3732 1385 3819 Regis
1398 3732 1455 3796 aui

343 3848 402 3905 etc.
419 3837 574 3924 capiendo
589 3845 660 3914 etc,
675 3846 710 3902 et
730 3837 770 3901 de
792 3836 939 3922 predicto
960 3836 1081 3923 Algam
1103 3832 1271 3899 descendit
1292 3832 1346 3898 ius
1368 3843 1455 3899 terre

343 3943 431 4007 illius
465 3940 594 4005 cuidam
623 3939 764 4005 Estrilde
795 3948 833 4004 ut
863 3940 929 4003 filie
959 3947 994 4003 et
1023 3937 1143 4013 heredi,
1173 3944 1208 4001 et
1236 3936 1278 4000 de
1307 3937 1457 4023 predicta

345 4043 487 4109 Estrilda
511 4043 568 4108 isti
593 4042 733 4107 Radullo
759 4051 798 4107 ut
825 4042 891 4106 filio
917 4041 1095 4119 etheredi,
1119 4048 1154 4105 et
1177 4040 1264 4126 quod
1287 4040 1457 4125 predictus

344 4148 484 4234 Algarus
499 4145 547 4210 ita
562 4144 626 4210 suit
640 4143 770 4211 saisitus
785 4153 819 4211 et
834 4144 920 4231 quod
935 4145 1001 4209 tale
1016 4144 1061 4208 sit
1074 4144 1125 4208 ius
1140 4164 1237 4208 suum
1251 4143 1347 4207 offert
1362 4152 1423 4208 etc

377 4300 386 4332 ¹
405 4300 452 4350 See
473 4300 517 4349 Br.
541 4300 559 4349 l.
583 4302 622 4357 87,
641 4314 670 4349 as
687 4304 714 4349 to
731 4297 860 4361 wardship
877 4298 951 4347 when
969 4296 1041 4347 there
1058 4312 1100 4346 are
1122 4294 1198 4345 landa
1219 4294 1281 4343 held
1303 4294 1333 4343 cf
1354 4294 1455 4344 several

345 4365 423 4416 lords.
453 4363 517 4414 This
528 4379 586 4414 case
598 4365 621 4413 is
632 4365 698 4413 Fitz.
713 4366 804 4421 Gor-de,
819 4365 874 4412 144.
