3342 5217
498 365 637 435 erema,
659 372 723 424 xn.
749 361 843 439 1131,
864 336 926 427 ru.
953 366 1000 429 1e
1236 370 1298 433 119

191 550 263 608 tum
284 543 454 610 uadiatum
475 551 511 609 et
530 566 717 630 percussum
739 546 806 611 fnit
826 546 913 613 inter
933 570 988 613 eoe
1005 548 1040 613 in
1064 546 1178 616 cadem
1201 552 1299 630 curia,

191 656 226 711 61
240 647 289 713 ita
302 648 389 734 quod
403 648 590 714 Alexander
603 656 699 735 pater
711 672 790 715 suus
809 653 1015 737 recuperauit
1034 654 1186 720 eeieinam
1205 678 1297 721 snam

87 816 98 831 .
190 750 232 815 de
254 751 368 817 ecdem
383 752 476 818 feodo
497 774 557 839 per
573 753 672 819 linem
693 755 804 831 duelli,
820 764 856 821 et
877 756 964 823 unde
987 758 1068 824 dicit
1089 759 1176 847 quod
1197 757 1298 827 nichil

190 854 384 921 descendere
397 864 507 944 potest
521 858 682 923 Beatricie
696 880 757 923 nec
771 858 878 924 eidem
893 861 917 925 J
917 860 1045 927 channi

256 955 301 1019 Et
336 957 503 1041 Johannee
538 956 632 1022 uenit
662 966 698 1023 et
725 958 809 1023 bene
840 959 989 1025 concedit
1017 961 1103 1047 quod
1133 962 1299 1049 predictus

189 1056 376 1125 Alexander
395 1062 445 1127 ita
469 1062 674 1147 recuperauit
695 1062 848 1127 neieinam
870 1086 963 1129 enam
985 1086 1044 1150 per
1065 1066 1163 1132 finem
1187 1067 1297 1145 duelli,

189 1161 246 1227 sed
274 1171 447 1250 postquam
475 1165 566 1230 illam
595 1165 809 1252 recuperauit,
833 1168 928 1232 uenit
957 1167 1044 1234 idem
1075 1170 1238 1235 Rcbertus
1263 1178 1298 1236 et

189 1265 270 1330 emit
295 1273 415 1331 terram
441 1267 532 1333 illam
557 1267 600 1333 de
623 1268 770 1354 predicte
792 1264 979 1335 Alexandro
1003 1293 1063 1357 pro
1088 1272 1178 1358 xliiij.
1202 1296 1296 1338 marc.

188 1376 224 1434 et
238 1370 302 1436 fuit
323 1371 399 1437 inde
421 1372 456 1437 in
477 1372 595 1438 neieina
616 1394 676 1459 per
695 1396 746 1438 xx.
769 1394 880 1451 annos,
902 1381 937 1438 et
958 1381 1072 1459 penten
1093 1375 1184 1440 illam
1206 1376 1298 1441 dedit

188 1472 276 1538 idem
290 1474 452 1540 Robertun
467 1476 627 1541 Beatricie
642 1475 709 1540 filie
723 1497 782 1539 sue
796 1474 839 1540 ad
853 1496 889 1540 ne
903 1473 1076 1541 maritand'
1091 1483 1126 1541 et
1148 1476 1219 1563 ipsa
1233 1478 1297 1542 fnit

189 1576 224 1641 in
244 1577 364 1643 neieina
377 1602 435 1666 per
456 1579 589 1665 longum
611 1587 750 1666 tempus,
764 1579 866 1644 donec
888 1578 976 1645 idem
998 1578 1184 1645 Alexander
1204 1588 1304 1665 pater

188 1679 289 1766 ipsius
304 1682 482 1748 Alexandri
496 1683 586 1749 illam
600 1683 807 1769 recuperauit
821 1705 935 1749 uersus
949 1684 1086 1750 eandem
1101 1684 1295 1749 Beatriciam

188 1784 336 1851 incuria
355 1787 496 1852 Abbatin
525 1787 559 1853 S.
582 1786 769 1852 Eadmundi
797 1809 856 1873 per
884 1787 1047 1865 defaltum,
1070 1796 1105 1853 et
1133 1788 1182 1852 ita
1210 1788 1295 1873 petit
1358 1836 1361 1843 -

188 1890 229 1956 de
266 1890 386 1957 neieina
412 1891 558 1978 predicte
588 1890 753 1956 Beatricie
761 1889 780 1957 ¹.
825 1890 1027 1976 Perqnieitun
1056 1912 1120 1975 quc
1149 1898 1294 1977 tempore

187 2013 374 2077 percussum
396 1994 461 2059 fuit
482 1994 637 2071 duellum,
658 1994 849 2079 dicitquod
870 2001 1015 2079 tempore
1038 1992 1172 2058 Henrici
1194 1994 1295 2082 Regin

187 2094 250 2160 aui
296 2096 340 2161 Et
353 2097 501 2183 quesitus
522 2119 587 2183 quo
608 2105 754 2183 tempore
776 2095 865 2160 idem
886 2095 1049 2161 Rcbertue
1071 2095 1152 2160 emit
1174 2102 1294 2159 terram

186 2196 277 2264 illam
312 2207 387 2285 pont
422 2200 578 2277 duellum,
615 2199 696 2264 dicit
736 2198 824 2284 quod
859 2206 1005 2284 tempore
1044 2197 1147 2283 ipsius
1184 2198 1292 2285 Regin.

185 2300 341 2381 Quenitus
368 2302 470 2367 eciam
499 2325 565 2388 quo
593 2309 739 2387 tempore
767 2301 847 2366 data
875 2300 940 2366 fuit
969 2300 1138 2378 Beatricie,
1164 2308 1199 2365 61
1228 2323 1293 2387 quo

186 2411 331 2490 tempore
345 2404 417 2491 ipsa
430 2404 520 2470 illam
534 2404 652 2482 amisit,
667 2402 748 2468 dicit
762 2401 849 2489 quod
863 2409 1010 2489 tempore
1024 2402 1169 2468 eiusdem
1184 2402 1291 2490 Regin.

251 2506 369 2572 Poetea
391 2508 486 2571 uenit
511 2515 546 2572 et
569 2505 691 2572 dedicit
715 2505 801 2592 qnod
824 2505 990 2592 predictus
1019 2505 1205 2571 Alexander
1227 2526 1292 2570 non

185 2610 337 2676 uendidit
372 2632 445 2676 eam
483 2610 628 2696 predicto
664 2609 816 2688 Rcbertc,
846 2617 897 2674 eet
933 2606 1073 2695 quedam
1110 2608 1214 2674 Matil’
1250 2609 1292 2674 de

187 2709 375 2796 Sapertcna,
397 2720 432 2777 61
454 2712 532 2799 quia
551 2712 601 2778 ita
621 2712 733 2777 uarius
754 2720 805 2778 est
826 2711 862 2775 in
883 2710 972 2776 dicto
993 2733 1060 2789 eno,
1087 2732 1147 2776 nec
1168 2710 1292 2798 aliquid

185 2814 328 2880 ostendit
356 2823 480 2880 cartam
508 2837 569 2882 nec
597 2815 688 2880 aliud
716 2813 803 2901 quod
832 2820 920 2878 terra
942 2813 1000 2877 illa
1022 2813 1101 2879 data
1126 2822 1216 2879 eseet'
1237 2815 1290 2880 uel

185 2915 321 2982 uendite
334 2916 397 3003 ipsi
407 2916 559 2994 Rcbertc,
570 2925 605 2982 et
619 2916 697 3003 quia
710 2914 897 2982 Alexander
910 2913 992 2979 dicit
1006 2914 1093 3000 quud
1106 2914 1293 2980 Alexander

184 3026 279 3103 pater
306 3040 385 3085 suun
407 3042 576 3106 nunquam
600 3020 706 3085 exiuit
729 3042 750 3084 a
772 3019 891 3084 neieina
914 3027 965 3084 eet
987 3018 1070 3083 obiit
1095 3017 1232 3095 saisitus,
1257 3025 1292 3082 61

184 3122 255 3209 ipee
283 3146 410 3212 semper
437 3132 511 3210 pont
540 3146 616 3189 eum
639 3124 704 3189 fuit
729 3125 764 3189 in
790 3123 910 3189 neieina
932 3122 1094 3201 continue,
1119 3144 1178 3187 nec
1203 3118 1291 3186 idem

183 3226 351 3293 «lohannes
368 3224 374 3315 Ι
394 3227 518 3313 aliquid
532 3226 677 3293 ostendit
690 3227 727 3292 in
748 3227 955 3303 contrarium,
971 3224 1218 3293 Ocneideratum
1240 3232 1291 3290 eet

184 3330 272 3417 quod
290 3329 475 3396 Alexander
497 3330 574 3396 inde
593 3331 664 3397 eine
682 3330 745 3409 die,
763 3338 799 3397 et
820 3331 987 3397 «lohannes
1010 3330 1045 3395 in
1068 3328 1290 3397 misericordia.
1404 3372 1407 3377 -

184 3434 285 3499 finem
298 3434 379 3501 fecit
392 3456 452 3521 per
465 3458 565 3501 unam
579 3458 730 3514 marcam,
745 3435 788 3521 pl'
803 3442 862 3500 etc

128 3579 136 3595 ·
251 3536 414 3603 Oristiem
436 3559 500 3625 qne
523 3538 588 3603 fuit
609 3561 691 3603 uxor
711 3537 844 3603 Radnlfi
867 3537 908 3602 de
934 3537 966 3603 S,
992 3534 1184 3601 Eadmundo
1206 3534 1293 3620 petit
1408 3582 1413 3593 .

185 3663 299 3708 uersus
316 3643 511 3731 Margeriam
534 3642 687 3730 Pudding
706 3641 841 3707 terciam
864 3648 991 3726 partem
1010 3638 1086 3704 dim.
1105 3638 1185 3724 uirg.
1207 3644 1292 3702 terre

186 3766 261 3811 cnm
286 3754 368 3833 pert
391 3747 427 3811 in
451 3746 606 3824 Thinhou,
628 3753 667 3811 ut
690 3746 801 3811 dotem
825 3766 919 3810 nuam
942 3751 1001 3809 etc
1026 3750 1062 3807 et
1083 3741 1170 3806 unde
1197 3749 1293 3806 uocat

184 3849 227 3914 ad
255 3859 436 3916 warantum
465 3851 662 3938 Magistrum
691 3849 838 3915 Militum
871 3847 1000 3933 Templi
1034 3846 1070 3911 in
1098 3844 1229 3932 Anglia,
1259 3850 1294 3908 61

185 3952 243 4039 qui
263 3954 358 4019 uenit
377 3962 412 4019 et
431 3961 528 4019 uocat
546 3954 589 4019 ad
608 3960 789 4019 warantum
811 3950 888 4017 inde
913 3950 1044 4017 Oliuam
1065 3956 1100 4013 et
1123 3946 1295 4013 Sabrinam

185 4068 307 4122 nerones
321 4064 357 4122 et
371 4056 506 4123 heredes
519 4057 659 4145 predicti
673 4056 804 4123 Radulli
819 4064 879 4122 etc.

252 4158 297 4222 Et
318 4158 417 4225 Olina
439 4159 534 4225 uenit
558 4168 594 4226 et
616 4158 698 4225 dicit
722 4158 810 4245 qnod
838 4156 1002 4223 hereditas
1030 4154 1133 4242 ipsius
1161 4153 1292 4219 Radulll

185 4262 309 4348 partite
322 4262 406 4329 fuit¹
419 4287 558 4330 sororem
572 4286 675 4343 suam,
691 4272 726 4329 et
740 4262 827 4350 quud
842 4262 914 4349 ipea
933 4260 1050 4326 habuit
1072 4259 1292 4339 medietatem,

349 4390 526 4455 ¹ll0etopin
536 4390 593 4443 118.
788 4390 1086 4454 'Supplyiateripncm
1097 4396 1129 4438 et.

1099 4492 1205 4553 42-2
