3342 5217
382 173 436 213 eos
450 150 492 214 cd
507 148 664 235 placitum
680 146 720 211 de
736 169 809 211 xxx.
824 144 941 209 marcis
961 166 1019 229 per
1038 144 1124 229 quod
1146 144 1332 211 deteriorati
1355 156 1433 211 sunt
1455 150 1493 208 et

381 254 560 340 dampnum
575 252 698 317 habent
719 252 761 316 ad
781 250 963 315 uolencicm
982 272 1032 314 xx.
1057 271 1238 315 marcarum
1261 258 1297 315 et
1318 250 1393 315 inde
1417 272 1486 335 pro

381 357 472 423 ducit
490 364 620 422 sectam.
640 354 645 441 Ι

447 461 490 525 Et
516 459 702 525 Gilebertus
728 456 821 523 uenit
844 466 879 521 et
900 456 980 521 dicit
1003 456 1091 543 quod
1113 457 1231 523 catullo
1255 458 1313 523 illa
1340 468 1418 522 sunt
1447 457 1487 521 de

381 571 578 629 testamento
592 563 670 649 quia
685 562 808 649 Symon
822 570 917 648 peter
936 583 1013 626 suus
1034 569 1069 625 et
1090 582 1173 625 auus
1192 560 1295 647 ipsius
1319 560 1489 625 Matillidis

381 666 506 753 legauit
528 665 559 731 ei
581 666 616 729 in
638 663 792 730 extremis
814 686 886 729 xxx.
911 684 1042 740 marcas,
1057 670 1092 727 et
1115 663 1278 749 cognoscit
1300 664 1386 750 quod
1408 664 1490 729 obiit

381 771 492 857 xxxiij.
514 771 610 835 annis
626 768 752 855 elapsis,
772 776 807 831 et
827 766 975 833 defendit
997 767 1084 852 quod
1106 776 1219 833 contra
1234 766 1489 853 prohibicionem

381 882 442 939 etc.

339 1010 341 1013 ·
446 978 492 1042 Et
506 977 668 1043 Robertus
682 984 717 1040 et
733 974 869 1038 Metillis
884 972 1023 1038 ueniunt
1045 981 1080 1037 et
1094 972 1209 1037 dicunt
1223 972 1310 1059 quod
1324 974 1490 1059 prodictus

380 1080 505 1167 Symon
519 1103 601 1145 auus
616 1079 698 1144 obiit
717 1077 828 1163 xxxiij.
849 1076 943 1142 annis
965 1076 1083 1162 elapsis
1104 1084 1139 1139 et
1160 1083 1348 1141 executores
1368 1078 1490 1141 mortui

381 1193 467 1262 sunt,
489 1193 524 1249 et
546 1191 619 1270 post
641 1182 824 1268 predictum
849 1180 984 1267 Symon¹
1008 1180 1131 1266 Symon
1153 1181 1241 1246 filius
1263 1203 1340 1246 suus
1362 1182 1489 1247 heredi-

383 1299 488 1353 tatem
507 1288 676 1372 patrissui
696 1287 805 1351 tenuit
819 1308 879 1371 per
893 1309 923 1351 x.
939 1308 1040 1350 annos
1060 1292 1094 1350 et
1114 1285 1215 1350 nichil
1229 1286 1329 1372 peciit
1343 1286 1386 1351 ab
1401 1305 1440 1351 eo
1454 1286 1488 1351 in

382 1399 453 1454 tots
466 1391 538 1454 uita
551 1412 619 1465 suc,
639 1398 673 1452 et
693 1395 767 1473 post
785 1409 861 1451 eum
882 1386 992 1451 tenuit
1015 1386 1086 1472 ipsa
1109 1386 1245 1451 Matillis
1267 1410 1324 1473 per
1345 1388 1489 1452 multum

381 1502 511 1579 tempus
546 1500 722 1576 antequam
757 1489 828 1575 ipsc
860 1489 999 1553 nuberet
1033 1510 1067 1552 se
1097 1488 1242 1573 predicto
1271 1489 1422 1563 Roberto.
1453 1500 1488 1555 et

380 1605 500 1681 petunt
528 1594 685 1660 iudicium
720 1592 748 1656 si
784 1591 928 1656 debeant
961 1590 992 1655 ei
1026 1590 1219 1676 respondere
1255 1591 1381 1657 desicut
1416 1592 1489 1679 ipss

380 1698 517 1762 Motillis
539 1719 605 1761 non
628 1704 678 1761 est
705 1696 798 1760 heres
819 1694 938 1781 ipsius'
960 1694 1111 1780 Symonis
1132 1694 1196 1771 aui,
1218 1714 1277 1759 nec
1299 1695 1423 1782 aliquid
1445 1698 1489 1765 ad

379 1826 452 1868 eam
466 1802 618 1888 peruenit
632 1802 673 1867 de
688 1801 781 1866 bonis
801 1801 857 1866 sui
876 1800 927 1865 sui
948 1808 1009 1865 etc.
1054 1800 1098 1863 Et
1120 1800 1199 1885 quis
1220 1800 1407 1866 Gilebertus
1427 1801 1488 1866 hoc

379 1906 551 1991 cognoscit,
579 1914 614 1971 et
631 1906 703 1970 .hoc
739 1928 805 1969 non
834 1911 943 1991 potest
972 1902 1129 1981 dedicere,
1159 1903 1408 1971 consideratum
1437 1916 1489 1973 est

379 2008 465 2094 quod
480 2009 521 2073 ab
538 2032 575 2073 eo
590 2009 695 2094 quieti
714 2016 749 2073 et
768 2007 856 2093 quod
874 2007 943 2093 ipse
966 2029 1030 2071 non
1053 2014 1161 2091 potest
1178 2008 1270 2094 sequi
1287 2031 1402 2075 uersus
1425 2033 1490 2083 eos,

379 2120 414 2174 et
428 2112 496 2197 ipse
513 2112 700 2176 Gilebertus
713 2109 921 2175 custodiatur.

285 2240 297 2253 ·
323 2284 329 2298 ,
443 2215 610 2280 Johannes
625 2216 665 2280 de
680 2216 791 2301 Burgo
805 2222 841 2278 et
857 2215 1010 2300 stysic
1024 2236 1106 2281 uxor
1122 2216 1193 2281 eius
1211 2238 1268 2301 per
1284 2226 1490 2285 attornctum

264 2346 292 2373 un
379 2316 481 2402 ipsius
510 2316 662 2402 stysie
685 2323 805 2402 petunt
827 2338 941 2381 uersus
963 2316 1165 2382 Willolmum
1186 2319 1228 2383 de
1250 2318 1342 2384 Bello
1365 2320 1491 2407 Campo

379 2422 558 2487 custodiam
573 2421 759 2487 medietatis
774 2422 852 2487 uille
867 2421 909 2487 de
929 2422 1133 2488 Hemertonc
1152 2445 1227 2487 cum
1245 2432 1326 2509 pert.
1342 2426 1490 2512 exceptis

379 2524 593 2589 aduocacioue
623 2525 755 2589 ecclesie
785 2525 931 2590 eiusdem
958 2525 1037 2589 uille
1059 2533 1094 2589 et
1116 2524 1243 2590 duobus
1264 2547 1325 2592 cer.
1348 2534 1434 2593 terre
1457 2540 1492 2593 et

315 2689 319 2695 .
379 2629 454 2693 dim.
470 2652 534 2715 que
549 2630 591 2695 ad
612 2652 667 2694 eos
687 2629 873 2694 Johcnnem
891 2642 925 2694 et
945 2629 1132 2715 Howysism
1155 2629 1322 2716 pertinent
1341 2653 1381 2695 eo
1402 2633 1489 2717 quod

378 2734 544 2798 Johannes
570 2733 611 2798 de
635 2734 728 2799 Bello
752 2734 876 2820 Campo
904 2733 990 2797 filius
1018 2733 1122 2819 ipsius
1147 2732 1304 2799 Willelmi
1330 2743 1365 2799 et
1395 2735 1490 2801 heres

379 2837 528 2901 Gonnore
558 2836 721 2923 quondam
750 2836 860 2899 uxoris
889 2835 991 2923 ipsius
1021 2835 1178 2901 Willelmi
1200 2858 1258 2921 per
1280 2858 1378 2922 quem
1401 2837 1490 2903 idem

379 2941 562 3007 Willelmus
591 2941 708 3005 habuit
730 2941 867 3006 eandem
890 2939 1070 3005 custodiam
1093 2939 1183 3017 obiit,
1205 2940 1298 3005 cuius
1319 2940 1414 3007 heres
1440 2954 1492 3009 est

378 3044 463 3109 infra
475 3054 599 3109 etatem
614 3054 649 3109 et
663 3054 784 3110 terram
798 3044 889 3110 illam
901 3044 941 3110 de
954 3045 1001 3110 eis
1012 3052 1123 3110 tenere
1133 3044 1233 3111 debet
1245 3068 1303 3131 per
1313 3046 1490 3113 scmicium

378 3147 519 3212 mititare
534 3157 573 3212 ut
587 3148 650 3234 ipsi
664 3147 687 3212 J
688 3148 831 3212 ohannes
847 3156 881 3211 et
896 3146 1050 3232 chysic
1064 3146 1179 3211 dicunt
1194 3154 1253 3212 etc.

283 3279 296 3293 ·
322 3326 328 3339 ι
442 3254 557 3339 Agnes
575 3275 638 3339 que
660 3254 724 3317 fuit
746 3274 829 3317 uxor
852 3253 987 3317 chrioi
1009 3251 1050 3317 de
1074 3252 1245 3317 Dckehcm
1267 3252 1353 3338 petit
1375 3276 1492 3322 uersus

379 3355 586 3421 Abbatisscm
613 3355 654 3419 de
680 3354 844 3441 Berkinge
874 3356 960 3441 quod
989 3356 1104 3420 reddat
1133 3356 1164 3421 ei
1193 3356 1372 3421 custodiam
1404 3366 1491 3424 terre

379 3459 481 3545 ipsius
505 3460 640 3523 Henrici
663 3460 704 3524 de
729 3458 910 3524 Daleham⁸
932 3468 966 3524 et
989 3459 1023 3524 iu
1047 3460 1210 3549 Berkinge
1233 3483 1296 3547 que
1317 3460 1359 3526 ed
1384 3462 1489 3548 ipsum

378 3564 521 3650 pertinet
551 3587 589 3629 eo
618 3564 705 3650 quod
739 3564 904 3650 predictus
942 3565 1104 3629 Henricus
1141 3564 1250 3630 tenuit
1278 3564 1313 3629 in
1342 3566 1490 3653 soccsgio

379 3665 557 3752 predictam
585 3676 713 3743 terram,
739 3675 774 3731 ct
800 3668 887 3733 unde
913 3667 993 3733 dicit
1018 3667 1104 3755 quod
1134 3668 1299 3755 predictus
1325 3668 1490 3734 Henricus

378 3772 427 3835 ite
448 3772 557 3837 tenuit
579 3771 741 3858 quondam
765 3780 883 3837 terrem
907 3794 999 3837 suem
1023 3773 1063 3838 de
1086 3772 1232 3858 predicte
1254 3772 1432 3838 Abbatissa
1455 3774 1488 3837 in

412 3932 420 3963 ¹
438 3932 510 3981 corr.
523 3934 660 3994 symonem.
958 3933 981 3983 is
993 3936 1041 3983 not
1050 3930 1107 3982 heir
1117 3931 1166 3981 bnt
1177 3930 1255 3982 heir’s
1266 3930 1330 3981 heir.

412 3998 518 4059 'ipatus
530 3997 616 4047 interl.
628 3997 661 4060 by
670 4000 817 4049 annotator.
854 3998 906 4049 She
989 3998 1087 4049 'Corn
1101 3998 1242 4049 Dotetam.
1275 3996 1455 4059 Demenhnm.
