3342 5217
368 429 431 496 268
664 438 804 500 armar,
827 438 892 487 111.
917 425 1097 500 12211111
1123 426 1172 488 13.

367 609 491 687 hahuit,
521 617 572 674 set
601 608 775 695 inquirent.
835 609 880 673 Et
909 608 983 673 ideo
1010 609 1038 674 si
1067 631 1149 695 opus
1178 608 1277 672 fuerit
1307 607 1364 672 fiat
1393 608 1471 672 inde

366 713 543 800 inquisicio.
1224 782 1228 795 ,

432 817 557 882 ¹Assisa
577 815 671 881 uenit
693 815 900 902 recognitura
921 816 994 901 quia
1015 815 1193 880 aduocatus
1215 824 1362 902 tempore
1383 815 1473 901 pacis

366 918 568 1006 presentauit
583 918 733 983 ultimam
752 940 922 1003 personam
942 941 1006 1005 que
1026 927 1157 984 mortua
1176 927 1227 984 est
1241 919 1283 984 ad
1305 918 1472 984 ecclesiam

367 1023 408 1088 de
438 1022 627 1108 Haregraue
654 1043 716 1106 que
739 1028 845 1098 uacat,
867 1020 960 1086 cuius
981 1021 1230 1086 aduocacionem
1252 1021 1410 1086 Ricardus
1430 1020 1472 1084 de

367 1126 541 1212 Desebing'
564 1126 684 1190 clamat
714 1147 827 1190 uersus
851 1125 994 1190 Priorem
1017 1126 1199 1212 Hospitalis
1221 1126 1413 1191 Jemsolime
1437 1125 1472 1188 in

367 1231 488 1318 Anglia
514 1229 570 1315 qui
594 1229 688 1293 uenit
711 1252 769 1315 per
794 1237 996 1294 attomatum
1022 1253 1119 1295 suum
1142 1240 1177 1295 et
1205 1230 1361 1317 cognouit
1387 1227 1473 1315 quod

367 1335 500 1421 quidam
509 1335 608 1399 frater
619 1334 659 1399 de
672 1335 874 1399 Melkesham
886 1335 1065 1420 appellauit
1077 1343 1189 1400 contra
1199 1335 1473 1421 presentationem

368 1438 470 1524 ipsius
493 1436 624 1501 Ricardi
647 1459 712 1500 non
735 1437 866 1501 nomine
891 1437 1019 1514 Prioris,
1042 1445 1093 1502 set
1121 1437 1290 1503 cuiusdam
1313 1436 1475 1504 Johannis

368 1545 500 1608 Bauzan
515 1542 571 1628 qui
586 1549 636 1606 est
656 1540 740 1606 infra
759 1549 883 1606 etatem
903 1543 994 1607 etin
1016 1543 1147 1606 consilio
1169 1543 1272 1628 ipsius
1294 1543 1420 1619 Prioris,
1439 1550 1474 1606 et

367 1647 437 1733 ipse
461 1669 526 1711 non
550 1647 606 1710 wit
632 1645 798 1731 impedire,
824 1654 875 1711 set
899 1669 963 1711 non
987 1646 1151 1733 cognoscit
1174 1647 1262 1733 quod
1291 1655 1475 1711 antecessor

367 1750 469 1836 ipsius
495 1748 626 1813 Ricardi
652 1771 819 1835 nunquam
841 1757 1059 1835 presentasset
1080 1771 1250 1835 personam
1274 1749 1316 1814 ad
1337 1749 1474 1814 eandem

368 1851 541 1918 ecclesiam.
587 1852 632 1915 Et
653 1849 678 1917 J
679 1851 821 1916 ohannes
841 1873 973 1936 presens
994 1860 1045 1916 est
1069 1860 1104 1916 et
1119 1861 1169 1916 est
1189 1852 1274 1916 inim
1288 1859 1420 1928 etatem,
1440 1860 1475 1915 et

368 1955 558 2042 dicitquod
584 1956 782 2042 presentatio
808 1955 851 2020 ad
879 1979 955 2020 eum
985 1955 1136 2042 pertinet,
1166 1965 1201 2020 et
1223 1955 1296 2020 ideo
1322 1955 1475 2042 procedat

369 2080 474 2124 assisa.

434 2161 479 2224 Et
502 2160 659 2224 iuratores
682 2159 797 2224 dicunt
820 2159 909 2245 quod
937 2159 1070 2245 quidam
1100 2161 1247 2249 Rogerus
1278 2161 1477 2226 Constantin

368 2261 571 2349 presentauit
595 2259 757 2347 quendam
780 2261 938 2326 Thomam
961 2262 1018 2348 qui
1040 2263 1157 2327 ultimo
1179 2263 1263 2327 obiit
1284 2285 1421 2349 persona
1441 2263 1477 2327 in

370 2365 484 2431 eadem
499 2365 633 2430 ecelesia
647 2373 682 2430 et
697 2366 753 2451 qui
768 2365 810 2430 ad
825 2367 1102 2452 presentes-ionem
1117 2390 1209 2432 suam
1229 2368 1294 2432 fuit
1308 2368 1478 2434 admissus

371 2471 415 2534 Et
438 2469 558 2556 quesiti
584 2468 656 2554 quis
680 2469 723 2532 sit
748 2468 841 2533 heres
866 2469 968 2554 ipsius
990 2470 1119 2557 Regem,
1140 2470 1256 2536 dicunt
1277 2471 1363 2558 quod
1387 2471 1475 2536 idem

371 2575 519 2660 Rogems
540 2572 657 2637 habuit
680 2595 784 2637 unum
806 2573 912 2637 filium
934 2573 1137 2638 Willelmum
1159 2575 1298 2653 nomine,
1327 2583 1362 2640 et
1388 2575 1476 2640 idem

371 2677 555 2742 Willelmus
570 2676 687 2741 habuit
700 2700 804 2742 unum
820 2678 926 2742 filium
944 2679 1118 2766 Rogerum,
1135 2687 1169 2744 et
1184 2702 1285 2744 unam
1298 2679 1475 2744 'Amiciam

372 2780 512 2856 nomine,
527 2787 561 2843 et
576 2779 664 2844 idem
679 2778 824 2865 Rogems
840 2781 922 2845 obiit
937 2781 1006 2846 sine
1022 2781 1140 2847 herede
1155 2781 1196 2847 de
1211 2804 1245 2847 se
1261 2791 1296 2847 et
1309 2781 1477 2847 descendit

372 2885 534 2949 hereditas
549 2883 675 2948 Amieie
695 2885 794 2949 sorori
814 2907 871 2950 sue
891 2908 953 2972 que
976 2887 1040 2951 fuit
1058 2910 1139 2951 uxor
1160 2886 1292 2952 Ricardi
1312 2887 1353 2952 de
1375 2887 1476 2950 Dare·-

371 2990 475 3076 burgo
505 2989 602 3054 etde
633 3011 697 3075 qua
726 2989 826 3053 hahet
855 3011 978 3075 pueros
1024 2990 1068 3053 Et
1097 2990 1212 3055 dicunt
1234 2989 1321 3077 quod
1349 2990 1479 3055 Amicia

373 3093 489 3157 habuit
517 3091 733 3155 hereditatem
762 3092 902 3176 predicti
930 3092 1058 3178 Rogeri‚
1087 3100 1122 3156 et
1151 3115 1265 3157 reuera
1291 3092 1478 3157 Wiilelmus

373 3197 459 3262 filius
481 3195 600 3282 Rogeri
619 3195 769 3259 uendidit
792 3203 913 3259 terram
934 3195 975 3260 de
998 3196 1188 3282 Haregraue
1210 3196 1339 3261 cuidam
1361 3196 1477 3260 Frum-

372 3300 469 3365 haldo
492 3299 667 3364 tenendam
690 3299 730 3364 de
753 3299 875 3365 eodem.
920 3301 963 3364 Et
985 3300 1063 3386 quia
1084 3300 1171 3364 idem
1193 3299 1352 3364 Ricardus
1377 3299 1479 3363 habet

374 3403 589 3468 hereditatem
604 3402 711 3467 uxoris
726 3425 783 3467 sue
799 3411 833 3467 et
849 3402 977 3467 heredis
991 3403 1093 3489 ipsius
1104 3403 1212 3467 uxoris
1226 3425 1284 3468 sue
1299 3403 1478 3468 secundum

374 3507 641 3574 consuetudinem
671 3509 771 3592 regni,
798 3507 1046 3573 Consideratum
1069 3516 1120 3571 est
1142 3507 1228 3593 quod
1249 3507 1407 3571 Ricardus
1428 3529 1479 3571 re-

374 3613 543 3698 cuperauit
572 3613 722 3677 saisinam
752 3613 792 3677 de
822 3612 969 3698 predicta
996 3612 1209 3676 aduocacione
1246 3612 1373 3676 racione
1404 3633 1479 3698 pre·

375 3718 535 3783 dictorum
558 3715 714 3780 heredum
741 3723 775 3779 ot
805 3715 897 3779 Prior
925 3715 960 3778 in
988 3714 1231 3782 misericordia⁸.
1276 3714 1479 3779 Perdonatur

376 3821 453 3907 quia
486 3841 552 3884 non
587 3819 793 3904 inplacitauit
829 3819 959 3883 nomine
996 3841 1055 3883 suo
1091 3827 1142 3883 set
1174 3817 1305 3883 nomine
1340 3817 1480 3903 predicti
1546 3834 1551 3838 ·

376 3923 542 3990 Johannis.

442 4029 535 4094 ‘Dies
550 4028 646 4093 datus
661 4035 711 4092 est
727 4027 907 4114 Reginaldo
928 4027 968 4092 de
990 4024 1278 4091 Kalmundesdena
1299 4032 1334 4089 et
1355 4025 1482 4110 Agneti

410 4195 551 4247 1Α.111.9.
951 4193 1191 4256 butonlyaquaro
1201 4189 1317 4254 impedit.

410 4263 421 4295 ²
438 4262 634 4325 Supplyfiliom,
648 4259 678 4308 A.
985 4260 996 4292 ⁴
1011 4259 1042 4307 A.
1052 4274 1087 4307 m.
1095 4261 1120 4310 9.
1143 4257 1238 4319 Gopied
1249 4255 1336 4319 hythe
1347 4253 1482 4304 1111111ιηὶ-

410 4327 558 4385 ³Bracton,
593 4325 612 4373 f.
639 4325 695 4386 244,
721 4321 811 4373 thinks
843 4323 902 4374 that
952 4321 1260 4386 oalcopyistbeeausetho
1268 4319 1394 4382 marginal
1403 4321 1484 4370 mark

379 4395 472 4444 tonant
483 4391 516 4452 by
527 4390 572 4440 the
588 4393 689 4451 curtesy
700 4403 748 4438 can
759 4391 807 4439 not
827 4389 903 4450 bring
952 4389 1054 4450 against
1065 4388 1110 4440 the
1119 4388 1172 4439 last
1183 4401 1242 4438 oasa
1250 4391 1343 4437 wenta
1354 4385 1424 4435 little
1434 4388 1483 4435 too

379 4460 424 4510 tho
443 4455 526 4508 assiae
545 4456 573 4505 of
590 4453 690 4504 darrein
716 4457 901 4518 presentment,
953 4454 1001 4504 sar.
