3342 5217
490 365 629 427 nisius,
650 363 714 413 sn.
739 349 834 427 1231,
856 365 920 414 sn„
945 352 994 412 15.
1226 346 1289 408 405

192 557 285 620 quum
311 535 379 621 ipse
403 536 565 601 Henricus
589 535 630 602 cd
652 533 928 621 presentocionem
950 533 1052 619 ipsius
1075 533 1217 600 Hawisie
1243 534 1292 600 its

191 638 251 703 fnit
272 638 431 704 admissus
453 638 544 704 dedit
565 638 638 724 ipso
657 637 905 704 aduocacionem
927 637 1016 703 illius
1034 637 1166 703 ecclesie
1181 638 1242 703 deo
1256 648 1291 703 et
1411 650 1413 654 '

191 741 319 808 ecclesie
334 743 374 809 de
396 743 520 830 Ouwyk
540 749 575 807 et
594 742 758 808 monachis
780 750 840 808 etc.
856 764 914 829 per
934 750 1057 807 certem
1079 765 1171 807 suem
1193 765 1291 829 quem

190 847 307 932 profert
321 856 356 912 et
371 869 434 934 que
455 855 596 912 testatur
616 846 703 932 quod
724 846 839 911 endem
861 845 1005 910 stisis
1026 845 1118 910 dedit
1139 844 1292 932 predictis

190 949 351 1014 monachis
374 949 553 1036 predictam
576 943 742 1014 ecclesium
764 946 799 1011 in
821 970 936 1034 puram
962 956 1033 1025 etc,
1054 956 1090 1013 et
1109 948 1197 1013 unde
1221 949 1292 1034 ipse

189 1053 272 1138 petit
288 1053 439 1118 seisinem
459 1053 595 1118 eandem
615 1074 713 1139 quem
728 1052 799 1138 ipss
814 1051 960 1116 stieie
972 1051 1108 1117 heberet
1121 1052 1150 1118 si
1163 1052 1292 1118 uiueret

190 1179 261 1221 cum
276 1158 396 1223 habeat
411 1157 498 1222 idem
513 1155 571 1222 ius

253 1260 297 1324 Et
318 1261 485 1326 «Iohannes
505 1283 564 1346 per
584 1266 786 1325 attornutum
810 1280 906 1323 suum
931 1257 1025 1323 uenit
1047 1267 1083 1323 et
1105 1259 1185 1324 dicit
1207 1258 1294 1346 quod

189 1361 349 1427 Robertus
371 1362 412 1427 de
435 1363 602 1448 Ourtensy
617 1362 779 1449 quondum
802 1360 952 1426 dominus
973 1360 1060 1426 feodi
1080 1361 1168 1427 illius
1187 1362 1294 1448 etqui

190 1466 280 1532 dedit
300 1468 482 1532 manerium
505 1467 545 1533 de
568 1466 754 1532 Alfinctons
774 1465 810 1530 in
831 1465 1041 1552 maritagium
1060 1488 1134 1530 cum
1154 1466 1223 1531 filis
1236 1489 1296 1532 suo.

190 1571 251 1656 ipsi
272 1571 416 1638 Johanni
439 1595 513 1636 cum
537 1579 618 1657 pert.
640 1570 842 1657 presentsuit
863 1571 1025 1657 quendum
1045 1571 1230 1637 Johannem
1252 1571 1294 1636 de

191 1676 355 1761 Gurtensy
371 1674 428 1761 qui
443 1673 559 1739 ultimo
574 1673 638 1738 fuit
652 1673 811 1738 admissus
825 1695 961 1759 persons
976 1672 1017 1739 ad
1036 1673 1173 1738 eandem
1195 1673 1294 1739 eccle-

189 1777 269 1842 siam
284 1785 319 1843 et
339 1778 396 1864 qui
416 1800 488 1842 eam
508 1798 612 1862 nuper
633 1775 819 1864 resignsuit.
865 1776 909 1840 Et
930 1783 1114 1840 attornntus
1135 1776 1295 1842 Johannis

189 1879 363 1967 requisitus
385 1880 412 1945 si
434 1880 559 1966 aliquid
582 1880 702 1946 habeat
725 1880 766 1947 de
788 1879 849 1944 hoc
872 1878 987 1944 uelde
1008 1878 1165 1966 Episcopo
1184 1881 1238 1944 uel
1253 1879 1294 1945 de

189 1984 423 2050 Archidiacono
445 1984 525 2050 dicit
545 1984 630 2071 quod
649 2007 722 2048 non.
770 1983 813 2048 Et
827 2006 925 2069 super
939 1983 999 2048 hoc
1013 1984 1103 2048 misit
1119 1983 1295 2070 Episcopus

190 2085 241 2150 W.
270 2083 479 2150 Exoniensis¹
501 2083 687 2151 iusticisriis
712 2085 823 2149 literas
845 2107 920 2148 sues
941 2091 1092 2170 petentes
1116 2083 1151 2148 in
1176 2083 1295 2169 quibus

190 2187 376 2254 continetur
391 2187 478 2274 quod
492 2198 567 2274 post
581 2188 748 2253 decessum
759 2186 894 2252 Henrici
905 2187 946 2252 de
958 2186 1123 2273 Ourtensy
1133 2185 1296 2273 quondum

189 2315 323 2380 persone
359 2292 504 2378 predicte
538 2293 671 2358 ecclesie
705 2292 815 2356 nullus
844 2291 887 2356 ed
915 2299 1123 2377 personatum
1152 2289 1297 2354 eiusdem

190 2397 322 2463 ecclesie
347 2407 461 2484 postes
486 2397 550 2462 fuit
575 2397 618 2462 ed
639 2395 916 2483 presentscionem
938 2394 1076 2480 predicti
1098 2393 1234 2460 Roberti
1256 2395 1298 2459 de

191 2501 358 2588 Curtenay
381 2500 451 2566 siue
473 2501 607 2566 alterius
629 2499 803 2566 cuiuslibet
828 2499 864 2564 in
889 2508 1046 2564 rectorem
1073 2499 1240 2578 admissus,
1263 2508 1299 2564 et

190 2606 278 2670 unde
293 2605 374 2670 dicit
392 2605 479 2692 quod
498 2606 568 2692 ipse
590 2615 664 2691 post
685 2614 864 2670 semenstre
886 2613 1017 2691 tempus
1037 2605 1177 2671 contulit
1198 2605 1299 2671 eccle-

191 2707 273 2772 siem
288 2707 378 2772 illem
393 2708 522 2773 cuidam
537 2707 658 2773 clerico.

256 2811 301 2875 Et
316 2811 393 2897 quis
407 2810 577 2876 iusticierii
591 2811 800 2876 recordentur
813 2810 901 2896 quod
916 2811 996 2876 alius
1010 2810 1167 2897 placitum
1179 2810 1242 2876 fuit
1257 2810 1298 2876 de

191 2913 306 2980 eadem
322 2913 535 2980 sduocacione
550 2915 637 2980 inter
651 2915 810 3000 predictos
824 2915 1008 2981 «Iohannem
1020 2924 1055 2981 et
1069 2916 1250 2981 Robertum
1265 2923 1299 2979 et

191 3018 280 3104 quod
296 3018 384 3084 idem
404 3019 568 3084 Robertus
589 3017 745 3084 concessit
765 3027 799 3084 et
819 3019 1007 3105 recognouit
1028 3019 1134 3084 eidem
1156 3019 1301 3085 Johonni

190 3124 469 3212 presentacionem
484 3145 577 3188 suam
591 3123 634 3188 ed
648 3122 827 3209 predictam
847 3123 1013 3188 ecclesiam
1028 3130 1067 3188 ut
1081 3123 1299 3210 pertinentem

191 3229 234 3294 sd
249 3227 431 3294 manerium
446 3227 487 3292 de
502 3225 689 3291 Alfinctone
707 3225 712 3313 Ι
733 3225 818 3313 quod
839 3225 930 3292 dedit
949 3227 984 3291 in
998 3227 1207 3314 maritagium
1223 3249 1298 3291 cum
1362 3238 1408 3289 [³⁴1

190 3332 262 3398 filiu
276 3353 343 3410 sua,
359 3329 607 3397 consideratum
622 3329 770 3416 estquod
781 3329 945 3395 Robertus
955 3338 1199 3395 summoneatur
1212 3330 1299 3417 quod

191 3433 237 3499 sit
251 3457 272 3498 a
286 3433 339 3499 die
360 3440 419 3498 etc
440 3431 482 3497 ad
502 3431 777 3497 warontizendum
799 3431 905 3497 eidem
928 3431 1031 3498 Priori
1052 3432 1299 3499 aduocecionem

191 3537 293 3615 illem,
315 3538 406 3603 cuius
432 3537 564 3602 ecclesie
590 3537 866 3623 presentacionem
892 3536 980 3602 idem
1005 3538 1168 3604 Robertus
1195 3561 1300 3625 nuper

191 3641 350 3708 concessit
384 3641 491 3707 eidem
523 3640 668 3706 Johenni
698 3641 784 3706 unde
813 3641 901 3706 idem
930 3641 1021 3707 Prior
1049 3641 1149 3707 habet
1177 3649 1300 3706 curtem

191 3747 338 3812 Hawisie
353 3746 393 3811 de
409 3745 576 3832 Ourtensy
591 3744 704 3809 matris
721 3743 823 3830 ipsius
845 3743 981 3809 Roberti
1003 3744 1096 3810 cuius
1117 3745 1210 3810 heres
1230 3744 1300 3831 ipse
1425 3739 1429 3748 ’

190 3859 243 3916 cst
259 3857 293 3914 et
308 3848 440 3914 interim
455 3849 563 3913 iurata
576 3856 749 3914 remaneat.

54 3964 134 4032 517,
258 3952 375 4040 'Hugo
384 3953 505 4019 Gubun
514 3952 731 4018 summonitus
740 3952 855 4018 suited
866 3951 1124 4038 respondendum
1135 3951 1300 4017 Gileberto
1324 3979 1450 4021 nassum

190 4055 261 4121 filio
283 4056 406 4121 Thome
429 4065 464 4121 et
483 4057 589 4122 Florie
610 4057 702 4122 uxori
724 4056 794 4122 eius
816 4056 857 4122 de
879 4056 999 4142 placito
1019 4056 1105 4141 quod
1124 4055 1239 4120 reddat
1254 4054 1300 4122 eis

190 4162 306 4228 decem
321 4161 376 4228 lib.
391 4169 476 4228 terre
497 4186 571 4228 cum
592 4163 724 4250 pertin
747 4162 1054 4248 Norselegha‚'ques
1071 4162 1213 4227 clamant
1232 4184 1301 4227 esse

325 4374 334 4407 ¹
352 4373 465 4425 william
478 4376 586 4426 Breuer.
866 4373 877 4406 ²
893 4373 960 4423 Fitz.
972 4374 1068 4437 Mese,
1081 4374 1138 4424 878.
