3342 5217
503 328 662 391 ‚menna
685 328 751 379 an.
776 316 869 391 1231,
891 328 955 379 aa
980 317 1029 379 15.
1270 318 1333 379 425

225 507 311 596 quod
332 516 466 595 pastura
488 506 532 571 sit
553 504 720 592 pertinens
741 503 783 569 ad
802 503 982 590 predictam
1001 504 1081 590 uirg.
1097 512 1183 568 terre
1198 511 1233 569 et
1248 503 1334 590 quod

224 614 293 699 ipse
309 619 344 677 et
358 618 574 677 antecessores
589 608 641 674 sui
660 609 793 674 bierunt
807 607 884 673 inde
898 608 934 672 in
947 606 1067 672 saisina
1080 606 1173 693 ponit
1187 628 1222 672 se
1236 628 1335 693 super

224 715 373 802 patriam.

290 822 335 886 Et
349 820 488 885 Thomas
508 818 589 884 dicit
609 819 696 905 quod
718 818 866 905 predicta
886 826 1019 904 pastura
1039 838 1105 881 non
1126 817 1270 903 pertinet
1291 817 1333 882 ad
1345 820 1468 910 ἔξω

222 923 403 1012 predictam
424 922 505 1009 uirg.
522 929 615 986 terre
637 942 697 985 nec
718 920 787 1006 ipse
810 942 966 1007 umquam
990 919 1054 984 luit
1076 919 1112 983 in
1135 918 1254 984 saisina
1274 941 1333 984 nec
1346 916 1493 1005 {fflggffij

222 1024 461 1112 predecessores
483 1022 535 1087 sui
556 1030 591 1087 et
613 1021 689 1086 inde
711 1021 804 1107 ponit
826 1044 861 1086 se
883 1042 981 1107 super
1001 1020 1148 1106 patriam
1195 1019 1239 1084 Et
1260 1020 1333 1085 ideo
1345 1020 1469 1151 ΞΞΞΞΞ

222 1136 413 1216 preceptum
428 1134 478 1191 est
493 1125 677 1191 uicecomiti
691 1125 778 1211 quod
793 1146 899 1189 coram
915 1147 953 1189 eo
969 1133 1003 1189 et
1018 1146 1124 1189 coram
1145 1124 1333 1190 custodibus
1345 1153 1488 1237 mffi‘gff

118 1224 124 1235 ’
223 1231 417 1320 placitorum
439 1251 553 1295 corone
576 1229 748 1295 conuenire
770 1230 868 1295 faciat
890 1229 944 1316 xij.
966 1236 1001 1294 et
1022 1252 1081 1315 per
1100 1251 1211 1294 eorum
1230 1251 1332 1293 sacra-
1345 1207 1486 1337 iim?

224 1344 372 1400 mentum
402 1342 462 1400 etc
493 1335 522 1400 si
549 1334 714 1422 predictus
747 1334 904 1399 Ricardus
933 1334 987 1399 uel
1016 1332 1254 1420 predecessores
1282 1333 1334 1397 sui
1345 1336 1482 1432 ffiffl,

224 1442 357 1506 fuerunt
378 1438 413 1505 in
435 1440 553 1505 saisina
573 1439 613 1505 de
633 1447 768 1525 pastura
782 1438 824 1503 ad
839 1438 895 1524 iiij.
911 1438 1011 1505 bones
1026 1452 1061 1502 et
1075 1437 1156 1501 duas
1171 1458 1284 1502 uaccas
1298 1444 1334 1501 et
1345 1431 1478 1518 ffifflm

224 1543 267 1609 ad
285 1544 309 1630 j.
324 1543 472 1609 auerium
487 1551 527 1609 ut
541 1543 727 1630 pertinente
743 1541 784 1607 ad
799 1564 899 1607 unam
915 1541 995 1628 uirg.
1013 1549 1098 1606 terre
1112 1563 1187 1605 cum
1201 1547 1282 1626 pert.
1298 1540 1333 1604 in
1346 1526 1498 1611 lgm

223 1647 338 1713 eadem
363 1648 443 1713 uilla
466 1670 529 1734 que
552 1654 603 1712 est
624 1646 665 1713 de
687 1646 848 1712 dominico
870 1646 1014 1732 predicte
1036 1644 1169 1711 ecclesie
1191 1654 1226 1709 et
1246 1645 1332 1709 unde
1345 1602 1497 1751 iiphiffissni

223 1751 337 1817 dotata
356 1751 429 1828 fuit,
443 1749 498 1815 uel
519 1750 546 1814 si
565 1748 731 1836 predictus
753 1749 894 1814 Thomas
916 1748 1033 1814 habuit
1053 1756 1220 1835 pasturam
1242 1748 1332 1813 illam
1345 1758 1478 1845 fflgffi

223 1861 406 1941 separatam
422 1862 456 1918 et
471 1853 617 1939 quietam
632 1852 702 1917 sine
717 1874 891 1917 commune
910 1874 1007 1939 quam
1022 1852 1092 1939 ipse
1107 1852 1263 1917 Ricardus
1278 1854 1332 1919 uel
1343 1851 1476 1938 ww*

223 1964 441 2023 antecessores
456 1956 507 2022 sui
521 1956 597 2021 inde
613 1955 799 2039 habuerunt
814 1963 884 2034 etc,
898 1964 933 2020 et
953 1955 1198 2041 inquisicionem
1220 1956 1332 2021 uenire

224 2062 323 2127 faciat
338 2069 399 2126 etc.
414 2082 473 2147 per
487 2061 598 2125 literas
612 2068 647 2126 et
661 2083 720 2147 per
733 2060 814 2125 duos
829 2070 890 2125 etc

61 2148 64 2155 ’
162 2210 170 2225 .
291 2164 468 2251 Episcopus
498 2164 713 2229 Norwicensis
741 2188 800 2251 per
829 2165 940 2230 literas
966 2188 1041 2231 suas
1067 2173 1218 2253 patentes
1247 2168 1333 2253 petit
1391 2194 1451 2237 rora

225 2267 349 2332 curiam
364 2289 456 2331 suam
472 2266 512 2333 de
527 2268 636 2332 Priore
652 2267 685 2333 S.
700 2267 791 2333 Fidis
806 2267 847 2334 de
861 2268 967 2355 apello
981 2268 1022 2333 de
1036 2278 1188 2356 precepto
1198 2270 1222 2355 j.
1238 2272 1334 2359 plage

226 2377 261 2434 et
274 2367 399 2434 dictum
415 2375 466 2433 est
480 2368 605 2434 Abbati
620 2370 652 2435 S.
669 2369 840 2435 Benedicti
854 2370 895 2436 de
916 2370 1041 2436 Hulmo
1059 2373 1116 2457 qui
1130 2373 1209 2437 tulit
1223 2373 1335 2438 literas

227 2472 377 2559 Episcopi
393 2480 427 2537 et
441 2472 499 2558 qui
514 2474 701 2559 manucapit
716 2495 862 2560 cumpro
877 2474 1035 2561 Episcopo
1049 2476 1136 2562 quod
1150 2476 1212 2541 erit
1227 2499 1333 2542 coram

226 2577 411 2642 iusticiariis
425 2577 460 2641 in
475 2577 579 2663 primo
593 2578 739 2643 aduentu
755 2578 897 2664 ipsorum
913 2579 948 2643 in
963 2586 1072 2665 partes
1085 2579 1158 2644 illas
1173 2580 1254 2645 etc'

164 2731 173 2747 .
294 2672 371 2744 Dies
393 2679 490 2745 datus
512 2688 563 2745 est
588 2679 760 2745 Comitisse
784 2680 825 2746 de
847 2682 944 2769 Auge
965 2682 1093 2768 petenti
1115 2691 1150 2747 et
1173 2683 1269 2748 Oliue
1291 2683 1332 2750 de

228 2784 474 2872 Montebegonis
489 2783 529 2849 de
544 2784 705 2852 audiendo
725 2784 845 2850 iudicio
861 2808 920 2850 suo
935 2793 994 2851 etc.
1010 2785 1097 2872 apud
1112 2787 1332 2853 Westmonas-

227 2888 346 2953 terium
368 2908 462 2973 prece
484 2887 629 2973 parcium
652 2886 722 2952 siue
745 2886 915 2952 iusticiarii
937 2887 1093 2953 itinerent
1115 2888 1185 2953 siue
1210 2912 1275 2954 non
1296 2890 1332 2955 in

227 2991 342 3058 eodem
358 2990 515 3056 comitatu
525 2989 545 3057 ⁸.

113 3106 129 3121 ·
163 3150 171 3163 .
291 3093 461 3159 Jeruesius
490 3091 531 3157 ds
554 3092 858 3158 Aldermannebiria
882 3092 1089 3158 athachiatus
1113 3092 1178 3158 fuit
1202 3094 1244 3159 ad
1266 3117 1331 3159 res-
1371 3085 1375 3091 ’

225 3195 435 3285 pendendum
458 3196 601 3262 Hamoni
623 3196 663 3262 de
678 3198 824 3263 Valoinis
847 3220 947 3284 quare
969 3197 1071 3262 traxit
1090 3219 1165 3262 eum
1183 3198 1218 3262 in
1232 3198 1333 3285 placi-

225 3306 299 3362 tum
313 3296 349 3360 in
364 3295 454 3360 curia
467 3293 691 3361 cristianitatis
706 3296 746 3361 de
761 3295 882 3361 debitis
896 3294 960 3383 que
974 3317 1040 3360 non
1053 3304 1131 3361 sunt
1146 3304 1205 3362 etc
1221 3305 1334 3361 contra

224 3408 285 3464 etc
301 3405 337 3464 et
351 3396 437 3463 unde
452 3397 539 3462 idem
554 3398 686 3462 Hamon
705 3398 854 3485 queritur
873 3398 959 3484 quod
978 3397 1143 3484 predictus
1164 3398 1333 3464 Jeruasius

223 3499 434 3588 inplacitauit
456 3521 530 3567 eum
554 3522 660 3565 coram
681 3501 813 3567 Decano
835 3501 877 3565 de
898 3502 1037 3568 Suworc’
1057 3511 1092 3567 et
1111 3502 1332 3569 eoniudicibus

224 3606 267 3670 de
288 3602 438 3668 domibus
462 3625 542 3689 quas
569 3603 699 3667 Hamon
724 3612 818 3690 pater
842 3604 944 3691 ipsius
970 3604 1129 3670 Hamonis
1152 3616 1332 3692 asportasse

258 3763 400 3813 ¹Bracton
416 3762 478 3813 cites
495 3763 549 3813 this
566 3764 753 3816 casel.407to
803 3763 915 3814 wanted.
949 3763 1004 3814 Tha
1020 3763 1138 3815 church’s
1157 3767 1200 3816 doc
1219 3766 1332 3818 consiste

224 3844 304 3894 prove
314 3828 373 3877 that
384 3842 400 3877 a
410 3827 570 3891 prohibition
582 3830 643 3879 does
658 3832 705 3879 not
719 3830 754 3879 lia
804 3830 833 3880 oi
848 3829 924 3879 landa
940 3830 1016 3892 maan
1034 3835 1063 3880 at
1080 3830 1125 3881 tha
1143 3831 1207 3881 time
1222 3832 1252 3882 ci
1271 3848 1331 3883 con·

225 3894 330 3957 against
345 3908 361 3943 a
375 3892 428 3943 suit
443 3894 482 3943 lor
497 3894 610 3956 spoiling
624 3908 640 3945 a
656 3894 753 3945 chureh
803 3895 941 3945 sacratim.

226 3960 256 4009 ol
270 3958 306 4008 its
317 3958 402 4007 (lower
412 3957 488 4008 landa
499 3972 528 4007 or
538 3959 567 4008 oi
581 3958 648 4009 their
659 3974 752 4022 appar·
836 3960 848 3992 ²
864 3958 920 4008 Tha
930 3957 1004 4009 Prior
1014 3959 1043 4009 oi
1052 3959 1079 4010 S.
1092 3959 1179 4019 Faitb,
1189 3961 1331 4022 Horsham,

225 4029 357 4075 amaea.
388 4022 444 4073 The
452 4026 591 4074 annotator
597 4038 689 4087 arguas
696 4024 754 4075 that
804 4024 920 4085 porrois,
938 4024 963 4073 is
977 4024 1101 4087 appealed
1117 4025 1146 4075 ci
1159 4026 1258 4090 having
1273 4043 1330 4092 pro

225 4090 249 4139 ii
264 4088 430 4139 thisbetrus
445 4088 474 4137 oi
488 4088 533 4139 tha
547 4093 754 4152 appurtsnances
804 4089 882 4139 sured
897 4089 943 4139 the
961 4088 1049 4151 giving
1066 4090 1094 4139 ol
1109 4104 1125 4141 a
1140 4091 1242 4141 wound.
1276 4093 1331 4143 'l'hs

225 4155 249 4205 it
268 4155 340 4203 must
358 4152 421 4202 hold
437 4152 502 4216 good
519 4154 548 4203 ci
563 4153 607 4203 the
624 4156 754 4205 tansment
803 4154 898 4216 bishop
909 4154 999 4205 claims
1009 4154 1200 4217 oognirancaol
1210 4156 1330 4208 thecase.

226 4218 307 4270 itseli.
342 4218 470 4282 Probably
480 4218 553 4268 thare
567 4218 590 4267 is
605 4234 677 4269 soma
692 4220 752 4269 mis·
804 4219 856 4269 His
877 4233 1023 4279 msasanger
1044 4218 1067 4268 is
1086 4219 1131 4270 tha
1149 4220 1234 4273 Abbot
1253 4224 1282 4273 ol
1300 4226 1331 4275 St

227 4284 288 4335 taire
298 4283 327 4333 in
337 4286 584 4347 compauper-tineae
591 4304 600 4343 ,·
612 4284 755 4335 somesuah
803 4285 896 4342 Banet,
909 4284 1013 4341 Hulme,
1025 4285 1141 4335 Noriclls

227 4349 323 4414 phrase
333 4362 481 4399 ucumrwn
490 4350 578 4400 uanas
587 4351 667 4401 locam
673 4364 754 4400 seems
836 4349 848 4383 ⁸
864 4350 906 4398 Br.
918 4349 935 4398 f.
952 4350 999 4400 109
1010 4348 1035 4409 b,
1048 4351 1104 4401 110.
