3342 5217
228 117 263 159 se
286 116 400 160 uersus
423 92 605 159 Galfridum
626 91 667 157 de
688 91 926 158 Bodekelham¹
948 92 988 157 de
1010 92 1130 179 placito
1151 115 1250 180 quase
1273 116 1337 158 non
1350 106 1458 203 Νοιιιιὲο
1444 106 1501 146 «¹¹11

228 207 320 266 tenet
335 223 367 265 ει
356 198 629 264 conuentionem
643 197 730 262 inter
747 219 801 262 eos
815 198 935 262 factam
950 195 990 260 de
1006 196 1049 262 lx.
1066 203 1100 261 et
1116 220 1164 262 xv.
1177 218 1238 263 aer.
1254 165 1392 287 ιειιεξξζ11
1350 202 1455 288 ”gflfflss
1402 248 1493 288 hm

228 326 302 369 oum
317 311 398 390 pert
413 302 449 368 in
464 301 599 389 Kuling'
614 309 673 366 etc.
720 300 764 365 Et
784 298 949 365 Galfridus
969 321 1034 363 non
1056 300 1148 364 uenit
1163 308 1223 366 etc.
1239 309 1290 366 set
1305 324 1339 366 se
1351 258 1481 383 ΞἘἭι

228 407 404 473 essoniauit
432 407 473 472 de
503 406 588 472 malo
618 405 696 471 lecti
725 413 897 492 postquam
924 402 1101 469 essoniauit
1126 428 1161 470 se
1186 405 1227 471 de
1255 407 1340 471 malo

229 512 383 578 ueniendi
404 520 438 577 et
459 512 621 577 essonium
641 531 706 574 non
726 510 790 574 fuit
811 508 842 573 ei
864 509 1038 573 allocatum
1061 508 1138 594 quia
1159 509 1199 573 de
1222 509 1341 595 placito

230 616 463 682 conuencionis.
508 616 553 681 Et
567 614 641 681 ideo
658 613 859 679 attachietur
873 612 959 698 quod
974 612 1018 677 sit
1033 620 1093 679 etc.

295 720 422 785 ‘Assisa
436 720 528 785 uenit
539 718 745 805 recognitum
755 717 783 781 si
794 717 845 782 W.
861 716 977 782 Comes
988 716 1160 795 Warenne,
1171 717 1341 804 Philippus
1400 722 1466 762 Μ’

232 824 433 889 Forestaiius
462 832 497 888 et
526 821 604 889 alii·
633 822 754 888 iniuste
785 829 820 886 ει
850 821 918 885 sine
948 820 1068 886 iudicio
1084 816 1341 907 'prostrauerunt

232 925 395 1014 quandam
410 948 520 1012 sepem
534 925 569 990 in
584 925 743 989 Hammes
757 923 800 988 ed
810 931 1044 989 nocumentum
1056 923 1150 988 liberi
1161 926 1342 989 tenementi

233 1030 389 1095 Willelmi
404 1028 444 1093 de
461 1030 528 1115 Say
546 1028 581 1092 in
602 1026 716 1092 eadem
737 1028 824 1091 willa
846 1036 919 1113 post
941 1027 1080 1113 primam
1103 1028 1340 1093 compacionem

233 1134 326 1198 Dom
342 1133 451 1219 Regis,
465 1140 546 1218 aput
566 1130 902 1207 westmonasterium,
921 1138 955 1195 et
977 1130 1064 1195 unde
1087 1130 1236 1217 queritur
1257 1131 1343 1217 quod

233 1260 307 1301 cum
323 1244 455 1301 eentum
469 1236 563 1301 annis
582 1232 748 1321 preteritis
768 1242 803 1298 et
823 1256 862 1298 eo
881 1234 1022 1320 amplius
1043 1242 1128 1299 esset
1147 1235 1194 1299 ibi
1212 1236 1344 1321 quidam

233 1362 347 1427 pamus
362 1338 419 1425 qui
434 1338 497 1402 fuit
512 1345 751 1403 antecessorum
766 1360 907 1417 suorum,
923 1346 957 1403 et
973 1339 1031 1404 ubi
1050 1337 1137 1404 idem
1154 1339 1270 1405 Comes
1285 1363 1344 1405 nec

233 1442 350 1527 aliquis
379 1440 548 1504 hominum
578 1462 710 1503 suorum
739 1460 944 1505 communem
974 1440 1093 1504 habere
1123 1439 1260 1506 debent⁸
1285 1463 1344 1505 nec

234 1544 354 1610 bestias
368 1566 482 1630 capere
496 1544 599 1631 possit
620 1567 695 1609 cum
714 1567 830 1630 parcus
850 1544 905 1610 ille
926 1545 969 1609 sit
991 1545 1169 1631 sepembile
1192 1568 1287 1610 suum
1310 1554 1345 1609 et

234 1658 471 1715 antecessorum
500 1672 632 1714 suorum
658 1658 692 1714 et
718 1672 794 1715 oum
823 1650 918 1714 illum
945 1649 1093 1715 claudere
1119 1651 1220 1715 uellet
1251 1650 1342 1737 haya,

234 1754 320 1818 idem
347 1753 464 1819 Comes
486 1753 646 1839 prosterni
668 1752 746 1818 fecit
768 1753 887 1840 heyam
909 1753 1007 1831 illam,
1030 1753 1156 1818 desicut
1180 1776 1275 1818 nemo
1296 1754 1345 1818 ibi

234 1880 439 1923 communam
455 1859 573 1924 habere
589 1856 687 1923 debet
702 1856 743 1923 de
757 1858 838 1935 iure,
853 1866 888 1922 et
902 1858 985 1923 bene
1001 1857 1081 1923 dicit
1096 1858 1182 1945 quod
1197 1866 1343 1944 tempore

234 1974 472 2027 antecessorum
488 1985 621 2027 suorum
636 1964 764 2028 clausus
779 1964 852 2029 fuit.

301 2067 344 2131 Et
369 2068 486 2134 Comes
511 2068 604 2133 uenit
628 2075 662 2133 et
687 2067 768 2133 dicit
797 2067 884 2153 quod
910 2089 1038 2153 semper
1067 2076 1212 2154 tempore
1242 2067 1344 2154 patris

234 2170 337 2255 ipsius
351 2170 507 2236 Willelmi
522 2172 586 2236 fuit
607 2194 723 2258 pareus
743 2172 798 2237 ille
819 2172 986 2249 disclusus,
1002 2180 1036 2236 et
1059 2171 1145 2257 quod
1167 2179 1343 2257 antequam

235 2274 333 2338 breue
356 2282 441 2337 esset
462 2274 663 2360 inpetxatum
686 2297 706 2339 a
728 2282 873 2360 tempore
893 2296 957 2360 quo
977 2275 1048 2338 Rex
1062 2274 1085 2339 J
1087 2274 1229 2338 ohannes
1250 2275 1344 2339 uenit

234 2375 275 2441 de
291 2375 451 2441 Hibernia
470 2377 504 2441 in
524 2376 694 2464 Angliam⁷
714 2385 749 2441 et
769 2386 842 2463 post
862 2377 961 2442 breue
983 2376 1195 2463 impetratum
1217 2399 1345 2462 semper

236 2477 352 2543 habuit
374 2478 461 2543 idem
484 2478 601 2545 Comes
622 2501 827 2544 communem
849 2479 885 2543 in
908 2502 1003 2565 parco
1025 2478 1081 2543 illo
1107 2488 1142 2545 et
1166 2479 1213 2544 ibi
1236 2487 1344 2565 potest

235 2582 356 2647 bestias
370 2605 483 2668 capere
499 2591 533 2648 et
544 2582 666 2648 bestias
676 2584 772 2669 cepit,
783 2592 818 2650 et
829 2584 878 2650 ita
889 2583 974 2670 quod
985 2583 1150 2669 predictus
1160 2582 1344 2649 Willelmus

236 2686 341 2751 nullas
365 2685 488 2751 bestias
512 2686 559 2751 ibi
582 2708 696 2773 capere
720 2694 828 2772 potest
851 2708 910 2751 nec
933 2709 1076 2773 unquam
1098 2684 1191 2752 fecit⁸
1213 2694 1248 2751 et
1268 2685 1344 2750 inde

237 2791 329 2877 ponit
354 2813 389 2855 se
415 2813 512 2876 super
534 2790 675 2858 assisam
721 2792 766 2856 Et
788 2792 973 2857 Willelmus
998 2791 1156 2857 similiter.
1202 2792 1246 2857 Et
1271 2791 1345 2857 ideo
1405 2792 1406 2795 ’

237 2894 389 2979 pmcedat
403 2894 503 2959 assisa
516 2902 567 2960 set
582 2894 714 2980 ponitur
733 2895 768 2959 in
787 2903 970 2981 respectum
991 2918 1094 2982 usque
1109 2918 1130 2961 a
1143 2895 1196 2960 die
1212 2903 1271 2961 etc.
1286 2918 1344 2981 pro

237 2996 367 3061 defectu
381 2997 620 3084 recognitorum
635 2998 712 3084 quia
731 3005 862 3063 tantum
883 3006 1023 3084 quatuor
1044 3005 1206 3062 uenerunt
1226 2997 1344 3084 quibus

238 3101 325 3167 idem
339 3102 409 3167 dies
426 3110 495 3179 ete,
510 3110 546 3167 et
566 3102 746 3169 uieecomes
765 3104 833 3169 loeo
853 3104 990 3169 aliorum
1012 3104 1069 3190 qui
1092 3111 1285 3168 amouentur
1307 3124 1345 3167 eo

238 3205 324 3294 quod
338 3204 472 3270 inutiles
486 3204 586 3283 sunt⁹‚
601 3205 643 3271 de
657 3206 751 3272 feodo
765 3206 903 3274 comitis
918 3214 1060 3293 apponat
1080 3206 1159 3270 alios
1179 3205 1235 3291 qui
1255 3203 1345 3268 nullo

238 3308 333 3374 modo
352 3309 418 3374 sint
439 3308 645 3374 essoniabiles
664 3318 698 3374 et
720 3310 778 3397 qui
799 3333 865 3374 non
885 3310 951 3375 sint
970 3309 1011 3374 de
1034 3309 1126 3375 feodo
1150 3308 1295 3385 Comitia
1310 3316 1345 3373 et

237 3414 309 3479 illos
323 3413 443 3480 habeat
457 3414 499 3480 ad
513 3414 695 3500 predictum
711 3414 896 3481 terminum.

271 3633 519 3692 ¹Bodekeaham,A.
848 3631 955 3695 ‘debet
968 3632 999 3683 A

271 3698 341 3751 ²131.
355 3698 477 3758 fetam.
515 3697 762 3750 ThiseaseisFitz.
849 3697 940 3760 ’Aug.
953 3696 1025 3748 1210.

238 3767 341 3826 Essem,
356 3765 411 3816 194.
849 3760 1003 3825 α(ιοιιψιιι
1004 3764 1043 3811 it:
1062 3759 1191 3810 butsoA

271 3828 283 3925 1
297 3829 446 3946 ΞιιεὲειίθΔ
816 3828 916 3943 mmlx
922 3777 1016 3955 peip}
1008 3842 1088 3943 ιθιῖο
1053 3826 1088 3885 A
1110 3841 1137 3875 ιο
1154 3826 1221 3888 quod
1237 3828 1342 3875 inutiles

272 3958 466 4021 1’Τιιοοιιιειιι
478 3958 509 4008 A.
