<?xml version="1.0" encoding="UTF-8"?>
<!DOCTYPE html PUBLIC "-//W3C//DTD XHTML 1.0 Transitional//EN"
    "http://www.w3.org/TR/xhtml1/DTD/xhtml1-transitional.dtd">
<html xmlns="http://www.w3.org/1999/xhtml" xml:lang="en" lang="en">
 <head>
  <title>
</title>
<meta http-equiv="Content-Type" content="text/html;charset=utf-8" />
  <meta name='ocr-system' content='tesseract 3.04.00' />
  <meta name='ocr-capabilities' content='ocr_page ocr_carea ocr_par ocr_line ocrx_word'/>
</head>
<body>
  <div class='ocr_page' id='page_1' title='image "bractonsnoteboo01maitgoog_0093.png"; bbox 0 0 3342 5217; ppageno 0'>
   <div class='ocr_carea' id='block_1_1' title="bbox 421 482 1334 559">
    <p class='ocr_par' dir='ltr' id='par_1_1' title="bbox 421 482 1334 559">
     <span class='ocr_line' id='line_1_1' title="bbox 421 482 1334 559; baseline -0.013 -4"><span class='ocrx_word' id='word_1_1' title='bbox 421 496 648 555; x_wconf 73' lang='grc'><strong>1111611111</strong></span> <span class='ocrx_word' id='word_1_2' title='bbox 672 496 895 559; x_wconf 72' lang='grc'><strong>6161611111.</strong></span> <span class='ocrx_word' id='word_1_3' title='bbox 920 483 1013 559; x_wconf 79' lang='lat'>1220,</span> <span class='ocrx_word' id='word_1_4' title='bbox 1035 496 1098 547; x_wconf 78' lang='grc'><strong>16</strong></span> <span class='ocrx_word' id='word_1_5' title='bbox 1122 482 1150 545; x_wconf 78' lang='lat'><strong>4.</strong></span> <span class='ocrx_word' id='word_1_6' title='bbox 1292 484 1334 544; x_wconf 86' lang='lat'><strong>85</strong></span> 
     </span>
    </p>
   </div>
   <div class='ocr_carea' id='block_1_2' title="bbox 230 663 1513 4072">
    <p class='ocr_par' dir='ltr' id='par_1_2' title="bbox 231 663 1336 1171">
     <span class='ocr_line' id='line_1_2' title="bbox 232 663 1336 755; baseline -0.006 -20"><span class='ocrx_word' id='word_1_7' title='bbox 232 670 274 735; x_wconf 87' lang='lat' dir='ltr'><strong>ad</strong></span> <span class='ocrx_word' id='word_1_8' title='bbox 287 671 471 737; x_wconf 84' lang='lat' dir='ltr'><strong>faciendum</strong></span> <span class='ocrx_word' id='word_1_9' title='bbox 486 670 659 736; x_wconf 76' lang='lat' dir='ltr'><strong>seminium</strong></span> <span class='ocrx_word' id='word_1_10' title='bbox 673 668 868 755; x_wconf 85' lang='lat' dir='ltr'><strong>capitalibus</strong></span> <span class='ocrx_word' id='word_1_11' title='bbox 882 666 1022 732; x_wconf 90' lang='lat' dir='ltr'><strong>dominis</strong></span> <span class='ocrx_word' id='word_1_12' title='bbox 1041 675 1101 733; x_wconf 87' lang='grc'><strong>616</strong></span> <span class='ocrx_word' id='word_1_13' title='bbox 1116 673 1151 731; x_wconf 89' lang='grc'><strong>66</strong></span> <span class='ocrx_word' id='word_1_14' title='bbox 1169 663 1336 730; x_wconf 85' lang='lat' dir='ltr'><strong>Johannes</strong></span> 
     </span>
     <span class='ocr_line' id='line_1_3' title="bbox 233 770 1335 863; baseline -0.005 -22"><span class='ocrx_word' id='word_1_15' title='bbox 233 776 362 863; x_wconf 80' lang='lat' dir='ltr'><strong>Baghot</strong></span> <span class='ocrx_word' id='word_1_16' title='bbox 391 785 426 841; x_wconf 89' lang='grc'><strong>61</strong></span> <span class='ocrx_word' id='word_1_17' title='bbox 454 776 617 841; x_wconf 87' lang='lat' dir='ltr'><strong>Robertus</strong></span> <span class='ocrx_word' id='word_1_18' title='bbox 645 776 687 841; x_wconf 89' lang='lat' dir='ltr'><strong>de</strong></span> <span class='ocrx_word' id='word_1_19' title='bbox 714 775 748 840; x_wconf 90' lang='grc'><strong>16</strong></span> <span class='ocrx_word' id='word_1_20' title='bbox 778 772 869 838; x_wconf 84' lang='lat' dir='ltr'><strong>More</strong></span> <span class='ocrx_word' id='word_1_21' title='bbox 898 773 1062 838; x_wconf 88' lang='lat' dir='ltr'><strong>Robertus</strong></span> <span class='ocrx_word' id='word_1_22' title='bbox 1085 772 1126 837; x_wconf 89' lang='lat' dir='ltr'><strong>de</strong></span> <span class='ocrx_word' id='word_1_23' title='bbox 1155 770 1335 837; x_wconf 79' lang='lat' dir='ltr'><strong>Pendesord</strong></span> 
     </span>
     <span class='ocr_line' id='line_1_4' title="bbox 233 875 1336 943; baseline -0.004 0"><span class='ocrx_word' id='word_1_24' title='bbox 233 878 392 943; x_wconf 85' lang='lat' dir='ltr'><strong>Radulfus</strong></span> <span class='ocrx_word' id='word_1_25' title='bbox 406 878 447 943; x_wconf 90' lang='lat' dir='ltr'><strong>de</strong></span> <span class='ocrx_word' id='word_1_26' title='bbox 462 878 666 943; x_wconf 87' lang='lat' dir='ltr'><strong>Whitamora</strong></span> <span class='ocrx_word' id='word_1_27' title='bbox 680 876 843 943; x_wconf 88' lang='lat' dir='ltr'><strong>Henrious</strong></span> <span class='ocrx_word' id='word_1_28' title='bbox 860 875 901 941; x_wconf 92' lang='lat' dir='ltr'><strong>de</strong></span> <span class='ocrx_word' id='word_1_29' title='bbox 916 875 1100 941; x_wconf 83' lang='lat' dir='ltr'><strong>Hemerwic</strong></span> <span class='ocrx_word' id='word_1_30' title='bbox 1110 896 1336 940; x_wconf 88' lang='lat' dir='ltr'><strong>summouean-</strong></span> 
     </span>
     <span class='ocr_line' id='line_1_5' title="bbox 233 977 1336 1067; baseline -0.003 -22"><span class='ocrx_word' id='word_1_31' title='bbox 233 980 302 1045; x_wconf 87' lang='lat' dir='ltr'><strong>tur¹</strong></span> <span class='ocrx_word' id='word_1_32' title='bbox 320 990 354 1047; x_wconf 88' lang='lat' dir='ltr'><strong>et</strong></span> <span class='ocrx_word' id='word_1_33' title='bbox 371 981 472 1046; x_wconf 78' lang='lat' dir='ltr'><strong>assisa</strong></span> <span class='ocrx_word' id='word_1_34' title='bbox 490 981 607 1047; x_wconf 86' lang='lat' dir='ltr'><strong>ultime</strong></span> <span class='ocrx_word' id='word_1_35' title='bbox 630 977 882 1067; x_wconf 82' lang='lat' dir='ltr'><strong>presentacionia</strong></span> <span class='ocrx_word' id='word_1_36' title='bbox 902 985 1069 1043; x_wconf 74' lang='grc'><strong>1161161666</strong></span> <span class='ocrx_word' id='word_1_37' title='bbox 1088 998 1255 1064; x_wconf 82' lang='lat' dir='ltr'>quousque</span> <span class='ocrx_word' id='word_1_38' title='bbox 1275 977 1336 1043; x_wconf 90' lang='lat' dir='ltr'><strong>hec</strong></span> 
     </span>
     <span class='ocr_line' id='line_1_6' title="bbox 231 1084 570 1171; baseline 0 -22"><span class='ocrx_word' id='word_1_39' title='bbox 231 1084 340 1149; x_wconf 88' lang='lat' dir='ltr'><strong>iurata</strong></span> <span class='ocrx_word' id='word_1_40' title='bbox 353 1092 450 1171; x_wconf 84' lang='lat' dir='ltr'><strong>capta</strong></span> <span class='ocrx_word' id='word_1_41' title='bbox 463 1084 570 1149; x_wconf 87' lang='lat' dir='ltr'><strong>fuerit.</strong></span> 
     </span>
    </p>

    <p class='ocr_par' dir='ltr' id='par_1_3' title="bbox 231 1184 1336 1585">
     <span class='ocr_line' id='line_1_7' title="bbox 298 1184 1336 1274; baseline -0.002 -21"><span class='ocrx_word' id='word_1_42' title='bbox 298 1188 341 1253; x_wconf 86' lang='lat' dir='ltr'><strong>Et</strong></span> <span class='ocrx_word' id='word_1_43' title='bbox 355 1196 504 1274; x_wconf 86' lang='lat' dir='ltr'><strong>proterea</strong></span> <span class='ocrx_word' id='word_1_44' title='bbox 518 1187 629 1253; x_wconf 85' lang='lat' dir='ltr'><strong>docem</strong></span> <span class='ocrx_word' id='word_1_45' title='bbox 644 1195 713 1253; x_wconf 88' lang='lat' dir='ltr'><strong>tam</strong></span> <span class='ocrx_word' id='word_1_46' title='bbox 728 1186 851 1251; x_wconf 87' lang='lat' dir='ltr'><strong>milites</strong></span> <span class='ocrx_word' id='word_1_47' title='bbox 865 1208 964 1272; x_wconf 90' lang='lat' dir='ltr'><strong>quam</strong></span> <span class='ocrx_word' id='word_1_48' title='bbox 979 1185 1036 1251; x_wconf 86' lang='lat' dir='ltr'><strong>alii</strong></span> <span class='ocrx_word' id='word_1_49' title='bbox 1050 1185 1145 1251; x_wconf 90' lang='lat' dir='ltr'><strong>liberi</strong></span> <span class='ocrx_word' id='word_1_50' title='bbox 1159 1193 1195 1251; x_wconf 87' lang='grc'><strong>66</strong></span> <span class='ocrx_word' id='word_1_51' title='bbox 1215 1184 1336 1272; x_wconf 85' lang='lat' dir='ltr'><strong>legales</strong></span> 
     </span>
     <span class='ocr_line' id='line_1_8' title="bbox 232 1289 1336 1378; baseline -0.003 -21"><span class='ocrx_word' id='word_1_52' title='bbox 232 1293 378 1359; x_wconf 89' lang='lat' dir='ltr'><strong>homines</strong></span> <span class='ocrx_word' id='word_1_53' title='bbox 404 1294 444 1359; x_wconf 90' lang='lat' dir='ltr'><strong>de</strong></span> <span class='ocrx_word' id='word_1_54' title='bbox 470 1293 598 1359; x_wconf 88' lang='lat' dir='ltr'><strong>uisneto</strong></span> <span class='ocrx_word' id='word_1_55' title='bbox 622 1290 680 1378; x_wconf 88' lang='lat' dir='ltr'><strong>qui</strong></span> <span class='ocrx_word' id='word_1_56' title='bbox 703 1313 763 1355; x_wconf 90' lang='grc'><strong>166</strong></span> <span class='ocrx_word' id='word_1_57' title='bbox 788 1297 927 1377; x_wconf 83' lang='lat' dir='ltr'><strong>tangant</strong></span> <span class='ocrx_word' id='word_1_58' title='bbox 949 1289 1129 1355; x_wconf 85' lang='lat' dir='ltr'><strong>Henricum</strong></span> <span class='ocrx_word' id='word_1_59' title='bbox 1150 1312 1210 1355; x_wconf 87' lang='lat' dir='ltr'><strong>nec</strong></span> <span class='ocrx_word' id='word_1_60' title='bbox 1231 1290 1336 1375; x_wconf 85' lang='lat' dir='ltr'><strong>ipsam</strong></span> 
     </span>
     <span class='ocr_line' id='line_1_9' title="bbox 231 1392 1335 1480; baseline -0.002 -19"><span class='ocrx_word' id='word_1_61' title='bbox 231 1396 407 1461; x_wconf 82' lang='lat' dir='ltr'><strong>Aibredam</strong></span> <span class='ocrx_word' id='word_1_62' title='bbox 431 1396 592 1462; x_wconf 85' lang='lat' dir='ltr'><strong>affinitate</strong></span> <span class='ocrx_word' id='word_1_63' title='bbox 617 1393 809 1480; x_wconf 87' lang='lat' dir='ltr'><strong>attingant¹,</strong></span> <span class='ocrx_word' id='word_1_64' title='bbox 834 1401 869 1457; x_wconf 88' lang='lat' dir='ltr'><strong>et</strong></span> <span class='ocrx_word' id='word_1_65' title='bbox 891 1393 974 1459; x_wconf 86' lang='lat' dir='ltr'><strong>tales</strong></span> <span class='ocrx_word' id='word_1_66' title='bbox 997 1393 1056 1479; x_wconf 92' lang='lat' dir='ltr'><strong>qui</strong></span> <span class='ocrx_word' id='word_1_67' title='bbox 1077 1392 1158 1458; x_wconf 80' lang='lat' dir='ltr'><strong>uon&#39;</strong></span> <span class='ocrx_word' id='word_1_68' title='bbox 1179 1394 1221 1459; x_wconf 90' lang='lat' dir='ltr'><strong>do</strong></span> <span class='ocrx_word' id='word_1_69' title='bbox 1242 1394 1335 1459; x_wconf 84' lang='lat' dir='ltr'><strong>feodo</strong></span> 
     </span>
     <span class='ocr_line' id='line_1_10' title="bbox 232 1496 855 1585; baseline -0.006 -18"><span class='ocrx_word' id='word_1_70' title='bbox 232 1500 369 1567; x_wconf 84' lang='lat' dir='ltr'><strong>Comitis</strong></span> <span class='ocrx_word' id='word_1_71' title='bbox 384 1500 510 1566; x_wconf 83' lang='lat' dir='ltr'><strong>Gestiie</strong></span> <span class='ocrx_word' id='word_1_72' title='bbox 525 1500 578 1565; x_wconf 90' lang='grc'><strong>1161</strong></span> <span class='ocrx_word' id='word_1_73' title='bbox 593 1498 695 1585; x_wconf 88' lang='lat' dir='ltr'><strong>ipsius</strong></span> <span class='ocrx_word' id='word_1_74' title='bbox 711 1496 855 1563; x_wconf 80' lang='lat' dir='ltr'><strong>Hemici</strong></span> 
     </span>
    </p>

    <p class='ocr_par' dir='ltr' id='par_1_4' title="bbox 230 1589 1430 2101">
     <span class='ocr_line' id='line_1_11' title="bbox 294 1589 1430 1687; baseline -0.002 -18"><span class='ocrx_word' id='word_1_75' title='bbox 294 1604 515 1669; x_wconf 81' lang='lat' dir='ltr'><strong>‘Theobsldus</strong></span> <span class='ocrx_word' id='word_1_76' title='bbox 530 1603 570 1668; x_wconf 89' lang='lat' dir='ltr'><strong>de</strong></span> <span class='ocrx_word' id='word_1_77' title='bbox 586 1602 734 1667; x_wconf 86' lang='lat' dir='ltr'><strong>Lasceles</strong></span> <span class='ocrx_word' id='word_1_78' title='bbox 748 1622 806 1687; x_wconf 87' lang='lat' dir='ltr'><strong>pro</strong></span> <span class='ocrx_word' id='word_1_79' title='bbox 821 1622 855 1665; x_wconf 92' lang='grc'><strong>66</strong></span> <span class='ocrx_word' id='word_1_80' title='bbox 876 1608 911 1665; x_wconf 91' lang='grc'><strong>61</strong></span> <span class='ocrx_word' id='word_1_81' title='bbox 935 1600 1010 1665; x_wconf 86' lang='lat' dir='ltr'><strong>Ada</strong></span> <span class='ocrx_word' id='word_1_82' title='bbox 1028 1622 1127 1666; x_wconf 85' lang='lat' dir='ltr'><strong>uxore</strong></span> <span class='ocrx_word' id='word_1_83' title='bbox 1151 1600 1223 1666; x_wconf 89' lang='grc'><strong>61116</strong></span> <span class='ocrx_word' id='word_1_84' title='bbox 1241 1600 1335 1667; x_wconf 89' lang='lat' dir='ltr'><strong>cuius</strong></span> <span class='ocrx_word' id='word_1_85' title='bbox 1398 1589 1430 1647; x_wconf 59' lang='lat'><strong>&#39;⁰¹</strong></span> 
     </span>
     <span class='ocr_line' id='line_1_12' title="bbox 231 1704 1334 1793; baseline -0.001 -23"><span class='ocrx_word' id='word_1_86' title='bbox 231 1706 299 1771; x_wconf 89' lang='lat' dir='ltr'><strong>loco</strong></span> <span class='ocrx_word' id='word_1_87' title='bbox 313 1706 446 1793; x_wconf 87' lang='lat' dir='ltr'><strong>ponitur</strong></span> <span class='ocrx_word' id='word_1_88' title='bbox 459 1712 578 1792; x_wconf 87' lang='lat' dir='ltr'><strong>petunt</strong></span> <span class='ocrx_word' id='word_1_89' title='bbox 593 1726 706 1769; x_wconf 84' lang='lat' dir='ltr'><strong>uersus</strong></span> <span class='ocrx_word' id='word_1_90' title='bbox 720 1704 923 1769; x_wconf 89' lang='lat' dir='ltr'><strong>Willelmum</strong></span> <span class='ocrx_word' id='word_1_91' title='bbox 944 1704 984 1769; x_wconf 89' lang='grc'><strong>(16</strong></span> <span class='ocrx_word' id='word_1_92' title='bbox 1003 1704 1185 1789; x_wconf 76' lang='lat' dir='ltr'><strong>cantelupo</strong></span> <span class='ocrx_word' id='word_1_93' title='bbox 1207 1714 1334 1789; x_wconf 80' lang='lat' dir='ltr'>septem</span> 
     </span>
     <span class='ocr_line' id='line_1_13' title="bbox 231 1806 1335 1894; baseline -0.003 -19"><span class='ocrx_word' id='word_1_94' title='bbox 231 1818 397 1875; x_wconf 84' lang='lat' dir='ltr'><strong>carucatas</strong></span> <span class='ocrx_word' id='word_1_95' title='bbox 412 1819 498 1874; x_wconf 90' lang='grc'><strong>16116</strong></span> <span class='ocrx_word' id='word_1_96' title='bbox 513 1830 588 1873; x_wconf 90' lang='lat' dir='ltr'><strong>cum</strong></span> <span class='ocrx_word' id='word_1_97' title='bbox 602 1806 812 1894; x_wconf 82' lang='lat' dir='ltr'><strong>pertinenciis</strong></span> <span class='ocrx_word' id='word_1_98' title='bbox 827 1807 863 1871; x_wconf 89' lang='grc'><strong>11</strong></span> <span class='ocrx_word' id='word_1_99' title='bbox 878 1806 1041 1872; x_wconf 84' lang='lat' dir='ltr'><strong>Bulewico</strong></span> <span class='ocrx_word' id='word_1_100' title='bbox 1056 1816 1096 1872; x_wconf 93' lang='lat' dir='ltr'><strong>ut</strong></span> <span class='ocrx_word' id='word_1_101' title='bbox 1110 1806 1219 1872; x_wconf 83' lang='lat' dir='ltr'><strong>dotem</strong></span> <span class='ocrx_word' id='word_1_102' title='bbox 1231 1806 1335 1893; x_wconf 82' lang='lat' dir='ltr'><strong>ipsius</strong></span> 
     </span>
     <span class='ocr_line' id='line_1_14' title="bbox 230 1907 1335 1994; baseline -0.002 -18"><span class='ocrx_word' id='word_1_103' title='bbox 230 1911 303 1976; x_wconf 83' lang='lat' dir='ltr'><strong>Ade</strong></span> <span class='ocrx_word' id='word_1_104' title='bbox 324 1910 411 1975; x_wconf 87' lang='lat' dir='ltr'><strong>unde</strong></span> <span class='ocrx_word' id='word_1_105' title='bbox 436 1910 621 1975; x_wconf 87' lang='lat' dir='ltr'><strong>Willelmus</strong></span> <span class='ocrx_word' id='word_1_106' title='bbox 644 1909 685 1975; x_wconf 84' lang='grc'><strong>(16</strong></span> <span class='ocrx_word' id='word_1_107' title='bbox 712 1907 895 1994; x_wconf 83' lang='lat' dir='ltr'><strong>Gurtenay⁸</strong></span> <span class='ocrx_word' id='word_1_108' title='bbox 918 1910 1082 1994; x_wconf 88' lang='lat' dir='ltr'><strong>quondam</strong></span> <span class='ocrx_word' id='word_1_109' title='bbox 1108 1909 1161 1973; x_wconf 85' lang='lat' dir='ltr'><strong>uir</strong></span> <span class='ocrx_word' id='word_1_110' title='bbox 1183 1931 1262 1974; x_wconf 89' lang='lat' dir='ltr'><strong>suus</strong></span> <span class='ocrx_word' id='word_1_111' title='bbox 1288 1909 1335 1974; x_wconf 78' lang='lat' dir='ltr'><strong>ei⁶</strong></span> 
     </span>
     <span class='ocr_line' id='line_1_15' title="bbox 231 2013 951 2101; baseline -0.004 -21"><span class='ocrx_word' id='word_1_112' title='bbox 231 2015 358 2081; x_wconf 89' lang='lat' dir='ltr'><strong>dotauit</strong></span> <span class='ocrx_word' id='word_1_113' title='bbox 373 2024 432 2081; x_wconf 87' lang='lat' dir='ltr'><strong>etc.</strong></span> <span class='ocrx_word' id='word_1_114' title='bbox 448 2024 483 2081; x_wconf 90' lang='grc'><strong>66</strong></span> <span class='ocrx_word' id='word_1_115' title='bbox 498 2014 573 2079; x_wconf 89' lang='lat' dir='ltr'><strong>inde</strong></span> <span class='ocrx_word' id='word_1_116' title='bbox 588 2013 738 2101; x_wconf 76' lang='lat' dir='ltr'><strong>producit</strong></span> <span class='ocrx_word' id='word_1_117' title='bbox 753 2022 876 2079; x_wconf 87' lang='lat' dir='ltr'><strong>sectam</strong></span> <span class='ocrx_word' id='word_1_118' title='bbox 891 2022 951 2079; x_wconf 87' lang='lat' dir='ltr'><strong>etc.</strong></span> 
     </span>
    </p>

    <p class='ocr_par' dir='ltr' id='par_1_5' title="bbox 231 2116 1513 2723">
     <span class='ocr_line' id='line_1_16' title="bbox 295 2116 1494 2210; baseline -0.002 -26"><span class='ocrx_word' id='word_1_119' title='bbox 295 2120 339 2185; x_wconf 85' lang='lat' dir='ltr'><strong>Et</strong></span> <span class='ocrx_word' id='word_1_120' title='bbox 353 2119 537 2185; x_wconf 89' lang='lat' dir='ltr'><strong>Willelmus</strong></span> <span class='ocrx_word' id='word_1_121' title='bbox 552 2119 649 2203; x_wconf 89' lang='lat' dir='ltr'><strong>uenit</strong></span> <span class='ocrx_word' id='word_1_122' title='bbox 661 2126 696 2183; x_wconf 89' lang='lat' dir='ltr'><strong>et</strong></span> <span class='ocrx_word' id='word_1_123' title='bbox 710 2118 789 2183; x_wconf 87' lang='lat' dir='ltr'><strong>dicit</strong></span> <span class='ocrx_word' id='word_1_124' title='bbox 804 2118 891 2204; x_wconf 90' lang='lat' dir='ltr'><strong>quod</strong></span> <span class='ocrx_word' id='word_1_125' title='bbox 903 2140 967 2183; x_wconf 91' lang='lat' dir='ltr'><strong>non</strong></span> <span class='ocrx_word' id='word_1_126' title='bbox 979 2117 1078 2183; x_wconf 88' lang='lat' dir='ltr'><strong>debet</strong></span> <span class='ocrx_word' id='word_1_127' title='bbox 1089 2117 1200 2182; x_wconf 90' lang='lat' dir='ltr'><strong>dotem</strong></span> <span class='ocrx_word' id='word_1_128' title='bbox 1215 2116 1334 2182; x_wconf 90' lang='lat' dir='ltr'><strong>habere</strong></span> <span class='ocrx_word' id='word_1_129' title='bbox 1348 2124 1494 2210; x_wconf 57' lang='lat' dir='ltr'><strong>mffim</strong></span> 
     </span>
     <span class='ocr_line' id='line_1_17' title="bbox 231 2215 1513 2314; baseline -0.004 -25"><span class='ocrx_word' id='word_1_130' title='bbox 231 2224 315 2289; x_wconf 89' lang='lat' dir='ltr'><strong>siout</strong></span> <span class='ocrx_word' id='word_1_131' title='bbox 338 2223 409 2309; x_wconf 87' lang='lat' dir='ltr'><strong>ipsa</strong></span> <span class='ocrx_word' id='word_1_132' title='bbox 431 2222 526 2309; x_wconf 89' lang='lat' dir='ltr'><strong>petit,</strong></span> <span class='ocrx_word' id='word_1_133' title='bbox 550 2221 628 2308; x_wconf 89' lang='lat' dir='ltr'><strong>quia</strong></span> <span class='ocrx_word' id='word_1_134' title='bbox 654 2221 821 2287; x_wconf 75' lang='lat' dir='ltr'><strong>tonsilla</strong></span> <span class='ocrx_word' id='word_1_135' title='bbox 846 2228 897 2286; x_wconf 87' lang='grc'><strong>666</strong></span> <span class='ocrx_word' id='word_1_136' title='bbox 921 2220 1027 2305; x_wconf 87' lang='lat' dir='ltr'><strong>capud</strong></span> <span class='ocrx_word' id='word_1_137' title='bbox 1049 2220 1181 2285; x_wconf 84' lang='grc'><strong>11616116</strong></span> <span class='ocrx_word' id='word_1_138' title='bbox 1205 2228 1240 2285; x_wconf 88' lang='grc'><strong>61</strong></span> <span class='ocrx_word' id='word_1_139' title='bbox 1264 2220 1467 2314; x_wconf 45' lang='lat' dir='ltr'><strong>ipsuum?</strong></span> <span class='ocrx_word' id='word_1_140' title='bbox 1509 2215 1513 2221; x_wconf 72' lang='grc'>’</span> 
     </span>
     <span class='ocr_line' id='line_1_18' title="bbox 233 2312 1443 2415; baseline -0.002 -22"><span class='ocrx_word' id='word_1_141' title='bbox 233 2329 319 2415; x_wconf 84' lang='lat' dir='ltr'><strong>petit</strong></span> <span class='ocrx_word' id='word_1_142' title='bbox 342 2336 448 2393; x_wconf 87' lang='lat' dir='ltr'><strong>totam</strong></span> <span class='ocrx_word' id='word_1_143' title='bbox 471 2327 584 2392; x_wconf 85' lang='lat' dir='ltr'><strong>uillam</strong></span> <span class='ocrx_word' id='word_1_144' title='bbox 608 2325 644 2390; x_wconf 91' lang='lat' dir='ltr'><strong>in</strong></span> <span class='ocrx_word' id='word_1_145' title='bbox 672 2325 792 2403; x_wconf 87' lang='lat' dir='ltr'><strong>dotem,</strong></span> <span class='ocrx_word' id='word_1_146' title='bbox 818 2326 906 2392; x_wconf 91' lang='lat' dir='ltr'><strong>unde</strong></span> <span class='ocrx_word' id='word_1_147' title='bbox 932 2325 1066 2391; x_wconf 88' lang='lat' dir='ltr'><strong>uidetur</strong></span> <span class='ocrx_word' id='word_1_148' title='bbox 1095 2325 1126 2390; x_wconf 86' lang='lat' dir='ltr'><strong>ei</strong></span> <span class='ocrx_word' id='word_1_149' title='bbox 1155 2326 1241 2412; x_wconf 89' lang='lat' dir='ltr'><strong>quod</strong></span> <span class='ocrx_word' id='word_1_150' title='bbox 1270 2350 1335 2392; x_wconf 89' lang='lat' dir='ltr'><strong>nou</strong></span> <span class='ocrx_word' id='word_1_151' title='bbox 1347 2312 1443 2352; x_wconf 54' lang='lat' dir='ltr'><strong>mm*</strong></span> 
     </span>
     <span class='ocr_line' id='line_1_19' title="bbox 232 2429 1334 2517; baseline 0 -21"><span class='ocrx_word' id='word_1_152' title='bbox 232 2432 340 2517; x_wconf 85' lang='lat' dir='ltr'><strong>potuit</strong></span> <span class='ocrx_word' id='word_1_153' title='bbox 354 2430 430 2496; x_wconf 90' lang='lat' dir='ltr'><strong>inde</strong></span> <span class='ocrx_word' id='word_1_154' title='bbox 446 2430 560 2507; x_wconf 84' lang='lat' dir='ltr'><strong>dotari,</strong></span> <span class='ocrx_word' id='word_1_155' title='bbox 574 2437 624 2494; x_wconf 86' lang='grc'><strong>666</strong></span> <span class='ocrx_word' id='word_1_156' title='bbox 639 2429 667 2494; x_wconf 86' lang='lat' dir='ltr'><strong>si</strong></span> <span class='ocrx_word' id='word_1_157' title='bbox 682 2430 823 2495; x_wconf 87' lang='lat' dir='ltr'><strong>uoluerit</strong></span> <span class='ocrx_word' id='word_1_158' title='bbox 843 2429 962 2495; x_wconf 88' lang='lat' dir='ltr'><strong>habere</strong></span> <span class='ocrx_word' id='word_1_159' title='bbox 983 2430 1209 2495; x_wconf 83' lang='lat' dir='ltr'><strong>racionabilem</strong></span> <span class='ocrx_word' id='word_1_160' title='bbox 1225 2431 1334 2497; x_wconf 86' lang='lat' dir='ltr'><strong>dotem</strong></span> 
     </span>
     <span class='ocr_line' id='line_1_20' title="bbox 232 2534 1337 2621; baseline 0.002 -22"><span class='ocrx_word' id='word_1_161' title='bbox 232 2558 323 2599; x_wconf 87' lang='lat' dir='ltr'><strong>suam</strong></span> <span class='ocrx_word' id='word_1_162' title='bbox 338 2534 515 2600; x_wconf 88' lang='lat' dir='ltr'><strong>secundum</strong></span> <span class='ocrx_word' id='word_1_163' title='bbox 531 2535 638 2620; x_wconf 86' lang='lat' dir='ltr'><strong>legem</strong></span> <span class='ocrx_word' id='word_1_164' title='bbox 653 2541 747 2612; x_wconf 90' lang='grc'><strong>66116,</strong></span> <span class='ocrx_word' id='word_1_165' title='bbox 763 2534 887 2599; x_wconf 85' lang='lat' dir='ltr'><strong>scilicet</strong></span> <span class='ocrx_word' id='word_1_166' title='bbox 899 2535 1033 2600; x_wconf 80' lang='lat' dir='ltr'><strong>temiam</strong></span> <span class='ocrx_word' id='word_1_167' title='bbox 1047 2544 1185 2621; x_wconf 80' lang='lat' dir='ltr'><strong>paitem,</strong></span> <span class='ocrx_word' id='word_1_168' title='bbox 1197 2535 1337 2602; x_wconf 79' lang='lat' dir='ltr'><strong>libenter</strong></span> 
     </span>
     <span class='ocr_line' id='line_1_21' title="bbox 232 2637 678 2723; baseline -0.002 -19"><span class='ocrx_word' id='word_1_169' title='bbox 232 2638 263 2704; x_wconf 89' lang='grc'><strong>61</strong></span> <span class='ocrx_word' id='word_1_170' title='bbox 277 2638 375 2704; x_wconf 83' lang='lat' dir='ltr'><strong>saciet</strong></span> <span class='ocrx_word' id='word_1_171' title='bbox 389 2637 525 2703; x_wconf 87' lang='lat' dir='ltr'><strong>terciam</strong></span> <span class='ocrx_word' id='word_1_172' title='bbox 541 2646 678 2723; x_wconf 89' lang='lat' dir='ltr'><strong>partem.</strong></span> 
     </span>
    </p>

    <p class='ocr_par' dir='ltr' id='par_1_6' title="bbox 232 2740 1336 3529">
     <span class='ocr_line' id='line_1_22' title="bbox 296 2740 1336 2828; baseline 0 -21"><span class='ocrx_word' id='word_1_173' title='bbox 296 2743 341 2807; x_wconf 85' lang='lat' dir='ltr'><strong>Et</strong></span> <span class='ocrx_word' id='word_1_174' title='bbox 355 2741 560 2807; x_wconf 70' lang='lat' dir='ltr'><strong>&#39;I‘heobaddus</strong></span> <span class='ocrx_word' id='word_1_175' title='bbox 575 2749 609 2807; x_wconf 89' lang='lat' dir='ltr'><strong>et</strong></span> <span class='ocrx_word' id='word_1_176' title='bbox 629 2740 703 2805; x_wconf 83' lang='lat' dir='ltr'><strong>Ada</strong></span> <span class='ocrx_word' id='word_1_177' title='bbox 722 2740 836 2805; x_wconf 90' lang='lat' dir='ltr'><strong>dicunt</strong></span> <span class='ocrx_word' id='word_1_178' title='bbox 860 2741 947 2828; x_wconf 89' lang='lat' dir='ltr'><strong>quod</strong></span> <span class='ocrx_word' id='word_1_179' title='bbox 965 2741 1144 2807; x_wconf 85' lang='lat' dir='ltr'><strong>manerium</strong></span> <span class='ocrx_word' id='word_1_180' title='bbox 1166 2742 1248 2808; x_wconf 92' lang='lat' dir='ltr'><strong>illud</strong></span> <span class='ocrx_word' id='word_1_181' title='bbox 1270 2764 1336 2807; x_wconf 91' lang='lat' dir='ltr'><strong>non</strong></span> 
     </span>
     <span class='ocr_line' id='line_1_23' title="bbox 232 2842 1335 2930; baseline 0 -20"><span class='ocrx_word' id='word_1_182' title='bbox 232 2852 283 2910; x_wconf 91' lang='grc'><strong>666</strong></span> <span class='ocrx_word' id='word_1_183' title='bbox 311 2844 418 2930; x_wconf 90' lang='lat' dir='ltr'><strong>capud</strong></span> <span class='ocrx_word' id='word_1_184' title='bbox 446 2843 579 2908; x_wconf 88' lang='grc'><strong>11616116</strong></span> <span class='ocrx_word' id='word_1_185' title='bbox 607 2843 708 2907; x_wconf 91' lang='lat' dir='ltr'><strong>immo</strong></span> <span class='ocrx_word' id='word_1_186' title='bbox 737 2842 885 2909; x_wconf 83' lang='lat' dir='ltr'><strong>defendit</strong></span> <span class='ocrx_word' id='word_1_187' title='bbox 913 2867 948 2909; x_wconf 88' lang='grc'><strong>66</strong></span> <span class='ocrx_word' id='word_1_188' title='bbox 977 2843 1051 2930; x_wconf 83' lang='lat' dir='ltr'><strong>per&#39;</strong></span> <span class='ocrx_word' id='word_1_189' title='bbox 1079 2845 1209 2911; x_wconf 85' lang='lat' dir='ltr'><strong>feodum</strong></span> <span class='ocrx_word' id='word_1_190' title='bbox 1239 2846 1335 2910; x_wconf 81' lang='lat' dir='ltr'><strong>unius</strong></span> 
     </span>
     <span class='ocr_line' id='line_1_24' title="bbox 232 2946 1336 3033; baseline 0.005 -22"><span class='ocrx_word' id='word_1_191' title='bbox 232 2947 345 3012; x_wconf 85' lang='lat' dir='ltr'><strong>militis</strong></span> <span class='ocrx_word' id='word_1_192' title='bbox 368 2969 427 3032; x_wconf 87' lang='lat' dir='ltr'><strong>per</strong></span> <span class='ocrx_word' id='word_1_193' title='bbox 448 2969 482 3012; x_wconf 89' lang='grc'><strong>66</strong></span> <span class='ocrx_word' id='word_1_194' title='bbox 505 2954 540 3013; x_wconf 88' lang='grc'><strong>61</strong></span> <span class='ocrx_word' id='word_1_195' title='bbox 564 2954 713 3032; x_wconf 88' lang='lat' dir='ltr'><strong>preterea</strong></span> <span class='ocrx_word' id='word_1_196' title='bbox 732 2946 940 3033; x_wconf 77' lang='lat' dir='ltr'><strong>Reginaldus&#39;</strong></span> <span class='ocrx_word' id='word_1_197' title='bbox 955 2947 1043 3013; x_wconf 87' lang='lat' dir='ltr'><strong>filius</strong></span> <span class='ocrx_word' id='word_1_198' title='bbox 1063 2948 1140 3013; x_wconf 83' lang='lat' dir='ltr'><strong>Ursi</strong></span> <span class='ocrx_word' id='word_1_199' title='bbox 1155 2957 1336 3016; x_wconf 81' lang='lat' dir='ltr'><strong>antecessor</strong></span> 
     </span>
     <span class='ocr_line' id='line_1_25' title="bbox 232 3047 1335 3134; baseline -0.001 -19"><span class='ocrx_word' id='word_1_200' title='bbox 232 3049 389 3115; x_wconf 89' lang='lat' dir='ltr'><strong>Willelmi</strong></span> <span class='ocrx_word' id='word_1_201' title='bbox 410 3050 452 3114; x_wconf 84' lang='lat' dir='ltr'><strong>de</strong></span> <span class='ocrx_word' id='word_1_202' title='bbox 475 3049 642 3134; x_wconf 82' lang='lat' dir='ltr'><strong>Gurtenay</strong></span> <span class='ocrx_word' id='word_1_203' title='bbox 662 3047 789 3113; x_wconf 85' lang='lat' dir='ltr'><strong>dotauit</strong></span> <span class='ocrx_word' id='word_1_204' title='bbox 810 3048 1006 3113; x_wconf 84' lang='lat' dir='ltr'><strong>Beatriciam</strong></span> <span class='ocrx_word' id='word_1_205' title='bbox 1026 3064 1157 3113; x_wconf 77' lang='lat' dir='ltr'><strong>uxorem</strong></span> <span class='ocrx_word' id='word_1_206' title='bbox 1180 3071 1272 3113; x_wconf 89' lang='grc'><strong>611611</strong></span> <span class='ocrx_word' id='word_1_207' title='bbox 1294 3050 1335 3115; x_wconf 90' lang='lat' dir='ltr'><strong>de</strong></span> 
     </span>
     <span class='ocr_line' id='line_1_26' title="bbox 232 3152 1335 3239; baseline 0 -20"><span class='ocrx_word' id='word_1_208' title='bbox 232 3154 345 3220; x_wconf 91' lang='lat' dir='ltr'><strong>eodem</strong></span> <span class='ocrx_word' id='word_1_209' title='bbox 371 3154 522 3231; x_wconf 83' lang='lat' dir='ltr'><strong>manerio,</strong></span> <span class='ocrx_word' id='word_1_210' title='bbox 546 3176 609 3239; x_wconf 91' lang='lat' dir='ltr'><strong>que</strong></span> <span class='ocrx_word' id='word_1_211' title='bbox 632 3161 706 3239; x_wconf 91' lang='lat' dir='ltr'><strong>post</strong></span> <span class='ocrx_word' id='word_1_212' title='bbox 731 3161 870 3218; x_wconf 89' lang='lat' dir='ltr'><strong>mortem</strong></span> <span class='ocrx_word' id='word_1_213' title='bbox 892 3153 995 3239; x_wconf 87' lang='lat' dir='ltr'><strong>ipsius</strong></span> <span class='ocrx_word' id='word_1_214' title='bbox 1024 3152 1197 3239; x_wconf 84' lang='lat' dir='ltr'><strong>Reginaldi</strong></span> <span class='ocrx_word' id='word_1_215' title='bbox 1225 3154 1335 3219; x_wconf 89' lang='lat' dir='ltr'><strong>tenuit</strong></span> 
     </span>
     <span class='ocr_line' id='line_1_27' title="bbox 233 3255 1334 3344; baseline 0.002 -22"><span class='ocrx_word' id='word_1_216' title='bbox 233 3257 411 3323; x_wconf 86' lang='lat' dir='ltr'><strong>manerium</strong></span> <span class='ocrx_word' id='word_1_217' title='bbox 426 3255 507 3321; x_wconf 84' lang='lat' dir='ltr'><strong>illud</strong></span> <span class='ocrx_word' id='word_1_218' title='bbox 522 3256 557 3321; x_wconf 90' lang='lat' dir='ltr'><strong>in</strong></span> <span class='ocrx_word' id='word_1_219' title='bbox 571 3256 681 3321; x_wconf 86' lang='lat' dir='ltr'><strong>dotem</strong></span> <span class='ocrx_word' id='word_1_220' title='bbox 696 3264 768 3321; x_wconf 88' lang='grc'><strong>1616</strong></span> <span class='ocrx_word' id='word_1_221' title='bbox 782 3257 935 3334; x_wconf 86' lang='grc'><strong>11666116,</strong></span> <span class='ocrx_word' id='word_1_222' title='bbox 949 3265 985 3322; x_wconf 87' lang='grc'><strong>61</strong></span> <span class='ocrx_word' id='word_1_223' title='bbox 999 3257 1070 3344; x_wconf 87' lang='lat' dir='ltr'><strong>ipsa</strong></span> <span class='ocrx_word' id='word_1_224' title='bbox 1084 3257 1158 3322; x_wconf 87' lang='lat' dir='ltr'><strong>Ada</strong></span> <span class='ocrx_word' id='word_1_225' title='bbox 1176 3258 1240 3322; x_wconf 82' lang='lat' dir='ltr'><strong>fuit</strong></span> <span class='ocrx_word' id='word_1_226' title='bbox 1258 3258 1334 3324; x_wconf 87' lang='lat' dir='ltr'><strong>inde</strong></span> 
     </span>
     <span class='ocr_line' id='line_1_28' title="bbox 232 3358 1334 3445; baseline 0.003 -20"><span class='ocrx_word' id='word_1_227' title='bbox 232 3359 423 3425; x_wconf 84' lang='lat' dir='ltr'><strong>nominatim</strong></span> <span class='ocrx_word' id='word_1_228' title='bbox 438 3360 551 3424; x_wconf 88' lang='lat' dir='ltr'><strong>dotata</strong></span> <span class='ocrx_word' id='word_1_229' title='bbox 564 3358 651 3424; x_wconf 87' lang='lat' dir='ltr'><strong>unde</strong></span> <span class='ocrx_word' id='word_1_230' title='bbox 667 3358 798 3423; x_wconf 88' lang='lat' dir='ltr'><strong>uidetur</strong></span> <span class='ocrx_word' id='word_1_231' title='bbox 813 3359 844 3424; x_wconf 90' lang='grc'><strong>61</strong></span> <span class='ocrx_word' id='word_1_232' title='bbox 859 3358 944 3445; x_wconf 93' lang='lat' dir='ltr'><strong>quod</strong></span> <span class='ocrx_word' id='word_1_233' title='bbox 959 3359 1043 3425; x_wconf 88' lang='lat' dir='ltr'><strong>bene</strong></span> <span class='ocrx_word' id='word_1_234' title='bbox 1064 3359 1173 3445; x_wconf 90' lang='lat' dir='ltr'><strong>potuit</strong></span> <span class='ocrx_word' id='word_1_235' title='bbox 1192 3359 1241 3425; x_wconf 90' lang='grc'><strong>116</strong></span> <span class='ocrx_word' id='word_1_236' title='bbox 1259 3360 1334 3428; x_wconf 85' lang='lat' dir='ltr'><strong>inde</strong></span> 
     </span>
     <span class='ocr_line' id='line_1_29' title="bbox 232 3463 344 3529; baseline 0 0"><span class='ocrx_word' id='word_1_237' title='bbox 232 3463 344 3529; x_wconf 86' lang='lat' dir='ltr'><strong>dotari.</strong></span> 
     </span>
    </p>

    <p class='ocr_par' dir='ltr' id='par_1_7' title="bbox 231 3566 1335 4072">
     <span class='ocr_line' id='line_1_30' title="bbox 297 3566 1334 3654; baseline 0 -21"><span class='ocrx_word' id='word_1_238' title='bbox 297 3568 341 3633; x_wconf 86' lang='lat' dir='ltr'><strong>Et</strong></span> <span class='ocrx_word' id='word_1_239' title='bbox 369 3566 553 3633; x_wconf 89' lang='lat' dir='ltr'><strong>Willelmus</strong></span> <span class='ocrx_word' id='word_1_240' title='bbox 581 3566 661 3632; x_wconf 89' lang='lat' dir='ltr'><strong>dicit</strong></span> <span class='ocrx_word' id='word_1_241' title='bbox 690 3566 776 3652; x_wconf 91' lang='lat' dir='ltr'><strong>quod</strong></span> <span class='ocrx_word' id='word_1_242' title='bbox 805 3567 986 3632; x_wconf 85' lang='lat' dir='ltr'><strong>manerium</strong></span> <span class='ocrx_word' id='word_1_243' title='bbox 1022 3566 1105 3633; x_wconf 90' lang='lat' dir='ltr'><strong>illud</strong></span> <span class='ocrx_word' id='word_1_244' title='bbox 1141 3576 1193 3633; x_wconf 91' lang='lat' dir='ltr'><strong>est</strong></span> <span class='ocrx_word' id='word_1_245' title='bbox 1229 3570 1334 3654; x_wconf 88' lang='lat' dir='ltr'><strong>capud</strong></span> 
     </span>
     <span class='ocr_line' id='line_1_31' title="bbox 232 3670 1333 3756; baseline 0 -19"><span class='ocrx_word' id='word_1_246' title='bbox 232 3671 362 3737; x_wconf 85' lang='lat' dir='ltr'><strong>baronio</strong></span> <span class='ocrx_word' id='word_1_247' title='bbox 384 3678 419 3735; x_wconf 92' lang='lat' dir='ltr'><strong>et</strong></span> <span class='ocrx_word' id='word_1_248' title='bbox 440 3670 582 3756; x_wconf 83' lang='lat' dir='ltr'><strong>piimum</strong></span> <span class='ocrx_word' id='word_1_249' title='bbox 605 3671 836 3736; x_wconf 84' lang='lat' dir='ltr'><strong>feofamentum</strong></span> <span class='ocrx_word' id='word_1_250' title='bbox 859 3680 1098 3737; x_wconf 86' lang='lat' dir='ltr'><strong>autecessorum</strong></span> <span class='ocrx_word' id='word_1_251' title='bbox 1112 3672 1271 3737; x_wconf 88' lang='lat' dir='ltr'><strong>Willelmi</strong></span> <span class='ocrx_word' id='word_1_252' title='bbox 1292 3672 1333 3737; x_wconf 90' lang='lat' dir='ltr'><strong>de</strong></span> 
     </span>
     <span class='ocr_line' id='line_1_32' title="bbox 233 3773 1333 3861; baseline -0.001 -20"><span class='ocrx_word' id='word_1_253' title='bbox 233 3774 399 3860; x_wconf 84' lang='lat' dir='ltr'><strong>Ourtenay</strong></span> <span class='ocrx_word' id='word_1_254' title='bbox 410 3782 445 3839; x_wconf 92' lang='grc'><strong>61</strong></span> <span class='ocrx_word' id='word_1_255' title='bbox 456 3782 548 3839; x_wconf 86' lang='grc'><strong>16161</strong></span> <span class='ocrx_word' id='word_1_256' title='bbox 564 3773 605 3839; x_wconf 89' lang='lat' dir='ltr'><strong>de</strong></span> <span class='ocrx_word' id='word_1_257' title='bbox 620 3773 750 3839; x_wconf 89' lang='lat' dir='ltr'><strong>domino</strong></span> <span class='ocrx_word' id='word_1_258' title='bbox 760 3774 851 3859; x_wconf 84' lang='lat' dir='ltr'><strong>Rege</strong></span> <span class='ocrx_word' id='word_1_259' title='bbox 862 3774 898 3839; x_wconf 91' lang='lat' dir='ltr'><strong>in</strong></span> <span class='ocrx_word' id='word_1_260' title='bbox 908 3773 1024 3860; x_wconf 88' lang='lat' dir='ltr'><strong>capite,</strong></span> <span class='ocrx_word' id='word_1_261' title='bbox 1035 3782 1070 3840; x_wconf 89' lang='lat' dir='ltr'><strong>et</strong></span> <span class='ocrx_word' id='word_1_262' title='bbox 1081 3774 1166 3861; x_wconf 87' lang='lat' dir='ltr'><strong>petit</strong></span> <span class='ocrx_word' id='word_1_263' title='bbox 1176 3774 1333 3841; x_wconf 88' lang='lat' dir='ltr'><strong>iudicium</strong></span> 
     </span>
     <span class='ocr_line' id='line_1_33' title="bbox 231 3876 1333 3965; baseline 0 -21"><span class='ocrx_word' id='word_1_264' title='bbox 231 3880 260 3944; x_wconf 90' lang='grc'><strong>61</strong></span> <span class='ocrx_word' id='word_1_265' title='bbox 288 3878 375 3944; x_wconf 90' lang='lat' dir='ltr'><strong>idem</strong></span> <span class='ocrx_word' id='word_1_266' title='bbox 404 3877 588 3943; x_wconf 83' lang='lat' dir='ltr'><strong>Willelmus</strong></span> <span class='ocrx_word' id='word_1_267' title='bbox 611 3876 652 3943; x_wconf 93' lang='lat' dir='ltr'><strong>de</strong></span> <span class='ocrx_word' id='word_1_268' title='bbox 683 3877 848 3965; x_wconf 86' lang='lat' dir='ltr'><strong>Curtenay</strong></span> <span class='ocrx_word' id='word_1_269' title='bbox 877 3879 986 3965; x_wconf 87' lang='lat' dir='ltr'><strong>potuit</strong></span> <span class='ocrx_word' id='word_1_270' title='bbox 1014 3901 1086 3943; x_wconf 89' lang='lat' dir='ltr'><strong>eam</strong></span> <span class='ocrx_word' id='word_1_271' title='bbox 1117 3879 1192 3944; x_wconf 91' lang='lat' dir='ltr'><strong>iude</strong></span> <span class='ocrx_word' id='word_1_272' title='bbox 1222 3879 1333 3945; x_wconf 87' lang='lat' dir='ltr'><strong>dotare</strong></span> 
     </span>
     <span class='ocr_line' id='line_1_34' title="bbox 232 3981 1335 4072; baseline 0.002 -23"><span class='ocrx_word' id='word_1_273' title='bbox 232 3983 357 4049; x_wconf 87' lang='lat' dir='ltr'><strong>desicut</strong></span> <span class='ocrx_word' id='word_1_274' title='bbox 372 3989 422 4047; x_wconf 89' lang='grc'><strong>661</strong></span> <span class='ocrx_word' id='word_1_275' title='bbox 437 3981 541 4068; x_wconf 88' lang='lat' dir='ltr'><strong>capud</strong></span> <span class='ocrx_word' id='word_1_276' title='bbox 556 3982 695 4049; x_wconf 84' lang='lat' dir='ltr'><strong>baronio.</strong></span> <span class='ocrx_word' id='word_1_277' title='bbox 740 3982 830 4048; x_wconf 91' lang='lat' dir='ltr'><strong>Dicit</strong></span> <span class='ocrx_word' id='word_1_278' title='bbox 851 3982 955 4048; x_wconf 90' lang='lat' dir='ltr'><strong>eciam</strong></span> <span class='ocrx_word' id='word_1_279' title='bbox 977 3984 1064 4070; x_wconf 93' lang='lat' dir='ltr'><strong>quod</strong></span> <span class='ocrx_word' id='word_1_280' title='bbox 1085 3984 1113 4049; x_wconf 90' lang='lat' dir='ltr'><strong>si</strong></span> <span class='ocrx_word' id='word_1_281' title='bbox 1135 3984 1335 4072; x_wconf 80' lang='lat' dir='ltr'><strong>Reginaldus</strong></span> 
     </span>
    </p>
   </div>
   <div class='ocr_carea' id='block_1_3' title="bbox 232 4102 1335 4557">
    <p class='ocr_par' dir='ltr' id='par_1_8' title="bbox 232 4102 1335 4557">
     <span class='ocr_line' id='line_1_35' title="bbox 264 4102 1120 4165; baseline 0.006 -13"><span class='ocrx_word' id='word_1_282' title='bbox 264 4102 276 4136; x_wconf 85' lang='lat'>¹</span> <span class='ocrx_word' id='word_1_283' title='bbox 292 4102 347 4153; x_wconf 75' lang='lat' dir='ltr'><strong>The</strong></span> <span class='ocrx_word' id='word_1_284' title='bbox 361 4102 444 4152; x_wconf 83' lang='lat' dir='ltr'><strong>words</strong></span> <span class='ocrx_word' id='word_1_285' title='bbox 464 4105 498 4161; x_wconf 76' lang='grc'><strong>’61</strong></span> <span class='ocrx_word' id='word_1_286' title='bbox 512 4108 628 4165; x_wconf 73' lang='lat' dir='ltr'><strong>preterea</strong></span> <span class='ocrx_word' id='word_1_287' title='bbox 644 4104 755 4153; x_wconf 75' lang='lat' dir='ltr'><strong>decem...</strong></span> <span class='ocrx_word' id='word_1_288' title='bbox 839 4104 851 4135; x_wconf 78' lang='lat'><strong>⁴</strong></span> <span class='ocrx_word' id='word_1_289' title='bbox 866 4104 897 4152; x_wconf 83' lang='lat' dir='ltr'><strong>A.</strong></span> <span class='ocrx_word' id='word_1_290' title='bbox 908 4118 944 4155; x_wconf 86' lang='lat' dir='ltr'><strong>m.</strong></span> <span class='ocrx_word' id='word_1_291' title='bbox 956 4105 986 4165; x_wconf 73' lang='lat'><strong>93</strong></span> <span class='ocrx_word' id='word_1_292' title='bbox 1003 4103 1034 4154; x_wconf 91' lang='lat' dir='ltr'><strong>B.</strong></span> <span class='ocrx_word' id='word_1_293' title='bbox 1046 4118 1082 4156; x_wconf 87' lang='lat' dir='ltr'><strong>m.</strong></span> <span class='ocrx_word' id='word_1_294' title='bbox 1095 4106 1120 4159; x_wconf 79' lang='lat'><strong>7.</strong></span> 
     </span>
     <span class='ocr_line' id='line_1_36' title="bbox 233 4166 1047 4265; baseline 0.002 -48"><span class='ocrx_word' id='word_1_295' title='bbox 233 4170 320 4247; x_wconf 45' lang='lat' dir='ltr'><strong>ipetm·</strong></span> <span class='ocrx_word' id='word_1_296' title='bbox 334 4167 457 4218; x_wconf 60' lang='lat' dir='ltr'><strong>Hemici’</strong></span> <span class='ocrx_word' id='word_1_297' title='bbox 480 4166 642 4245; x_wconf 63' lang='grc'><strong>(6661161611)</strong></span> <span class='ocrx_word' id='word_1_298' title='bbox 665 4166 759 4216; x_wconf 87' lang='lat' dir='ltr'><strong>should</strong></span> <span class='ocrx_word' id='word_1_299' title='bbox 840 4168 852 4265; x_wconf 57' lang='lat' dir='ltr'><strong><em>z</em></strong></span> <span class='ocrx_word' id='word_1_300' title='bbox 869 4170 1003 4233; x_wconf 67' lang='grc'><strong>06116666,</strong></span> <span class='ocrx_word' id='word_1_301' title='bbox 1016 4168 1047 4219; x_wconf 88' lang='grc' dir='ltr'><strong>Β.</strong></span> 
     </span>
     <span class='ocr_line' id='line_1_37' title="bbox 233 4230 1253 4363; baseline 0.002 -14"><span class='ocrx_word' id='word_1_302' title='bbox 233 4231 655 4363; x_wconf 66' lang='grc'><strong>6161661111</strong></span> <span class='ocrx_word' id='word_1_303' title='bbox 665 4230 758 4348; x_wconf 71' lang='lat' dir='ltr'>u</span> <span class='ocrx_word' id='word_1_304' title='bbox 841 4233 1109 4356; x_wconf 72' lang='grc'><strong>116666</strong></span> <span class='ocrx_word' id='word_1_305' title='bbox 1186 4299 1253 4351; x_wconf 59' lang='lat' dir='ltr'><strong>hu</strong></span> 
     </span>
     <span class='ocr_line' id='line_1_38' title="bbox 232 4362 1335 4428; baseline 0.001 -13"><span class='ocrx_word' id='word_1_306' title='bbox 232 4362 343 4415; x_wconf 78' lang='grc'><strong>16661611.</strong></span> <span class='ocrx_word' id='word_1_307' title='bbox 808 4362 907 4425; x_wconf 83' lang='lat' dir='ltr'><strong>barony</strong></span> <span class='ocrx_word' id='word_1_308' title='bbox 923 4362 971 4413; x_wconf 85' lang='lat' dir='ltr'><strong>but</strong></span> <span class='ocrx_word' id='word_1_309' title='bbox 989 4364 1013 4413; x_wconf 88' lang='grc'><strong>16</strong></span> <span class='ocrx_word' id='word_1_310' title='bbox 1031 4379 1048 4415; x_wconf 87' lang='grc'><strong>6</strong></span> <span class='ocrx_word' id='word_1_311' title='bbox 1063 4363 1178 4427; x_wconf 73' lang='lat' dir='ltr'><strong>knight’s</strong></span> <span class='ocrx_word' id='word_1_312' title='bbox 1194 4365 1233 4415; x_wconf 81' lang='grc'><strong>166</strong></span> <span class='ocrx_word' id='word_1_313' title='bbox 1249 4366 1285 4416; x_wconf 82' lang='lat' dir='ltr'><strong>all</strong></span> <span class='ocrx_word' id='word_1_314' title='bbox 1301 4366 1335 4428; x_wconf 78' lang='lat' dir='ltr'><strong>by</strong></span> 
     </span>
     <span class='ocr_line' id='line_1_39' title="bbox 264 4426 1188 4557; baseline 0.004 -81"><span class='ocrx_word' id='word_1_315' title='bbox 264 4429 276 4526; x_wconf 51' lang='grc' dir='ltr'>ἰ</span> <span class='ocrx_word' id='word_1_316' title='bbox 292 4427 365 4556; x_wconf 48' lang='lat'><strong>3313</strong></span> <span class='ocrx_word' id='word_1_317' title='bbox 364 4430 513 4557; x_wconf 46' lang='lat' dir='ltr'><strong>gemm,</strong></span> <span class='ocrx_word' id='word_1_318' title='bbox 522 4426 555 4551; x_wconf 55' lang='grc' dir='ltr'>ἓ</span> <span class='ocrx_word' id='word_1_319' title='bbox 565 4492 596 4542; x_wconf 44' lang='grc' dir='ltr'><strong>Β.</strong></span> <span class='ocrx_word' id='word_1_320' title='bbox 808 4426 880 4478; x_wconf 81' lang='grc'><strong>166611</strong></span> <span class='ocrx_word' id='word_1_321' title='bbox 889 4427 943 4479; x_wconf 84' lang='lat' dir='ltr'><strong>sud</strong></span> <span class='ocrx_word' id='word_1_322' title='bbox 952 4427 976 4479; x_wconf 87' lang='lat' dir='ltr'><strong>is</strong></span> <span class='ocrx_word' id='word_1_323' title='bbox 987 4428 1063 4480; x_wconf 83' lang='lat' dir='ltr'><strong>taxed</strong></span> <span class='ocrx_word' id='word_1_324' title='bbox 1073 4444 1104 4480; x_wconf 86' lang='grc'><strong>66</strong></span> <span class='ocrx_word' id='word_1_325' title='bbox 1115 4428 1188 4486; x_wconf 83' lang='lat' dir='ltr'><strong>such.</strong></span> 
     </span>
    </p>
   </div>
   <div class='ocr_carea' id='block_1_4' title="bbox 0 0 1677 5217">
    <p class='ocr_par' dir='ltr' id='par_1_9' title="bbox 0 0 1677 5217">
     <span class='ocr_line' id='line_1_40' title="bbox 0 0 1677 5217; baseline 0 0"><span class='ocrx_word' id='word_1_326' title='bbox 0 0 1677 5217; x_wconf 95' lang='lat' dir='ltr'><strong> </strong></span> 
     </span>
    </p>
   </div>
  </div>
 </body>
</html>
