3342 5217
424 306 655 366 monianum,
678 308 742 355 nn.
768 294 861 367 1231,
884 308 946 357 aa
972 297 1107 359 15-16.
1253 297 1317 364 477

215 474 315 559 ipsius
330 474 454 539 Decani
469 474 631 561 quoddam
647 484 873 541 tenementum
889 498 947 561 pro
961 477 1037 542 dim
1053 500 1148 543 marc.
1163 501 1221 565 per
1234 502 1317 555 ann,

214 681 420 747 elemosinam
435 682 559 747 Abbati
579 683 620 747 de
637 683 849 748 Messendena
869 692 903 747 et
918 684 971 767 xij.
987 685 1058 749 den
1074 686 1165 751 dedit
1185 688 1317 753 ecclesie

212 785 253 849 de
272 785 456 851 Wendoure
478 786 565 850 unde
587 785 673 850 idem
697 786 849 851 Decanus
871 794 921 851 est
943 810 1078 873 persona
1099 790 1141 854 ad
1155 790 1318 875 quandam

213 888 394 974 lampadem
424 887 676 953 sustendendam
706 889 740 953 in
771 888 884 953 eadem
914 890 1048 955 eeclesia
1077 891 1126 956 ita
1146 893 1232 979 quod
1261 916 1320 979 per

213 992 333 1056 donum
353 992 435 1056 illud
450 991 513 1055 fuit
534 990 668 1055 ecclesia
689 1013 749 1055 sua
769 991 804 1056 in
826 992 945 1056 seisina
966 992 1007 1058 de
1022 994 1168 1079 predicto
1188 997 1319 1061 redditu

213 1118 271 1181 per
281 1095 361 1159 duos
376 1116 476 1159 annos
491 1093 592 1157 donec
606 1092 693 1158 idem
705 1091 779 1157 Ada
793 1115 852 1178 per
865 1093 995 1179 aliquod
1011 1103 1141 1181 tempus
1154 1098 1319 1163 redditum

213 1198 305 1287 illum
326 1199 357 1263 ei
379 1197 511 1263 reddere
534 1196 648 1273 noluit,
662 1196 712 1262 ita
733 1196 820 1282 quod
842 1198 919 1283 quia
940 1200 1079 1264 cessauit
1100 1199 1136 1264 in
1157 1202 1318 1267 solucione

213 1301 351 1387 predicti
373 1301 519 1365 redditus
544 1300 621 1365 fecit
646 1322 720 1363 eum
751 1298 844 1364 citari
870 1322 976 1364 coram
1002 1302 1236 1368 Archidiaeono
1262 1305 1319 1369 ubi

214 1405 300 1469 idem
322 1404 398 1469 Ada
422 1412 600 1489 spontanea
629 1403 800 1467 uoluntate
830 1404 939 1489 posuit
968 1427 1002 1469 se
1031 1428 1129 1491 super
1157 1408 1318 1493 quandam

214 1509 459 1595 inquisicionem
481 1531 539 1594 per
560 1530 658 1593 quam
681 1508 890 1571 conuinctum
905 1508 969 1572 fuit
989 1508 1075 1594 quod
1096 1509 1242 1575 redditus
1263 1511 1319 1577 ille

214 1613 267 1695 xij.
292 1612 364 1677 den.
385 1610 545 1697 pertinuit
567 1610 609 1674 ad
631 1608 810 1696 predictam
836 1611 1013 1689 ecclesiam,
1034 1620 1069 1676 et
1090 1612 1177 1698 quod
1198 1614 1319 1679 donum

214 1715 296 1780 illud
314 1714 363 1779 ita
376 1716 499 1779 factum
515 1713 578 1777 luit
599 1735 657 1798 per
679 1712 861 1799 predictum
877 1714 1041 1800 Rogerum
1062 1716 1202 1801 profert¹
1217 1718 1319 1803 ipsius

214 1820 333 1907 Rogeri
349 1842 411 1905 que
426 1828 486 1884 etc.
502 1817 552 1882 'et
567 1818 654 1903 xviij.
670 1817 740 1881 den
755 1817 865 1882 reddit
880 1817 1013 1903 capitali
1027 1818 1158 1883 domino
1168 1820 1188 1885 ¹.

280 1925 323 1988 Et
343 1924 418 1988 Ada
438 1921 623 2008 dicitquod
645 1920 780 1986 ecclesia
800 1920 858 1985 illa
879 1944 1045 2007 nunquam
1060 1922 1123 1987 fuit
1145 1924 1180 1988 in
1201 1925 1320 1990 seisina

213 2026 254 2091 de
269 2026 413 2112 predicto
427 2025 557 2090 redditu
573 2046 632 2110 per
651 2032 773 2088 cartam
787 2023 966 2109 predictam
987 2024 1096 2110 aliquo
1115 2032 1269 2112 tempore,
1284 2037 1319 2119 et

213 2131 289 2195 inde
308 2130 401 2217 ponit
423 2153 457 2194 se
479 2151 577 2214 super
597 2127 746 2213 patriam,
760 2137 794 2192 et
817 2128 899 2193 bene
922 2116 1084 2216 cognoscit
1106 2130 1193 2216 quod
1212 2131 1320 2196 reddit

213 2234 269 2319 iiij.
286 2234 341 2298 sol.
356 2232 444 2319 apud
459 2231 691 2296 Mesendenam
706 2239 756 2295 set
770 2230 852 2295 dicit
867 2231 953 2316 quod
967 2240 1060 2296 tenet
1078 2233 1243 2299 redditum
1263 2236 1317 2321 xij.

212 2336 284 2401 den
301 2336 335 2401 in
350 2358 449 2399 manu
464 2358 523 2399 sua
538 2334 639 2399 donec
653 2334 734 2399 sciat
749 2335 821 2420 quis
836 2334 880 2398 sit
894 2335 1000 2399 iustus
1015 2334 1115 2401 heres

279 2442 323 2505 Et
337 2440 488 2505 Decanus
503 2439 679 2525 dicitquod
694 2439 828 2503 ecclesia
842 2462 902 2503 sua
913 2440 976 2505 fuit
993 2440 1105 2505 saisita
1119 2440 1158 2506 de
1174 2443 1319 2528 predicto

213 2545 344 2610 redditu
366 2545 419 2630 xij.
441 2544 510 2608 den.
534 2552 567 2608 et
587 2566 645 2629 per
665 2552 786 2608 cartam
809 2544 899 2608 illam
923 2554 957 2608 et
979 2545 1065 2631 quod
1086 2547 1155 2633 egit
1174 2548 1210 2611 in
1231 2548 1321 2613 curia

191 2646 436 2730 leristianitatis
451 2649 491 2713 de
514 2649 637 2713 recenti
659 2648 853 2734 spoliacione
865 2648 884 2725 ⁸,
900 2657 934 2713 et
956 2649 1032 2715 inde
1052 2652 1145 2736 ponit
1167 2674 1201 2716 se
1223 2674 1320 2737 super

213 2754 361 2840 patriam.
406 2754 451 2817 Et
480 2753 554 2819 Ada
582 2754 665 2817 bene
695 2752 842 2817 defendit
871 2752 959 2837 quod
988 2776 1155 2838 nunquam
1184 2755 1248 2819 fuit
1283 2756 1319 2820 in

213 2858 332 2923 seisina
354 2859 393 2923 de
416 2859 529 2924 eadem
559 2856 665 2923 terra⁴
691 2865 725 2921 et
755 2857 830 2921 inde
860 2856 953 2942 ponit
982 2880 1016 2921 se
1045 2880 1143 2944 super
1170 2860 1317 2945 patriam.

213 2961 259 3025 Et
280 2961 353 3025 ideo
378 2970 568 3046 preceptum
598 2967 648 3023 est
679 2958 862 3023 uicecomiti
889 2958 975 3044 quod
1004 2981 1110 3023 coram
1139 2982 1178 3024 eo
1206 2961 1318 3025 uenire

213 3067 312 3131 faciat
331 3066 386 3150 xij.
407 3074 442 3130 et
461 3088 521 3151 per
540 3086 651 3129 eorum
673 3071 912 3129 sacramentum
935 3071 996 3128 etc.
1016 3063 1045 3127 si
1066 3064 1231 3149 predictus
1252 3066 1317 3130 De-

213 3194 313 3237 canus
328 3170 391 3235 fuit
406 3170 440 3234 in
460 3169 578 3235 seisina
597 3167 726 3232 nomine
746 3167 879 3232 ecclesie
897 3189 954 3231 sne
969 3167 1010 3231 de
1025 3167 1169 3252 predicto
1188 3168 1318 3233 redditu

214 3274 268 3339 uel
283 3295 357 3350 non,
372 3280 406 3336 et
421 3270 533 3335 uenire
549 3269 646 3337 faciat
661 3277 719 3333 etc.
736 3290 795 3354 per
809 3268 919 3333 literas
934 3277 969 3332 et
983 3291 1041 3353 per
1055 3269 1135 3334 duos
1149 3278 1210 3337 etc.
1229 3270 1234 3355 Ι

154 3429 162 3444 .
281 3375 394 3440 Simon
414 3372 604 3437 Balistarius
625 3380 657 3435 et
680 3370 843 3456 Margania
860 3393 941 3434 uxor
956 3370 1026 3435 eius
1045 3373 1234 3436 ammoniti
1248 3373 1318 3438 fue·
1415 3387 1432 3417 ⁰·

213 3494 292 3545 runt
310 3500 368 3565 per
384 3478 483 3543 breue
503 3477 544 3541 de
560 3475 717 3541 tuarancia
736 3484 823 3541 carte
843 3475 886 3540 ad
904 3475 1177 3541 warentizandum
1195 3477 1317 3543 Thome

214 3584 255 3648 de
278 3582 448 3646 Muletona
468 3580 599 3645 feodum
617 3580 642 3665 j.
666 3578 780 3643 militis
809 3601 884 3643 cnm
909 3587 990 3664 pert
1014 3579 1048 3642 in
1077 3578 1230 3657 Luttona,
1251 3580 1316 3645 scil.

213 3686 386 3751 seruicium
409 3684 567 3749 Willelmi
588 3685 801 3770 Lungeespey
823 3691 858 3747 et
880 3683 1001 3747 Idonee
1022 3684 1130 3747 uxoris
1152 3683 1230 3751 eina
1273 3686 1319 3749 Et

214 3789 328 3855 Simon
351 3797 385 3853 et
415 3787 576 3874 Margaria
605 3796 767 3852 uenerunt
797 3795 831 3851 et
861 3787 1153 3853 warentizauernnt
1182 3798 1216 3854 et
1245 3812 1319 3854 con-

213 3901 378 3958 cesserunt
393 3915 451 3978 pro
466 3914 500 3957 se
515 3900 549 3957 et
570 3892 742 3957 heredibus
762 3892 865 3978 ipsius
879 3893 1039 3979 Margarie
1054 3891 1140 3979 qnod
1155 3893 1319 3979 predictus

213 3996 355 4061 Thomas
369 4004 403 4061 et
418 3994 551 4060 heredes
566 3995 616 4059 sui
632 3995 774 4060 habeant
786 4004 819 4059 et
832 4004 966 4061 teneant
978 3996 1126 4061 decetero
1138 3998 1318 4083 predictum

249 4200 489 4263 ¹Snpplyccmom.
825 4200 954 4249 ³SeeBr.
967 4199 985 4248 f.
998 4200 1053 4250 407.

248 4266 288 4298 Η
304 4266 418 4328 Perhaps
436 4266 488 4315 thie
511 4264 595 4315 clause
620 4265 642 4313 is
666 4264 741 4313 dislo·
826 4265 923 4315 ⁴Corr.
938 4266 1020 4317 eodem
1031 4265 1131 4313 redditu
1144 4266 1183 4324 (2).

216 4330 298 4381 cated.
