3342 5217
382 465 446 528 250
613 479 934 540 mensunusum.
958 467 1052 540 1220,
1075 482 1138 531 su
1161 469 1255 530 4-5.

380 672 490 728 neone,
511 651 704 738 requisitum
727 651 790 716 fuit
813 651 1035 716 testimonium
1056 651 1217 738 Episcopi,
1235 659 1348 716 utrum
1370 675 1489 718 naosns

380 764 466 822 esset
479 755 534 821 uel
548 779 621 820 non.

445 860 571 926 ¹Assiss
592 860 682 946 xxiiij
705 861 798 926 uenit
817 860 1023 947 recognitum
1041 861 1070 925 si
1083 859 1271 926 willelmus
1284 860 1326 926 de
1340 861 1488 926 Insoeles

380 965 501 1030 iniuste
516 973 551 1030 et
565 965 634 1030 sine
649 965 768 1030 iudicio
787 964 965 1030 disseisiuit
978 965 1183 1031 Willelmum
1201 964 1244 1030 de
1265 965 1490 1031 Moundeuillo

253 1087 257 1096 '
382 1068 544 1136 Comitem
559 1068 691 1134 Essexie
705 1067 746 1133 de
760 1067 863 1132 libero
877 1075 1065 1132 tenemento
1082 1089 1141 1132 suo
1159 1068 1196 1132 in
1216 1068 1384 1133 Holebeck
1405 1068 1489 1132 infru

380 1170 392 1202 ¹
534 1177 604 1249 eto,
619 1169 706 1236 unde
721 1170 808 1235 idem
823 1169 1010 1235 Willelmus
1022 1169 1065 1236 de
1076 1170 1301 1236 Moundeuills
1311 1171 1489 1258 [quantur

380 1275 444 1340 fuit
470 1275 556 1362 quod
584 1276 741 1341 iuratores
770 1275 869 1340 ossise
898 1297 983 1339 noue
1008 1274 1185 1352 disseisine‚
1207 1296 1271 1361 que
1299 1283 1397 1362 eopia
1423 1277 1489 1340 fuit

380 1401 485 1444 comm
500 1379 685 1446 iusticiuriis
699 1380 816 1444 ultimo
830 1379 1063 1445 itinerantibus
1081 1380 1199 1444 fulsum
1219 1380 1366 1446 seoerunt
1384 1401 1487 1445 soom·

380 1491 528 1548 mentum
542 1491 603 1548 eto.

444 1587 613 1652 Juratores
632 1585 747 1652 dicunt
767 1586 856 1673 quod
875 1593 950 1672 post
963 1593 1103 1650 mortem
1120 1584 1245 1652 Conuni
1260 1586 1321 1652 lilii
1335 1588 1416 1674 Flye
1430 1589 1488 1674 qui
1535 1639 1540 1650 .

379 1689 420 1756 de
435 1699 522 1756 terra
540 1691 598 1757 ills
617 1691 700 1757 obiit
719 1690 850 1756 seisitus
868 1689 963 1755 uenit
984 1689 1073 1754 idem
1094 1689 1211 1756 comes
1230 1698 1266 1755 et
1286 1690 1366 1756 tulit
1386 1691 1488 1757 breue

378 1797 471 1863 Doni
487 1798 588 1886 Regis
602 1796 643 1861 de
658 1797 809 1862 habendo
823 1796 942 1860 seisins
954 1794 996 1860 de
1011 1803 1099 1860 terra
1112 1803 1148 1860 et
1161 1796 1203 1861 de
1218 1795 1338 1862 herede
1348 1795 1488 1883 predicti

379 1899 504 1968 Oonsui
526 1909 561 1967 et
579 1900 764 1966 willelmus
784 1900 871 1965 filius
890 1899 979 1964 Wor'
999 1899 1167 1984 [bslliuus]
1188 1900 1266 1965 fecit
1285 1901 1317 1966 ei
1336 1901 1487 1967 seisinam

378 2029 470 2072 suam
490 2007 531 2072 de
551 2014 639 2071 tenu
657 2007 714 2072 ills
731 2014 766 2072 et
780 2006 912 2070 seisitus
925 2004 991 2069 brit
1004 2027 1063 2090 per
1076 2026 1180 2068 unum
1195 2026 1339 2070 mensem
1354 2014 1390 2071 et
1403 2007 1487 2093 plus

379 2110 470 2175 Tunc
495 2110 588 2174 uenit
614 2109 746 2196 quidam
773 2108 929 2193 [Judeus]
955 2106 997 2173 ad
1022 2107 1146 2172 curiam
1172 2115 1207 2172 et
1232 2109 1377 2175 ostendit
1399 2111 1487 2197 quod

377 2318 493 2383 debuit
521 2326 556 2382 et
586 2317 692 2402 [tulit]
721 2317 822 2382 breue
846 2316 969 2382 domini
990 2316 1091 2404 Regis
1112 2316 1257 2382 Johanni
1278 2319 1385 2384 Bonet
1405 2328 1487 2384 tuno

379 2421 563 2486 uioeoomiti
588 2429 628 2485 ut
657 2421 792 2486 haberet
815 2419 968 2485 seisinsm
991 2418 1033 2484 de
1054 2418 1152 2484 uadio
1174 2420 1231 2484 illo
1254 2429 1289 2486 et
1311 2421 1429 2487 habuit
1452 2430 1488 2487 et

380 2529 458 2588 tunc
472 2523 566 2589 uenit
576 2523 740 2610 predictus
751 2523 774 2588 J
774 2521 933 2588 ohannes‘
946 2523 988 2588 de
1000 2523 1156 2600 Losoeles,
1167 2531 1204 2588 et
1217 2523 1266 2588 its
1279 2524 1407 2589 locutus
1422 2525 1486 2590 fuit

379 2650 453 2692 uum
468 2629 491 2694 J
495 2628 576 2694 udeo
590 2629 678 2716 quod
691 2630 715 2695 J
715 2629 819 2694 udeus
834 2628 960 2693 dimisit
973 2628 1005 2692 ei
1020 2635 1141 2692 terram
1155 2627 1255 2705 illam,
1269 2636 1305 2693 et
1319 2629 1487 2696 Johsnnes

378 2733 558 2821 ingressum
595 2735 712 2800 habuit
745 2758 805 2822 per
834 2734 991 2813 dudem,
1020 2734 1108 2800 unde
1137 2735 1373 2802 consideratur⁸
1398 2739 1487 2825 quod

378 2838 541 2924 predictus
564 2839 747 2906 Willelmus
767 2863 833 2905 nou
854 2839 1032 2906 disseisiuit
1052 2839 1161 2926 ipsum
1176 2840 1341 2908 Comitem
1362 2842 1485 2908 iniuste

378 2951 439 3009 eto.

442 3045 605 3134 ‘Rogems
619 3047 660 3112 de
676 3046 808 3114 Oaloeto
823 3055 859 3114 et
873 3047 1027 3113 Almsrus
1040 3047 1082 3113 de
1097 3047 1235 3112 Nodar''
1249 3057 1284 3114 et
1299 3049 1486 3116 Gilebertus

282 3159 296 3188 ¹¹
378 3147 419 3214 de
435 3149 467 3214 S.
484 3148 578 3216 Claro
593 3158 628 3214 et
642 3149 804 3216 Robertus
819 3150 958 3216 Achurd'
972 3159 1092 3237 petunt
1111 3173 1225 3216 uersus
1243 3151 1420 3218 Albredsm
1443 3153 1485 3219 de

378 3252 402 3317 J
402 3254 582 3339 orpenuills
596 3277 694 3341 quam
706 3255 813 3320 Alieia
826 3255 867 3320 de
881 3255 1087 3341 Jsrpenuillo
1101 3255 1233 3320 uocauit
1247 3254 1289 3321 ad
1303 3239 1484 3323 sumntum

378 3364 413 3420 et
435 3380 498 3444 que
518 3358 550 3422 ei
572 3359 795 3425 warantizauit
820 3359 1032 3425 medietatem
1055 3359 1157 3424 wille⁸
1177 3383 1253 3425 cum
1275 3369 1356 3447 pert.
1372 3372 1413 3426 ut
1432 3363 1485 3427 ius

378 3481 489 3525 eorum
504 3470 538 3526 et
552 3470 591 3527 ut
611 3462 701 3527 illam
721 3462 808 3528 unde
833 3463 968 3550 quidum
991 3462 1102 3529 Dauid
1124 3463 1282 3529 Romenel
1305 3465 1370 3530 suit
1391 3466 1486 3532 inde’

377 3563 506 3628 seisitus
521 3572 560 3628 ut
573 3564 615 3630 de
630 3566 723 3632 feodo
737 3574 796 3632 eto

442 3671 487 3734 Et
500 3669 632 3735 11111111ιο
646 3670 739 3735 uenit
758 3679 793 3735 et
812 3669 959 3736 defendit
979 3671 1031 3736 ius
1050 3693 1162 3736 eorum
1176 3679 1236 3737 ete
1252 3680 1288 3737 et
1301 3672 1382 3739 dicit
1396 3676 1484 3761 quod

378 3795 441 3837 non
456 3773 589 3838 uidetur
608 3773 639 3838 ei
659 3773 746 3860 quod
764 3773 883 3839 debeat
898 3773 945 3838 eis
959 3773 1152 3860 respondere
1167 3774 1208 3840 de
1223 3784 1311 3842 tenu
1324 3775 1390 3854 ills,
1406 3779 1486 3865 quis

378 3876 513 3942 eandem
543 3883 662 3942 tenum
693 3885 870 3942 tenuerunt
893 3877 1077 3944 Willelmus
1105 3877 1147 3942 de
1176 3878 1296 3944 Lisiors
1320 3888 1356 3944 et
1377 3881 1485 3948 Alicio

300 4115 302 4121 y
411 4055 420 4088 ¹
437 4055 468 4108 A.
481 4070 517 4108 m.
531 4059 560 4116 ὃς
576 4056 607 4108 B.
619 4072 654 4108 m.
668 4057 708 4107 11.
953 4056 1059 4117 verdiot,
1072 4057 1145 4108 thoro
1156 4058 1180 4108 is
1193 4074 1229 4109 no
1244 4059 1393 4123 judgment3
1411 4062 1485 4113 thom

412 4120 423 4153 ²
438 4121 460 4170 A
472 4135 549 4184 spsoe
560 4121 583 4172 is
594 4122 652 4183 leit3
671 4125 774 4173 uesisom
785 4123 816 4185 A,
829 4123 861 4174 Β.
954 4122 1005 4172 isa
1014 4125 1163 4183 murdim
1179 4124 1210 4184 Δ,
1221 4125 1253 4175 Β.

411 4185 904 4252 'Thowordswithinsshsvobeen
986 4186 1312 4251 ‘nm-mmet

380 4251 493 4302 inserted
504 4251 539 4316 by
549 4253 594 4303 the
605 4257 753 4304 annotator.
985 4253 997 4286 ⁷
1013 4255 1103 4312 Num,
1114 4254 1145 4314 Δ,
1157 4253 1188 4305 Β.

411 4319 423 4350 ⁴
439 4317 512 4366 Gorr.
531 4320 682 4376 Willelmom
705 4333 757 4368 om.
774 4319 904 4368 Joburmes
985 4317 997 4350 ⁸
1014 4318 1114 4382 supply
1124 4321 1154 4368 de
1165 4321 1263 4379 Ertoo’,
1274 4323 1304 4382 A,
1317 4321 1350 4371 B.

379 4381 407 4431 iu
418 4385 479 4432 next
490 4382 557 4444 lino;
574 4383 605 4442 Δ,
616 4382 648 4432 Β.
986 4384 998 4416 ’
1014 4383 1085 4433 omit
1095 4385 1164 4442 inde,
1176 4385 1206 4444 Δ,
1220 4385 1251 4438 Β.

410 4447 421 4478 ⁵
438 4449 548 4505 omuid'5
577 4447 624 4498 but
646 4447 699 4499 this
718 4447 788 4498 word
809 4448 904 4498 should
986 4448 1007 4480 ¹⁰
1023 4450 1142 4507 Albreda,
1154 4449 1185 4508 Δ,
1194 4451 1223 4504 Β,

378 4515 425 4566 not
438 4512 469 4562 be
485 4513 559 4575 hors;
576 4513 613 4564 ull
629 4513 683 4568 this
699 4513 722 4562 is
738 4519 798 4582 port
815 4515 844 4564 ol
858 4513 904 4570 the
