3342 5217
393 120 476 186 illud
498 122 606 187 tenuit
627 122 662 186 in
683 144 763 209 poce
784 145 844 209 per
865 123 946 190 duos
966 146 1068 191 annos
1090 126 1191 193 donec
1213 129 1296 194 illud
1317 131 1410 196 dedit
1433 156 1505 218 pre-

393 224 490 291 dictis
504 226 552 291 et¹
568 226 710 292 Roberto
724 236 760 293 et
779 227 913 293 Juliane
933 230 1032 295 sorori
1051 253 1109 296 sue
1130 234 1309 299 secundum
1329 235 1415 321 quod
1432 259 1506 322 pre·

393 330 518 395 dictum
534 339 593 396 est.

460 436 504 500 Et
518 435 683 501 Walterus
696 436 790 502 uenit
803 446 840 502 et
854 436 934 503 dicit
948 438 1035 524 quod
1049 438 1077 504 si
1092 439 1214 507 donum
1229 444 1351 508 factum
1366 443 1431 508 fuit
1447 467 1508 530 pcr

393 540 500 627 ipsum
516 540 695 606 Robertum
711 540 780 627 ipse
796 541 959 607 Robertus
973 566 1141 631 nunquam
1155 547 1261 612 exiuit
1275 570 1295 614 a
1308 548 1429 613 seisina
1443 572 1506 614 nec

393 644 463 730 ipse
483 645 667 711 Willelmus
684 667 840 732 umquam
861 647 1012 713 seisinam
1032 650 1149 716 habuit
1168 674 1229 718 nec
1249 652 1302 718 die
1325 675 1385 719 nec
1406 662 1506 719 nocte

392 757 453 815 etc.

458 854 576 919 Postea
589 854 772 922 concordati
786 864 864 920 sunt
879 854 919 921 de
940 856 1075 923 licencia
1093 858 1184 923 saluo
1197 858 1268 925 iure
1282 860 1376 926 Dom.
1393 861 1505 949 Regia

393 958 438 1023 Et
466 967 517 1023 est
544 958 713 1023 concordia
741 959 816 1023 talis
845 960 931 1045 quod
960 960 1106 1047 predicta
1134 964 1268 1030 Juliana
1301 966 1505 1053 recognoscit

392 1070 497 1128 totam
510 1061 690 1149 predictam
705 1070 824 1127 terram
842 1085 915 1127 cum
936 1072 1016 1150 pert
1032 1086 1101 1130 esse
1121 1064 1173 1131 ius
1191 1066 1293 1152 ipsius
1307 1068 1448 1133 Walteri
1468 1080 1504 1133 et

392 1166 481 1230 illam
497 1166 528 1231 ei
543 1164 650 1230 reddit
664 1164 700 1228 in
714 1166 804 1231 curia
818 1165 911 1231 Dom.
927 1166 1027 1253 Regis
1047 1176 1107 1233 etc.
1123 1177 1157 1234 et
1177 1192 1235 1255 pro
1255 1170 1315 1235 hac
1334 1180 1394 1236 eta
1411 1172 1502 1237 idem

393 1270 557 1335 Walterus
581 1268 674 1333 dedit
698 1268 731 1333 ei
755 1275 816 1333 etc.
844 1292 872 1333 n
897 1291 957 1334 scr.
982 1269 1070 1351 bosci¹
1094 1271 1129 1335 in
1155 1272 1249 1337 bosco
1273 1271 1314 1338 ds
1341 1274 1504 1340 Bocstede

391 1372 634 1459 propinquiores
647 1372 742 1436 bosco
762 1370 803 1435 de
824 1371 1043 1458 Kingeswude
1057 1396 1116 1459 per
1135 1376 1341 1459 perticatem²
1355 1378 1501 1443 raciona-

390 1477 489 1541 bilem
515 1474 693 1541 secundum
718 1473 806 1559 quod
827 1474 942 1539 boscus
963 1486 1170 1542 mensuratur
1191 1478 1225 1542 in
1248 1478 1396 1563 partibus
1425 1479 1501 1557 illia,

389 1580 554 1646 habendas
576 1588 610 1644 et
632 1577 790 1643 tenendas
815 1578 922 1643 eidem
946 1578 1079 1645 Juliane
1103 1590 1138 1645 et
1164 1580 1337 1647 heredibus
1362 1582 1432 1649 suis
1457 1584 1501 1650 de

387 1687 533 1773 predicto
551 1684 696 1750 Waltero
718 1691 753 1748 et
776 1683 949 1748 heredibus
971 1684 1038 1749 suis
1060 1684 1223 1751 reddendo
1244 1687 1319 1753 inde
1342 1710 1401 1774 per
1423 1710 1498 1754 ann.

387 1790 543 1876 quasdam
565 1796 728 1875 cyrotecas
748 1787 802 1852 uel
823 1810 925 1851 unum
944 1787 1114 1853 denarium
1135 1790 1177 1855 sd
1197 1790 1319 1855 Pascha
1332 1814 1391 1878 pro
1406 1794 1499 1858 omni

385 1894 530 1971 seruicio‚
545 1900 742 1979 etpreterea
755 1891 843 1956 idem
859 1892 1024 1957 Walterus
1038 1892 1069 1957 ei
1089 1891 1181 1958 dabit
1196 1894 1220 1980 j.
1237 1917 1330 1959 mam
1346 1896 1498 1963 redditus

385 1996 428 2061 ad
450 1996 606 2061 terminos
626 1994 833 2080 subscriptos,
848 1994 913 2059 scil.
929 1995 964 2059 in
985 1996 1066 2059 festo
1086 1996 1236 2083 Assump.
1258 2006 1316 2062 stc.
1332 2006 1369 2063 et
1388 2000 1498 2085 prima

383 2099 504 2165 solucio
518 2100 581 2165 erit
596 2122 702 2164 coram
717 2098 848 2163 Abbatc
863 2098 904 2163 de
921 2098 1116 2165 Colacestria
1135 2098 1176 2164 de
1196 2123 1260 2187 quo
1279 2101 1390 2167 littere
1412 2104 1496 2168 fiant

382 2213 542 2291 patentes,
557 2213 592 2270 ct
611 2226 723 2269 omncs
741 2204 805 2268 alie
825 2212 895 2280 etc,
915 2211 950 2268 et
972 2204 1035 2269 nisi
1056 2204 1234 2269 reddantur
1254 2204 1497 2293 distringantur

383 2318 443 2375 ete.
489 2310 532 2373 Et
557 2316 746 2396 preceptum
772 2317 823 2373 est
848 2308 1032 2373 uicecomiti
1055 2308 1141 2394 quod
1163 2319 1222 2377 etc
1268 2311 1346 2377 Post
1368 2313 1495 2379 habent

383 2412 550 2478 licenciam
572 2411 783 2477 concordandi
809 2434 869 2498 per
892 2421 958 2477 tres
983 2434 1078 2477 marc.
1101 2434 1182 2499 quas
1208 2413 1373 2480 Waltcrus
1398 2414 1494 2482 dabit

381 2526 416 2583 et
431 2517 518 2583 unde
533 2518 607 2582 finis
622 2518 727 2582 sectus
740 2517 804 2581 fuit
818 2540 925 2583 coram
940 2517 1074 2603 capitali
1088 2516 1286 2583 iusticiario⁸.

324 2680 331 2694 ,
445 2620 572 2687 ‘Ansina
593 2620 687 2685 uenit
708 2621 914 2708 recognitum
935 2620 963 2685 si
984 2620 1008 2685 J
1009 2620 1152 2685 ohannes
1173 2620 1214 2685 de
1237 2620 1346 2707 Burgo
1373 2630 1409 2686 et
1435 2623 1492 2688 alii

379 2725 500 2791 iniuste
515 2735 576 2792 ete.
591 2725 835 2791 disseisiuerunt
857 2725 1023 2791 Simonem
1044 2725 1148 2789 filium
1169 2726 1303 2790 Martini
1324 2725 1366 2791 de
1389 2726 1492 2793 libero

379 2837 569 2894 tenemento
597 2852 655 2894 suo
683 2828 719 2892 in
748 2826 943 2893 Lexendeue
972 2836 1046 2914 post
1075 2828 1212 2914 primsm
1243 2836 1312 2905 etc,
1336 2837 1371 2893 et
1400 2830 1490 2895 unde

377 2935 526 3020 queritur
540 2935 626 3021 quod
640 2932 886 2999 disseisiuerunt
897 2954 972 2998 eum
988 2932 1028 2997 de
1043 2932 1183 3018 quodam
1199 2932 1390 2998 molendino.

443 3039 487 3104 Et
512 3061 622 3105 omnes
645 3047 755 3125 preter
777 3045 838 3102 etc.
861 3036 1000 3102 ueniunt
1025 3044 1084 3101 etc.
1131 3036 1175 3100 Et
1203 3035 1369 3101 sciendum
1400 3038 1489 3123 quod

375 3142 542 3208 Johannes
563 3165 628 3207 non
649 3142 752 3219 uenit,
773 3140 830 3205 sed
853 3140 1037 3205 Willelmus
1061 3139 1103 3204 de
1127 3139 1319 3205 Lexendene
1344 3138 1490 3205 balliuus

374 3270 454 3313 suus
467 3248 561 3313 uenit
576 3256 611 3313 et
625 3246 705 3313 dicit
719 3269 777 3332 pro
792 3246 815 3310 J
816 3246 943 3310 ohanne
958 3245 1044 3331 quod
1059 3245 1087 3309 si
1101 3245 1211 3331 aliqua
1221 3244 1390 3311 disseisina
1400 3248 1489 3311 facts

374 3353 438 3419 fuit
467 3376 532 3418 non
561 3352 624 3418 fuit
653 3353 740 3417 facta
767 3374 826 3437 per
855 3373 939 3429 eum,
967 3351 1044 3437 quia
1068 3350 1137 3437 ipse
1164 3352 1285 3415 factum
1310 3351 1393 3416 illud
1422 3374 1486 3417 non

373 3457 519 3534 aduocat,
534 3478 593 3521 nec
608 3456 636 3520 si
651 3477 709 3541 per
722 3477 796 3519 suos
811 3455 897 3519 facta
912 3454 975 3519 suit
990 3476 1054 3519 non
1075 3454 1168 3519 uenit
1187 3454 1304 3540 sliquis
1318 3455 1483 3541 adipsum

374 3569 412 3627 ut
434 3560 494 3625 hoc
516 3559 565 3624 illi
587 3558 773 3623 ostenderet
791 3566 832 3622 ut
851 3556 921 3643 ipse
941 3556 1107 3645 congeret,
1123 3564 1157 3621 et
1175 3556 1256 3622 dicit
1275 3556 1361 3642 quod
1382 3558 1484 3623 nichil

405 3730 490 3781 ²0m.
503 3738 535 3782 ct.
952 3744 1002 3780 ons
1024 3744 1068 3779 ars
1089 3730 1164 3779 novel
1185 3726 1329 3779 matrina.
1363 3727 1377 3777 1
1404 3728 1482 3781 thim

406 3796 417 3827 ¹
431 3796 553 3859 Apsroh.
951 3794 1011 3844 that
1018 3794 1273 3858 theymustbsoasss
1279 3792 1366 3843 More
1371 3794 1481 3856 justina

404 3860 415 3893 ⁸
432 3861 547 3924 Stephon
558 3860 677 3924 Ssgrsve.
951 3859 980 3908 ot
993 3859 1077 3909 assize
1093 3859 1121 3908 in
1140 3858 1184 3909 the
1200 3862 1297 3919 county
1313 3858 1343 3907 ol
1357 3858 1479 3909 Lincoln.

403 3924 495 3975 ‘This
516 3926 568 3976 sud
590 3926 636 3976 the
655 3926 713 3976 tour
734 3928 797 3975 next
823 3938 899 3974 esses
950 3924 1003 3973 Not
1014 3924 1284 3987 nnlreqnentlyaroll
1297 3923 1326 3973 ot
1340 3922 1441 3974 assim
1456 3927 1480 3975 in

370 3989 488 4041 harenc
510 3991 638 4055 marginal
660 4005 751 4041 venus.
784 3990 827 4039 All
850 3990 898 4039 but
949 3989 1039 4039 bound
1051 4004 1085 4053 up
1095 3989 1245 4039 withsroll
1256 3988 1284 4038 ol
1294 3988 1340 4037 the
1352 3988 1453 4039 Benclr.
