3342 5217
503 356 670 450 usuum,
692 387 756 438 sn.
782 376 875 452 1231,
896 390 961 441 sn
985 379 1034 441 15.
1268 382 1329 446 161

223 584 299 648 pore
323 562 424 649 ipsius
445 562 518 628 Ade
536 563 614 649 quic
635 561 801 649 predictus
823 562 898 627 Adc
919 562 1000 627 obiit
1021 562 1098 627 inde
1119 563 1250 629 seisitus
1271 572 1331 629 eto.

224 664 356 731 Record'
371 666 500 752 plenius
514 675 564 731 est
579 666 614 729 in
629 664 754 730 rotuio¹
770 674 829 731 etc

287 770 457 834 Jurstores
471 768 585 834 dicunt
600 767 686 853 quod
701 767 867 854 predictus
881 768 956 834 Ads
971 777 1064 854 pater
1078 769 1180 857 ipsius
1194 770 1332 836 Walteri

223 872 305 937 obiit
324 872 400 937 inde
422 872 552 938 seisitus
574 882 613 937 ut
635 872 676 938 de
692 874 784 939 feodo
807 880 842 939 et
860 872 946 959 quod
968 873 1133 959 predictus
1155 874 1333 939 Nicholaus

222 977 432 1063 pater'ipsius
446 976 620 1064 Reginaldi
635 978 763 1043 nullum
778 976 868 1041 aliud
883 976 935 1040 ius
949 999 1009 1041 nec
1029 976 1132 1041 alium
1151 972 1332 1065 ingressum

222 1078 339 1143 hebuit
367 1078 402 1143 in
433 1087 553 1143 terram
583 1079 674 1143 illem
703 1078 767 1143 nisi
792 1101 851 1164 per
874 1078 1057 1164 predictum
1084 1079 1264 1144 Robertum
1290 1079 1332 1143 de

223 1181 348 1246 Pridius
362 1182 419 1267 qui
434 1182 510 1247 inde
525 1204 590 1246 non
605 1182 722 1246 habuit
737 1182 800 1246 nisi
814 1182 996 1247 custodiam
1011 1205 1085 1247 cum
1101 1182 1171 1268 ipso
1186 1184 1332 1249 Waltero

222 1282 300 1347 dum
321 1282 409 1348 idem
425 1284 590 1349 Walterus
606 1284 669 1348 fuit
690 1283 725 1347 in
745 1284 894 1349 custodia
912 1293 947 1348 et
966 1284 1052 1349 iufra
1070 1292 1201 1351 etatem.
1246 1286 1331 1352 Con-

222 1388 400 1452 siderstum
418 1388 570 1475 estquod
590 1387 756 1473 predictus
770 1388 937 1453 Walterus
956 1389 1161 1475 recuperauit
1180 1390 1331 1455 seisinsm

222 1514 315 1557 suam
332 1500 368 1557 et
383 1492 585 1579 Reginaldus
598 1492 633 1556 in
647 1491 875 1559 misericordia

165 1638 174 1654 .
288 1593 493 1660 ’Willelmus
513 1595 646 1660 Musurd
665 1595 752 1682 petit
773 1618 888 1660 uersus
910 1595 1086 1661 Ricardum
1109 1596 1331 1662 camerarium
1387 1610 1450 1651 ⁸0⁰2

223 1696 354 1762 feodum
368 1696 496 1762 dimidii
515 1697 630 1763 militis
650 1721 724 1763 cum
746 1706 828 1784 pert.
843 1698 878 1762 in
899 1699 1080 1765 Gosenhsle
1102 1708 1141 1765 ut
1163 1700 1215 1765 ius
1235 1723 1331 1765 suum

223 1808 258 1865 et
273 1800 308 1866 iu
323 1801 409 1888 quod
423 1801 589 1887 predictus
608 1802 767 1867 Ricardus
788 1824 854 1866 non
874 1802 975 1867 habet
995 1803 1177 1889 ingressum
1197 1802 1260 1868 nisi
1274 1826 1333 1890 per

225 1904 431 1990 Stephanum
459 1902 623 1990 quondam
654 1903 925 1970 Cantusriensem
953 1904 1242 1992 Archiepiscopum
1278 1905 1331 1970 cui

223 2007 318 2075 Dom.
344 2007 415 2071 Rex
439 2005 522 2071 illud
545 2006 702 2071 concessit
725 2006 913 2072 habendum
936 2030 996 2094 per
1020 2030 1123 2073 unum
1149 2029 1271 2073 sunum
1296 2017 1331 2073 et

218 2112 244 2196 j.
267 2111 354 2176 diem
382 2118 556 2197 postquam
582 2110 723 2176 Isabella
746 2111 882 2176 Mussrd
905 2120 1028 2177 rettstc
1053 2111 1137 2178 fuit⁸
1160 2113 1202 2179 de
1228 2121 1331 2177 morte

224 2206 359 2281 Roberti
386 2214 504 2282 Clerici
526 2214 632 2301 fugit*
655 2214 737 2279 illud
759 2214 869 2279 tenuit
891 2215 933 2279 de
955 2215 1093 2281 Ricardo
1115 2216 1248 2281 Mussrd
1269 2238 1331 2281 suo

222 2320 361 2407 predicti
382 2319 539 2384 willelmi
564 2318 657 2384 cuius
680 2319 773 2383 heres
794 2318 865 2404 ipse
887 2327 938 2384 est
957 2319 962 2405 Ι
981 2319 1039 2405 qui
1061 2328 1141 2384 tunc
1162 2320 1227 2385 fuit
1247 2320 1333 2385 infra
1385 2325 1452 2375 [ml

223 2432 347 2490 etatem
365 2432 399 2488 et
420 2423 463 2488 ed
484 2445 582 2508 quem
598 2422 728 2487 feodum
750 2422 832 2487 illud
852 2432 927 2508 post
948 2423 1130 2508 predictum
1152 2446 1275 2489 annum
1297 2432 1332 2489 et

222 2526 310 2593 diem
325 2525 518 2591 descendere
533 2524 649 2589 debuit
665 2532 821 2609 tanquam
837 2524 989 2589 eschaeta
1003 2547 1062 2589 sus
1076 2533 1135 2590 etc

290 2629 334 2693 Et
348 2628 506 2693 Ricardus
526 2628 619 2692 uenit
637 2636 671 2691 et
691 2627 873 2713 dicitquod
892 2628 1017 2693 nullam
1040 2638 1160 2694 terram
1183 2637 1276 2695 tenet
1297 2630 1332 2694 in

224 2733 406 2799 Gosenhcle
428 2732 492 2797 nisi
514 2740 644 2797 tantum
668 2756 695 2796 v.
720 2756 780 2797 scr.
805 2732 847 2797 de
869 2732 1041 2818 maritagio
1063 2734 1171 2797 uxoris
1192 2756 1249 2799 sue
1271 2756 1332 2799 nec

222 2838 366 2924 aliquam
391 2844 511 2901 terram
535 2858 595 2900 nec
621 2834 751 2900 feodum
775 2843 868 2899 tenet
893 2857 952 2920 per
980 2836 1011 2900 S.
1036 2835 1331 2923 Archiepiscopum,
1393 2852 1398 2859 ·
1447 2829 1452 2836 ’

222 2950 274 3006 set
294 2962 408 3005 reuers
429 2948 522 3004 tenet
544 2939 674 3005 feodum
696 2938 807 3002 dimid.
832 2937 948 3002 militis
969 2938 1005 3001 iu
1026 2938 1175 3004 Hecche⁶
1190 2948 1224 3003 et
1246 2940 1332 3026 petit

223 3043 381 3109 iudicium
395 3044 423 3108 si
438 3042 557 3108 debeat
572 3043 602 3107 ei
618 3042 810 3129 respondere
821 3041 948 3106 desieut
962 3042 1062 3106 breue
1077 3064 1173 3107 suum
1187 3043 1332 3128 loquitur

223 3150 264 3215 de
287 3158 374 3214 terra
394 3149 429 3212 in
445 3148 626 3214 Gosenhale
649 3155 684 3211 et
705 3146 774 3233 ipse
797 3146 922 3210 nullum
944 3154 1064 3210 terrem
1086 3146 1134 3211 ibi
1155 3155 1247 3212 tenet
1268 3148 1332 3213 nisi

224 3262 355 3318 tantum
371 3252 534 3338 predictas
549 3251 692 3338 quinque
708 3273 804 3315 cerus

289 3357 334 3422 Et
355 3355 541 3420 Willelmus
564 3356 657 3420 uenit
679 3364 714 3419 et
736 3354 901 3441 cognoscit
925 3353 1011 3439 quod
1033 3360 1120 3417 terre
1142 3354 1200 3418 illa
1224 3362 1275 3419 est
1297 3355 1332 3419 in

225 3456 377 3524 Hecche‘
399 3466 433 3522 et
456 3480 519 3523 non
542 3456 576 3521 in
600 3457 790 3523 Gosenhale.
835 3456 881 3521 Et
901 3455 975 3520 ideo
993 3455 1150 3520 Ricardus
1167 3456 1242 3521 inde
1262 3457 1332 3523 sine

223 3562 278 3626 die
293 3560 374 3626 etc⁷

88 3684 103 3699 ³
160 3728 168 3741 ,
289 3666 437 3751 Rogerus
461 3665 491 3730 le
512 3663 641 3751 Bigod·
663 3671 698 3729 et
720 3664 862 3729 Isabells
882 3686 964 3728 uxor
984 3664 1055 3728 eius
1074 3686 1133 3749 per
1153 3672 1334 3730 ottomatos
1396 3671 1447 3711 Μ

223 3790 299 3832 suos
319 3766 510 3852 optulerunt
530 3788 563 3831 se
586 3766 664 3852 iiijw.
682 3765 735 3831 die
758 3788 872 3831 uersus
886 3765 1089 3830 Willelmum
1104 3766 1271 3832 Britonem
1290 3766 1332 3832 de

223 3870 453 3956 Cheggewellc
481 3869 521 3933 de
551 3869 671 3956 placito
701 3867 787 3954 quod
816 3868 860 3934 sit
889 3867 931 3933 ad
960 3867 1215 3955 cognoscendum
1244 3870 1332 3956 quod

257 4099 266 4131 ¹
284 4099 423 4149 Recordcm
430 4066 532 4162 plenius
544 4106 580 4147 ert
591 4098 620 4148 in
630 4098 712 4147 rotulo
723 4098 753 4146 dc
836 4096 848 4129 ⁸
862 4096 921 4146 Om.
927 4097 992 4159 scit,
1003 4096 1035 4145 B.

221 4172 295 4279 iim
307 4164 334 4215 S.
350 4164 421 4215 Trio.
432 4178 475 4213 cu.
484 4165 545 4212 υἰιί·ο
553 4164 579 4211 in
588 4169 635 4213 oct.
643 4165 671 4212 S.
680 4164 752 4213 Trio.
835 4162 848 4257 ἕ
862 4161 964 4287 gigig
970 4177 1023 4277 {m
1028 4162 1142 4224 feodum,
1153 4160 1185 4211 B.

248 4265 268 4324 '²
283 4292 314 4342 B.
326 4306 362 4342 m.
374 4292 397 4344 9.
428 4292 480 4342 For
488 4292 579 4343 earlier
586 4290 753 4356 proceedings
836 4291 961 4349 ‘Hecto
972 4290 1003 4340 B.

222 4372 266 4407 see
283 4357 363 4407 abore
379 4358 443 4408 csso
459 4358 521 4417 4623
543 4358 598 4409 clso
615 4371 656 4407 ses
672 4358 715 4406 Br.
734 4358 751 4406 1.
835 4356 847 4390 ⁷
862 4356 907 4405 Br.
920 4355 938 4405 1.
950 4357 1007 4405 434.

224 4423 281 4473 130.
836 4422 847 4454 ⁸
865 4422 912 4471 See
923 4420 1005 4470 above
1016 4420 1093 4470 enses
1105 4421 1153 4469 5³3
1164 4420 1218 4471 and
1229 4421 1285 4473 tos.
