3342 5217
252 119 324 185 710.
344 167 346 169 -

255 219 312 258 Nori.

249 335 320 403 711.

255 436 317 476 Kont

245 544 316 612 712.

251 648 314 687 111111.

439 118 639 184 ²Willelmns
665 119 843 185 Leueriche
869 120 961 207 ponit
984 123 1056 187 loco
1083 144 1141 187 suo
1167 122 1350 188 Walterum
1380 124 1485 191 filium
1573 110 1578 121 ’

373 245 468 287 sunm
484 245 597 288 uersus
612 224 792 288 Robertum
808 224 849 289 de
865 225 1052 291 Tunestona
1066 226 1107 291 de
1121 226 1242 312 placito
1256 229 1392 295 seruicii

439 327 600 393 Henricus
629 328 669 392 de
698 326 866 393 Sandwico
889 329 981 414 ponit
1011 330 1079 394 loco
1106 353 1165 396 suo
1191 330 1357 398 Simonem
1381 334 1485 400 filium

372 454 468 495 suum
484 432 596 496 uersus
611 431 753 495 Priorem
771 432 803 496 S.
819 431 989 497 Trinitatis
1004 432 1045 499 de
1061 433 1180 519 placito
1195 434 1305 501 debiti

437 535 636 601 'Willelmus
651 536 691 601 de
708 536 870 622 Kartorpe
891 544 924 601 et
944 536 1052 602 Alicia
1069 560 1150 602 uxor
1168 538 1241 607 cius
1262 562 1321 625 per
1341 549 1486 607 attorna

373 649 443 703 tum
474 662 570 704 suum
600 648 719 725 petunt
748 662 862 704 uersus
888 639 1069 705 Robertum
1095 641 1136 706 de
1162 642 1326 708 Harecurt
1351 645 1485 709 terciam

372 753 499 831 partem
520 753 570 811 1111.
594 753 628 810 91
650 745 788 810 duarum
811 745 919 809 bouat.
943 754 978 810 et
1001 754 1115 832 quarte
1137 745 1241 831 partis
1261 748 1358 813 unius
1374 748 1486 815 bouet.

372 858 457 913 terre
473 858 507 913 et
522 848 619 913 unius
634 847 769 935 menagii
784 870 859 912 cum
874 855 947 933 pert
965 847 1001 911 in
1020 847 1188 913 Pikewilla
1205 858 1244 914 ut
1264 850 1484 935 pertinentem

372 951 414 1017 ad
435 951 662 1017 racionabilem
686 951 796 1016 dotem
822 972 915 1016 suam
942 974 1005 1037 que
1032 974 1104 1017 eam
1130 953 1292 1041 contingit
1316 954 1357 1020 de
1382 955 1486 1021 libero

372 1065 568 1122 tenemento
586 1057 672 1142 quod
697 1056 760 1121 suit
785 1055 946 1122 dohannis
972 1056 1013 1121 de
1037 1056 1212 1143 Spixtona⁸
1233 1059 1396 1145 quondam
1420 1061 1486 1127 uiri

371 1159 473 1246 ipsius
488 1159 593 1225 Alicie
608 1169 667 1224 etc.

436 1264 479 1328 Et
495 1264 657 1328 Robertns
672 1262 765 1327 uenit
780 1272 815 1327 et
830 1271 927 1327 uocat
946 1261 1023 1327 inde
1040 1262 1082 1327 ad
1102 1272 1283 1329 warantum
1306 1265 1485 1353 Hugonem

369 1366 410 1433 de
431 1368 582 1433 Moruico.
628 1368 760 1434 Habeat
782 1390 859 1433 eum
881 1390 901 1433 a
923 1368 976 1434 die
1000 1368 1030 1434 S.
1056 1366 1151 1433 Micb.
1175 1369 1210 1433 in
1232 1392 1261 1437 v.
1284 1370 1485 1455 septimanas

369 1494 427 1558 per
440 1471 599 1537 auxilium
615 1471 710 1536 curie.

310 1630 317 1642 .
433 1575 635 1641 ‘Willelmus
650 1574 763 1640 Abbas
784 1575 815 1641 S.
831 1575 953 1640 Albani
974 1597 1032 1661 per
1051 1582 1253 1640 attornatum
1276 1598 1373 1642 suum
1395 1579 1484 1663 petit

368 1701 482 1746 uersus
508 1678 700 1745 (lanfridum
727 1678 768 1743 de
794 1678 927 1765 Bisseye
954 1700 1057 1743 unum
1079 1676 1260 1764 mesagium
1284 1686 1397 1745 915911
1419 1702 1481 1747 acr.

368 1792 452 1850 terre
472 1791 506 1849 et
525 1784 607 1849 duas
626 1784 800 1870 perticatas
818 1784 904 1870 prati
919 1805 993 1849 cum
1008 1792 1088 1869 pert.
1105 1783 1140 1847 in
1155 1782 1361 1849 Watbfordia
1376 1792 1414 1850 ut
1429 1785 1482 1851 ius

367 1886 498 1952 ecclesie
513 1909 570 1951 sue
585 1895 645 1953 etc.
662 1895 696 1951 et
716 1894 755 1951 ut
774 1887 832 1951 illa
851 1887 938 1952 unde
958 1886 1046 1951 idem
1068 1885 1181 1951 Abbas
1202 1886 1266 1952 luit
1287 1887 1419 1954 saisitus
1440 1898 1481 1955 ut

366 1991 407 2057 de
421 1990 597 2079 uillenagio
612 2013 670 2056 suo
685 2000 830 2077 tempore
845 1990 874 2055 J.
889 1989 989 2078 Regia
1000 1997 1034 2055 et
1045 1989 1080 2055 in
1092 2012 1190 2076 quam
1201 1989 1289 2055 idem
1301 1990 1480 2057 Gaufiidns

366 2119 430 2162 non
450 2096 551 2162 habet
570 2098 750 2183 ingressum
770 2095 833 2161 11151
854 2119 913 2182 per
931 2094 1153 2159 Alexandrum
1174 2094 1407 2161 Waterlotere⁵
1421 2097 1479 2184 qui

365 2199 455 2265 illam
471 2200 580 2265 tenuit
594 2200 629 2264 in
644 2199 845 2286 uilenagium
862 2197 902 2263 de
917 2198 1030 2264 eodem
1051 2198 1182 2263 Abbate
1203 2207 1237 2263 et
1258 2198 1345 2284 quod
1365 2199 1416 2265 ita
1434 2200 1479 2266 sit

365 2303 550 2369 911911919.Β

431 2408 491 2473 'Et
515 2408 692 2473 (laufridus
722 2408 815 2472 uenit
847 2416 880 2473 et
908 2414 1004 2472 uocat
1029 2405 1071 2470 ad
1097 2414 1277 2470 warantum
1303 2405 1380 2471 inde
1406 2429 1478 2494 pre-

366 2514 489 2580 dictum
523 2513 743 2579 Alexandrum
783 2512 840 2599 qui
874 2533 1005 2597 presens
1040 2518 1091 2576 est
1127 2520 1162 2575 et
1196 2510 1279 2576 bene
1314 2515 1479 2600 cognoscit

365 2620 452 2706 quod
477 2619 607 2685 diuisit⁸
631 2618 736 2684 eidem
764 2616 921 2682 Gaufrido
951 2625 1070 2681 terram
1101 2615 1190 2681 illam
1214 2624 1248 2682 et
1272 2619 1477 2707 mesuagium

365 2724 449 2788 sicut
474 2724 529 2789 illc
554 2722 611 2809 qui
635 2723 699 2787 fuit
724 2721 866 2786 uillanus
892 2718 1037 2785 eiusdem
1062 2718 1202 2785 Abbatis
1228 2728 1262 2785 91
1292 2721 1400 2787 adhuc
1427 2736 1478 2789 est

365 2837 399 2891 et
426 2837 544 2892 terram
574 2828 664 2892 illam
694 2824 782 2911 cepit
811 2823 852 2889 de
882 2822 996 2889 eodem
1026 2822 1156 2888 Abbate
1185 2822 1315 2889 domino
1345 2848 1405 2891 suo
1441 2827 1476 2893 in

363 2929 577 3023 uillenagium
599 2953 694 2995 suum
719 2940 754 2993 et
774 2949 889 2994 reuera
907 2936 1052 3013 tempore
1074 2948 1190 3013 guerre
1214 2936 1329 3014 captus
1354 2930 1419 2996 fuit
1442 2944 1477 2997 91

363 3036 403 3102 de
424 3037 617 3103 liberacione
636 3058 695 3101 sua
714 3044 834 3100 terram
852 3034 942 3098 illam
957 3032 1108 3098 uendidit
1123 3032 1228 3099 eidem
1245 3034 1402 3102 Gaufiido
1417 3059 1475 3124 pro

428 3244 472 3308 Et
501 3242 676 3309 (laufridus
705 3241 786 3306 dicit
815 3241 903 3327 quod
931 3240 1018 3305 idem
1046 3239 1232 3305 Alexander
1257 3248 1337 3306 tunc
1364 3244 1473 3309 tenuit

255 3346 258 3349 ’
362 3348 586 3414 terramillam
601 3347 701 3411 libere
722 3354 756 3409 et
776 3353 815 3410 ut
836 3345 919 3410 liber
938 3346 1035 3410 homo
1056 3354 1095 3410 ut
1118 3353 1237 3411 terram
1259 3345 1349 3411 illam
1373 3368 1472 3433 quam

360 3451 447 3517 idem
470 3450 655 3517 Alexander
677 3457 800 3514 emerat
822 3447 863 3512 de
891 3448 1013 3513 Jacobo
1039 3448 1072 3513 la
1094 3447 1211 3536 Wayte
1237 3470 1294 3535 pro
1314 3449 1340 3534 j.
1364 3472 1472 3517 marna

393 3598 565 3661 1Ἀ.111,211;
584 3604 614 3651 Β.
632 3601 732 3650 111211.
759 3600 887 3663 Probably
939 3598 1020 3648 32311.

364 3670 480 3720 ‘ecored'
492 3669 521 3718 in
533 3670 555 3717 A
567 3668 601 3731 by
612 3666 739 3717 accident.
970 3665 980 3697 ⁷
998 3664 1029 3713 In
1041 3665 1085 3715 tbe
1095 3664 1149 3714 MS.
1158 3664 1211 3715 this
1217 3666 1364 3729 paragraph
1371 3668 1471 3719 1911111111

392 3734 615 3795 π11.111.2(1;Β.
630 3731 729 3782 m.2d.
780 3783 782 3786 ,
939 3730 997 3779 that
1020 3730 1053 3792 by
1070 3730 1154 3779 which
1177 3728 1317 3781 itishera
1341 3731 1466 3785 followed

392 3800 600 3864 ³Sproxton',A.
612 3798 642 3847 B.
911 3802 912 3807 ’
938 3795 1039 3846 [settara
1061 3794 1089 3844 in
1112 3794 1157 3845 the
1182 3794 1284 3857 margin
1312 3796 1396 3847 direct
1424 3799 1469 3849 the

392 3864 698 3923 411.111.2(1;Β.111.4.
939 3859 1136 3923 transposition.
1178 3859 1232 3910 The
1259 3860 1336 3911 order
1363 3861 1393 3911 in
1421 3878 1465 3930 my

391 3929 636 3986 ”Wotcrletcram
657 3927 831 3988 Wanrtedere,
842 3924 873 3978 B.
937 3924 1009 3988 print
1020 3924 1044 3975 ie
1054 3924 1099 3974 the
1110 3924 1223 3975 orderin
1235 3926 1264 3975 A.
1277 3926 1308 3975 B.

391 3996 402 4027 θ
418 3996 469 4044 For
480 3994 533 4045 this
544 3994 601 4043 writ
612 3994 639 4043 of
655 3997 730 4055 entry
747 4006 788 4041 see
804 3992 848 4040 Br.
867 3991 885 4039 1.
970 3990 981 4023 ⁸
998 3990 1068 4040 Oorr.
1081 3992 1186 4049 diunisii,
1198 3992 1236 4049 B;
1254 3993 1277 4040 A
1288 3992 1409 4053 illegible.
