3342 5217
517 306 659 366 urruns,
681 305 745 354 ιιι).
771 291 866 366 1231,
888 305 950 354 ιιι
976 292 1026 352 15.
1255 289 1319 354 399

211 475 281 561 ipse
303 483 338 542 et
359 475 461 564 plegii
482 475 534 542 sui
555 476 596 541 de
616 473 839 561 prosequendo
853 475 889 540 in
903 473 1129 552 misericordia
1144 484 1323 560 querantur

211 579 313 667 plegii
327 587 362 644 et
377 579 540 646 Robertue
555 576 785 646 custodiatur¹.

86 690 160 752 512.
277 683 461 749 Willelmus
476 683 517 750 de
537 683 715 749 Siffrewall'
731 682 853 768 optulit
867 704 902 748 sc
916 683 996 768 iiijw.
1012 681 1066 748 die
1080 705 1194 748 uersus
1209 684 1323 769 Hugo-
1374 697 1449 738 nemu

211 809 287 852 nem
310 786 352 852 de
375 787 480 865 Bath',
505 787 686 852 Robertum
710 785 752 852 de
778 787 916 863 Auuere,
940 787 1142 854 Willelmum
1164 788 1264 854 Wace
1288 796 1324 852 et

212 892 410 958 Nicholaum
445 891 487 956 de
517 891 649 978 Chansy
678 889 872 955 iusticiarios
908 891 1088 979 assignatos
1117 891 1159 956 ad
1188 892 1324 957 assisam

212 994 326 1059 mortis
349 993 559 1059 antecessoris
584 992 775 1078 capiendam
795 993 885 1058 inter
905 994 1081 1060 Ricardum
1102 994 1144 1060 de
1168 995 1324 1082 Hertrug'

211 1106 380 1185 petentem
403 1107 438 1164 et
460 1099 603 1162 Priorem
625 1098 666 1162 de
689 1098 885 1184 Bradelega²
906 1107 1074 1164 tenentem
1097 1100 1223 1165 deuna
1242 1099 1322 1188 uirg.

212 1211 298 1268 terre
322 1225 396 1267 cum
418 1211 500 1288 pert
515 1202 549 1267 in
573 1202 754 1267 Hametede
777 1202 863 1288 quod
885 1213 994 1268 essent
1013 1203 1056 1268 ad
1075 1203 1259 1269 faciendum
1274 1227 1324 1269 re·

211 1306 345 1372 cordum
367 1306 455 1371 illius
477 1307 575 1371 assiae
597 1306 682 1372 sicut
702 1329 808 1372 coram
829 1306 876 1372 eis
896 1314 993 1393 capta
1006 1307 1071 1372 fuit
1085 1316 1120 1371 et
1135 1307 1221 1372 unde
1236 1307 1323 1372 idem

212 1409 397 1475 Willelmus
411 1408 452 1473 de
467 1408 647 1474 Siffrewall'
663 1409 811 1496 queritur
829 1409 915 1494 quod
935 1409 1057 1473 iniuste
1076 1408 1256 1473 disseisitus
1273 1417 1324 1474 est

210 1512 252 1578 de
274 1536 341 1579 una
362 1512 443 1600 uirg.
461 1521 546 1578 terre
569 1536 644 1578 cum
666 1522 747 1599 pert.
763 1511 798 1578 in
820 1513 1001 1578 Hamstede
1023 1512 1137 1577 eadem
1161 1513 1324 1578 occasione

211 1615 298 1701 quod
320 1615 407 1682 idem
430 1615 572 1680 Priorem
596 1615 727 1680 uocauit
747 1615 855 1700 ipsum
869 1614 912 1679 ad
927 1623 1106 1680 warantum
1122 1613 1162 1680 de
1177 1615 1325 1700 predicta

211 1719 293 1806 uirg.
309 1727 394 1784 terre
417 1741 530 1784 uersus
551 1719 735 1805 predictum
757 1719 933 1784 Ricardum
952 1719 1078 1784 dedant
1095 1719 1183 1784 idem
1197 1719 1324 1784 Willel-

211 1845 285 1888 mus
300 1844 468 1908 nunquam
483 1822 707 1888 warentizauit
729 1822 835 1888 cidem
856 1821 959 1886 Priori
977 1829 1096 1886 terram
1111 1820 1202 1886 illam
1216 1843 1276 1886 nec
1292 1821 1323 1886 ei

211 1925 420 1992 warentizare
435 1924 551 1990 debuit
566 1932 626 1990 etc

277 2030 395 2096 Postea
419 2037 582 2095 uenerunt
609 2031 709 2116 Hugo
734 2029 897 2094 Robertus
923 2036 958 2093 et
979 2027 1037 2092 alii
1058 2036 1093 2092 et
1113 2027 1323 2093 recordantur

211 2135 388 2220 quodcum
403 2133 504 2198 assisa
522 2134 635 2198 mortis
657 2133 868 2198 antecessoris
889 2132 1088 2198 summonita
1108 2141 1193 2198 esset
1215 2155 1321 2197 coram

212 2238 259 2302 eis
273 2259 332 2324 per
351 2245 541 2323 preceptum
564 2237 658 2302 Dom.
674 2237 775 2324 Regio
794 2237 882 2302 inter
895 2236 1072 2302 Ricardum
1087 2236 1128 2302 de
1143 2237 1321 2324 Hertrugg'

213 2348 383 2426 petentem
406 2348 440 2404 et
463 2339 606 2404 Priorem
629 2339 669 2406 de
692 2339 874 2426 Bradelega
894 2347 1063 2404 tenentem
1088 2339 1219 2405 deuna
1239 2340 1321 2427 uirg.

211 2449 297 2508 terre
321 2464 396 2508 cum
422 2450 502 2527 pert.
527 2442 562 2508 in
591 2442 781 2518 Hamstede,
804 2442 892 2506 idem
915 2441 1008 2506 Prior
1030 2442 1123 2506 uenit
1148 2443 1184 2506 in
1209 2442 1323 2507 eadem
1373 2507 1378 2518 ,

211 2543 302 2610 curia
334 2565 441 2608 coram
467 2543 514 2608 eis
540 2551 575 2608 et
600 2543 732 2609 uocauit
759 2541 835 2608 inde
862 2543 904 2608 ad
929 2553 1109 2609 warantum
1140 2544 1323 2629 predictum

212 2647 415 2713 Willelmum
429 2646 470 2712 de
487 2646 666 2712 Sufrewall'
680 2656 715 2712 et
730 2646 787 2734 qui
802 2647 896 2712 uenit
909 2669 970 2733 per
987 2647 1274 2713 summonicionem
1288 2656 1324 2713 et

211 2751 244 2816 ei
262 2751 488 2817 warentizauit
511 2759 547 2816 et
567 2751 723 2816 concessit
745 2750 887 2828 assisam,
907 2761 943 2816 et
963 2761 1060 2838 capta
1081 2751 1145 2816 fuit
1166 2753 1273 2830 assisa
1289 2761 1324 2819 et

211 2856 369 2922 iuratores
390 2855 545 2922 dixerunt
567 2855 654 2942 quod
678 2855 777 2920 Alina
799 2855 869 2920 filia
889 2856 1028 2921 Aluredi
1048 2857 1089 2922 de
1107 2857 1200 2923 cuius
1219 2868 1323 2924 morte

210 2959 299 3026 idern
322 2958 481 3024 Ricardus
504 2958 582 3024 tulit
604 2959 737 3024 assiam
758 2959 858 3036 illam,
880 2958 945 3023 fuit
970 2959 1082 3024 seisita
1106 2959 1141 3024 in
1164 2959 1324 3026 dominico

210 3085 270 3128 suo
292 3072 332 3130 ut
353 3064 395 3128 de
419 3064 512 3128 feodo
534 3064 574 3129 de
594 3063 741 3149 predicta
760 3072 848 3128 terra
866 3086 940 3127 cum
961 3071 1041 3148 pert
1058 3063 1110 3128 die
1125 3072 1185 3129 etc.
1201 3072 1324 3150 etpost

210 3168 399 3246 terminum,
414 3178 449 3234 et
464 3166 550 3254 quod
565 3168 730 3254 predictus
748 3167 907 3234 Ricardus
921 3167 985 3232 luit
999 3167 1209 3253 propinquior
1222 3167 1324 3244 heres,

209 3272 299 3338 unde
316 3271 565 3338 Consideratum
582 3271 645 3336 fuit
661 3270 748 3356 quod
766 3271 932 3357 predictus
946 3270 1104 3335 Ricardus
1119 3270 1324 3356 recuperauit

209 3375 363 3440 seisinam
385 3396 478 3439 suam
498 3381 534 3438 et
553 3372 640 3459 quod
663 3373 753 3438 Prior
774 3373 910 3438 haberet
932 3373 1130 3438 escambium
1149 3373 1192 3438 ad
1212 3375 1322 3439 ualen-

209 3479 294 3546 ciam
310 3478 351 3542 de
367 3485 455 3544 terra
468 3477 571 3563 ipsius
585 3475 744 3542 Willelmi
757 3476 798 3541 de
815 3476 993 3542 Siffrewall’
1009 3485 1069 3542 etc.
1088 3476 1093 3564 Ι

276 3581 321 3645 Et
343 3578 528 3644 Willelmus
550 3577 630 3643 dicit
651 3577 738 3664 quod
763 3577 798 3642 in
823 3587 917 3663 parte
941 3578 1024 3642 bene
1053 3578 1263 3643 recordantur
1287 3581 1322 3644 in
1388 3607 1434 3657 [ιι]

208 3691 303 3771 parte
319 3691 431 3747 autem
446 3704 519 3759 non,
530 3681 606 3766 quia
617 3703 692 3745 oum
704 3681 773 3767 ipse
785 3679 1002 3745 summonitus
1017 3689 1103 3746 esset
1116 3681 1159 3746 ad
1173 3682 1322 3746 warenti-
1334 3694 1468 3735 nenena

1333 3745 1410 3781 noceto
1418 3744 1454 3792 qul

208 3786 350 3850 zandum
366 3793 400 3850 et
415 3807 473 3871 per
488 3783 774 3849 summonicionem
790 3784 920 3850 ueniret
939 3807 1044 3849 coram
1066 3785 1113 3849 eis
1131 3784 1215 3850 dixit
1236 3784 1322 3871 quod
1333 3788 1487 3877 ”numano

208 3889 420 3953 warentizare
436 3909 500 3952 non
516 3885 631 3951 debuit
646 3886 687 3952 ad
703 3888 764 3951 hoc
778 3887 865 3973 quod
884 3896 1052 3952 teneretur
1066 3886 1107 3950 ad
1122 3886 1320 3951 escambium
1332 3880 1476 4014 33²2?

1332 3978 1368 4013 bur
1408 3987 1485 4016 mm·

241 4069 251 4101 ¹
268 4067 448 4142 Neverthelcsa
458 4066 560 4142 further
572 4067 741 4130 prooeedr'ngs
824 4067 835 4100 ³
852 4069 916 4118 This
937 4083 997 4119 ease
1018 4067 1042 4117 ia
1063 4067 1132 4144 cited
1153 4069 1188 4132 by
1204 4070 1319 4120 Bracton
1331 4021 1485 4109 mmm

208 4149 255 4186 are
265 4133 344 4184 taken
356 4132 441 4184 whrch
452 4133 506 4182 wrll
517 4132 548 4184 be
561 4131 644 4183 found
659 4133 741 4183 below
792 4134 810 4183 t.
820 4136 868 4186 391
881 4134 905 4183 b.
928 4134 954 4182 ll
963 4148 1008 4195 my
1016 4134 1105 4183 feoflee
1115 4134 1264 4184 incumbere
1274 4135 1319 4186 the
1331 4121 1425 4202 ”ssffim
1464 4167 1475 4203 ι

208 4201 237 4250 ιιι
253 4199 392 4250 naemu
409 4190 464 4256 5⁴l
475 4191 507 4240 Ἄ
792 4201 927 4249 tenement
944 4199 957 4248 1
974 4213 1018 4248 run
1033 4202 1082 4249 not
1097 4199 1186 4250 bound
1202 4205 1231 4249 to
1250 4215 1319 4250 oom-
1331 4173 1463 4250 ιιιιιιιιιιιιἰ

241 4265 253 4297 ²
268 4262 378 4326 Bradley
394 4261 423 4312 in
444 4261 652 4314 Ireieentershire.
687 4264 741 4314 llo·
793 4267 901 4326 pensate
909 4263 981 4322 him;
997 4279 1042 4325 my
1053 4269 1185 4328 warranty
1195 4265 1258 4314 does
1273 4271 1320 4316 not
1332 4256 1386 4295 ‘¹²⁸⁸-

208 4331 277 4379 nast.
291 4329 341 4377 vol.
352 4328 375 4386 t,
389 4342 415 4389 p.
428 4329 486 4379 493.
792 4329 887 4381 extend
898 4332 926 4377 to
937 4328 979 4377 bis
989 4334 1052 4380 acta.
