3342 5217
1067 0 1341 29 ωυᾶωῑ,
1385 0 1517 17 sseu-
1571 0 1755 30 δ-υ-,
1800 0 1925 19 μηδ..
1979 0 2073 18 ὧν·
2548 0 2657 18 νυ.

218 150 363 214 699,
588 132 959 201 Willelmus
982 134 1062 200 de
1082 135 1443 201 Senewella
1459 134 1670 201 Lucas
1690 136 1750 200 le
1776 136 2085 202 Seriaunt
2105 142 2174 201 et
2191 133 2307 199 alii
2323 133 2684 199 athachiati
2775 146 2940 186 neuen.

460 240 727 306 fuerunt
754 239 838 305 ad
868 240 1387 326 respondendum
1417 241 1464 306 J
1466 241 1704 305 ordano
1734 239 2066 306 Lambrict
2097 240 2177 305 de
2213 239 2455 325 placito
2484 260 2684 324 quare

461 344 684 409 domos
734 343 939 430 ipsius
983 343 1030 408 J
1032 344 1257 408 ordani
1313 344 1385 408 in
1438 344 1796 410 Senewella
1847 351 2034 408 nocte
2079 349 2571 429 prostrauerunt
2615 348 2686 406 et

461 454 964 535 asportauerunt
1000 454 1225 512 contra
1262 469 1489 534 pacem
1527 447 1717 514 Dom.
1759 447 1960 533 Regis
2004 454 2143 526 etc„
2174 446 2348 511 unde
2390 446 2688 533 queritur

463 550 635 638 quod
685 551 854 616 sicut
907 550 1275 616 Willelmus
1322 550 1730 616 Waleranen'
1784 558 1853 615 et
1906 550 2237 615 Walterus
2287 551 2488 615 frater
2544 550 2686 615 eius

462 662 732 741 nepotes
763 655 866 720 sui
896 656 1174 720 fuerunt
1192 654 1263 719 in
1291 654 1585 740 predicta
1614 654 1804 719 domo
1833 677 1953 719 sua
1987 654 2144 719 dum
2183 653 2323 740 ipse
2364 653 2491 719 fuit
2536 676 2686 719 cum

467 759 655 824 Dom.
689 758 1127 824 Wintoniensi
1159 757 1506 845 Episcopo¹
1537 765 1864 823 uenerunt
1901 758 2180 844 predicti
2207 757 2577 824 Willelmus
2617 765 2688 822 et

465 862 580 926 alii
638 870 707 927 et
766 868 1263 949 prostrauerunt
1321 861 1682 948 predictam
1741 862 2004 927 domum
2065 869 2135 926 et
2186 868 2688 949 asportauerunt

465 966 702 1031 catalla
744 988 863 1031 sua
911 966 1043 1031 scil.
1090 965 1137 1051 j.
1188 964 1643 1030 hauberchun²
1684 965 1886 1051 precii
1929 965 2081 1031 dim.
2132 988 2322 1031 marc.
2369 973 2438 1031 et
2480 988 2688 1031 unum

466 1071 788 1157 capellum
818 1069 969 1136 ferri
998 1069 1201 1155 precii
1228 1069 1337 1155 xij.
1370 1069 1512 1134 den.
1539 1078 1608 1134 et
1638 1092 1839 1134 unam
1871 1069 2162 1134 lanceam
2191 1070 2392 1155 precii
2422 1069 2504 1156 vj.
2537 1070 2687 1136 den.

467 1184 538 1240 et
572 1174 624 1260 j.
669 1197 889 1239 arcum
936 1182 1004 1239 et
1048 1174 1325 1260 sagittas
1366 1173 1569 1259 precii
1621 1172 1730 1259 xij.
1788 1173 1932 1238 den.
1979 1182 2048 1238 et
2091 1173 2359 1239 bladum
2402 1173 2602 1259 precii
2637 1172 2688 1259 j.

466 1302 657 1345 marc.
692 1286 762 1344 et
789 1301 1036 1365 pannos
1076 1279 1159 1343 ad
1201 1278 1563 1343 ualenciam
1607 1278 1698 1364 iij.
1743 1279 1871 1357 sol„
1903 1286 1971 1343 et
2017 1278 2191 1365 quod
2234 1279 2354 1344 hoc
2395 1279 2689 1343 fecerunt

466 1382 771 1468 nequiter
800 1389 870 1447 et
899 1381 971 1446 in
1001 1382 1240 1447 felonia
1268 1383 1456 1447 offert
1486 1383 1757 1467 probare
1780 1381 1950 1447 sicut
1972 1382 2152 1447 curia
2168 1381 2688 1447 considerauerit.

598 1486 685 1550 Et
709 1486 1078 1551 Willelmus
1108 1494 1178 1551 et
1207 1486 1320 1551 alii
1349 1486 1628 1551 ueniunt
1658 1495 1729 1551 et
1751 1486 2112 1551 defendunt
2134 1509 2360 1573 pacem
2384 1486 2687 1551 feloniam

468 1596 538 1653 et
597 1588 915 1653 roboriam
974 1597 1044 1653 et
1102 1589 1409 1675 quicquid
1470 1597 1570 1654 est
1632 1597 1858 1653 contra
1914 1611 2141 1674 pacem
2202 1576 2324 1654 etc.
2394 1596 2462 1654 et
2520 1589 2687 1653 bene

467 1699 860 1779 cognoscunt
891 1692 1063 1778 quod
1092 1692 1220 1778 ipsi
1249 1700 1756 1778 asportauerunt
1784 1692 2145 1778 predictam
2174 1693 2440 1758 domum
2470 1694 2550 1759 de
2579 1692 2684 1758 die

467 1816 584 1880 per
611 1802 990 1880 preceptum
1015 1793 1224 1858 Alicie
1248 1795 1329 1859 de
1353 1794 1602 1859 Mohun
1625 1794 1884 1859 domine
1907 1817 2020 1859 sue
2046 1801 2114 1859 et
2137 1817 2254 1881 per
2274 1795 2684 1860 uoluntatem

468 1897 783 1963 Willelmi
827 1899 908 1963 de
956 1900 1314 1965 Senewella
1357 1900 1472 1985 qui
1514 1922 1778 1986 presens
1822 1906 1923 1963 est
1968 1906 2037 1963 et
2080 1898 2240 1964 dicit
2291 1900 2464 1985 quod
2522 1900 2687 1965 liber

468 2000 659 2066 homo
690 1999 820 2065 est³
850 2008 919 2065 et
960 2000 1125 2067 bene
1167 2001 1461 2066 concedit
1498 2001 1670 2087 quod
1714 2002 2075 2088 asportauit
2118 2024 2235 2088 per
2275 2003 2687 2069 uoluntatem

467 2124 653 2167 suam
682 2103 1006 2189 predictas
1035 2104 1273 2170 domos,

598 2205 688 2269 Et
733 2206 780 2271 J
783 2206 1061 2271 ordanus
1104 2207 1291 2272 uenit
1336 2214 1405 2271 et
1450 2207 1609 2272 dicit
1654 2207 1829 2294 quod
1872 2207 2048 2273 idem
2094 2209 2463 2276 Willelmus
2504 2211 2685 2297 prius

468 2307 803 2375 dimiserat
854 2310 917 2376 ei
961 2318 1202 2377 terram
1246 2334 1432 2376 suam
1477 2312 1558 2376 de
1605 2312 1968 2378 Senewella
2025 2320 2379 2399 antequam
2436 2314 2685 2400 aliquid

469 2425 870 2481 concesserat
926 2416 1216 2501 predicte
1274 2414 1509 2482 Alicie.
1630 2416 1719 2480 Et
1783 2417 1930 2481 ideo
2000 2417 2251 2482 dictum
2310 2426 2410 2483 est
2470 2418 2684 2483 eidem

469 2517 516 2582 J
517 2518 753 2583 ordano
784 2520 955 2606 quod
985 2520 1125 2606 ipse
1155 2521 1490 2607 perquirat
1525 2544 1593 2585 se
1636 2544 1864 2586 uersus
1900 2519 1911 2608 Ι
1951 2519 2311 2585 dominam⁴
2340 2544 2456 2607 per
2485 2522 2683 2587 breue
2803 2524 2917 2575 [10²1

469 2620 551 2685 de
581 2644 754 2687 noua
781 2623 1129 2689 disseisina
1223 2624 1311 2688 Et
1342 2624 1422 2688 de
1453 2624 1661 2710 apello
1686 2625 1766 2689 de
1796 2646 1955 2709 pace
1987 2632 2055 2688 et
2082 2623 2335 2689 roberia
2362 2625 2554 2691 datus
2584 2634 2684 2691 est

470 2725 564 2790 eis
593 2725 731 2790 dies
759 2725 829 2790 in
860 2727 1151 2792 aduentu
1181 2726 1701 2791 iusticiariorum.

201 2857 365 2924 700·
600 2828 916 2894 Ricardus
944 2823 1169 2894 Abbas
1200 2830 1265 2895 S.
1298 2828 1669 2893 Eadmundi
1700 2828 2116 2894 athachiatus
2157 2829 2284 2893 fuit
2312 2829 2397 2895 ad
2425 2853 2685 2916 respon-
2813 2833 2918 2875 ⁸¹¹³·

469 2934 755 3000 dendum
808 2934 1055 2999 Thome
1116 2934 1196 2998 de
1257 2933 1617 2998 Blakeham
1677 2955 1875 3018 quare
1935 2955 2064 2997 non
2123 2941 2309 2998 tenet
2367 2933 2430 2998 ei
2489 2935 2686 3000 finem

469 3039 713 3115 factum
743 3038 814 3102 in
854 3037 1034 3103 curia
1074 3038 1260 3102 Dom.
1304 3038 1504 3125 Regis
1552 3060 1765 3102 coram
1808 3037 2181 3102 iusticiariis
2225 3037 2688 3103 itinerantibus

468 3142 645 3228 apud
725 3141 1180 3208 Catteshillam
1270 3141 1445 3205 inter
1525 3140 1742 3225 ipsum
1815 3141 2133 3206 Thomam
2206 3149 2544 3228 petentem
2618 3152 2689 3207 et

470 3245 821 3331 Hugonem
895 3244 1225 3309 Abbatem
1302 3243 1365 3309 S.
1443 3243 1816 3308 Eadmundi
1899 3244 2411 3329 predecessorem
2483 3246 2688 3332 ipsius

469 3348 750 3413 Abbatis
802 3347 1171 3413 tenentem³
1209 3346 1261 3433 j.
1309 3346 1584 3411 molend’
1629 3369 1779 3411 cum
1823 3355 1986 3432 pert.
2034 3355 2103 3412 et
2153 3356 2298 3413 octo
2340 3371 2463 3415 aer.
2516 3357 2685 3415 terre

469 3475 619 3517 cum
667 3460 827 3539 pert.
893 3451 963 3516 in
1023 3450 1348 3515 Fornham
1395 3451 1568 3516 unde
1614 3450 2066 3538 cirographum
2110 3461 2250 3530 etc„
2294 3452 2466 3517 unde
2510 3452 2685 3518 idem

470 3556 751 3621 Thomas
780 3555 1075 3641 queritur
1104 3553 1278 3639 quod
1308 3576 1458 3618 cum
1487 3553 1626 3640 ipse
1656 3576 1774 3639 per
1815 3554 2181 3639 predictum
2221 3555 2419 3620 finem
2449 3554 2688 3622 debeat

536 3804 556 3837 ¹
592 3804 741 3854 Peter
774 3800 866 3850 des
902 3800 1103 3851 Roches
1147 3799 1193 3849 is
1236 3800 1405 3863 newly
1447 3815 1522 3849 re·
1691 3799 1714 3832 ⁸
1747 3799 1873 3849 Was
1912 3798 2056 3851 there
2089 3814 2233 3851 some
2267 3800 2504 3864 question
2537 3816 2597 3852 as
2630 3805 2686 3853 to

470 3868 662 3920 turned
702 3868 840 3917 from
883 3865 967 3915 his
999 3866 1319 3927 pilgrimage.
1392 3865 1519 3916 Mat.
1627 3863 1931 3927 villeinage‘?

471 3937 589 3988 Par.
616 3935 800 3983 Chr-on.
826 3933 957 3994 Maj.
981 3930 1081 3980 vol.
1107 3933 1155 3988 3,
1179 3946 1230 3992 p.
1256 3931 1366 3982 204.
1693 3931 1715 3962 ⁴
1747 3929 1906 3979 Alice.

538 4000 560 4033 ²
591 4000 636 4051 A
658 3997 963 4060 haben-geon,
986 3996 1314 4059 breastplate.
1694 3994 1714 4026 ⁵
1750 3994 1948 4058 Supply
1971 3997 2048 4045 de.
