3342 5217
47 159 48 178 ,
106 110 178 171 812.
294 97 472 163 'Henricus
494 96 535 162 de
558 97 762 163 Boclrelonde
784 96 871 182 petit
886 119 999 161 uersus
1015 95 1215 161 Rendulfum
1231 119 1339 182 perso·
1368 110 1489 150 florerent

230 226 306 268 nam
326 203 368 268 de
391 202 510 267 Mimes
524 202 610 288 quod
625 202 741 267 reddat
756 203 787 267 ei
803 202 1002 267 Willelmum
1018 202 1122 267 filium
1138 210 1173 267 et
1188 202 1339 266 heredem

229 305 389 371 Johannie
411 304 452 369 de
475 304 676 382 Hatfeuldia‚
698 327 737 369 eo
759 304 846 391 quod
868 304 955 369 idem
977 304 1145 371 Johannes
1168 304 1276 369 tenuit
1298 304 1339 369 de

230 408 300 494 ipso
315 408 458 475 Henrico
473 432 533 495 per
546 409 721 474 seruicium
736 408 886 473 militare.

297 512 341 576 Et
361 510 544 577 Rendnlfne
566 512 660 577 uenit
682 519 717 577 et
740 510 887 576 defendit
911 510 997 597 quod
1021 533 1085 574 non
1109 510 1209 577 habet
1232 510 1339 597 ipsum
1351 525 1473 621 ἕως

232 616 442 694 Willelmum,
457 639 517 681 nec
532 616 649 681 hebuit
664 624 809 701 tempore
824 638 889 701 quo
910 616 1010 681 breue
1033 615 1097 679 fuit
1119 614 1340 701 impetratum,
1351 618 1484 713 mg

231 744 292 787 nec
307 722 415 807 ipsum
430 728 540 806 potest
554 720 696 798 reddere,
712 728 747 785 et
761 719 842 784 dicit
857 720 943 806 quod
959 719 1017 784 ubi
1031 726 1081 783 est
1096 742 1183 785 nunc
1205 743 1270 784 non
1290 728 1340 785 est
1351 712 1507 800 ffiffifflffl

231 848 290 910 per
303 848 387 891 eum.
1352 806 1498 909 iiidnniim

299 930 342 994 Bt
365 926 528 994 Henricue
550 927 631 992 dicit
653 927 739 1013 quod
761 924 949 1013 postquam⁴
971 925 1034 991 fuit
1064 926 1274 1011 impetratum
1306 900 1474 1032 etifio'liioii‘

232 1041 306 1119 post
320 1031 609 1097 commonicionem
624 1031 689 1096 fuit
706 1053 778 1095 cum
803 1054 842 1095 eo
864 1053 922 1116 per
944 1030 1077 1117 longum
1100 1038 1241 1115 tempus,
1264 1029 1342 1116 quia
1352 995 1503 1125 fflffiiii

232 1135 418 1221 dicitquod
433 1134 595 1199 Amabilis
613 1141 719 1199 meter
737 1134 842 1220 ipsius
865 1134 1023 1199 Willelmi
1045 1133 1174 1199 dicebat
1195 1134 1229 1197 in
1252 1133 1342 1199 curie
1352 1132 1496 1227 ffluguffi

232 1240 326 1304 Dom.
341 1238 450 1326 Regio,
465 1262 538 1304 cum
554 1238 720 1325 predictus
734 1238 920 1303 Willelmus
942 1239 984 1304 ab
1006 1260 1045 1303 en
1066 1246 1234 1324 peteretur
1255 1237 1341 1324 quod
1352 1227 1477 1276 ¹”‘¹'²³'¹‘¹⁰''

232 1342 296 1407 fuit
325 1342 360 1407 in
390 1341 538 1407 custodio
565 1342 669 1428 ipsius
698 1340 859 1407 Rendulfi.
906 1341 950 1407 Et
979 1341 1052 1406 ideo
1078 1349 1268 1427 preceptum
1291 1348 1342 1405 est

233 1445 417 1511 uicecomiti
432 1445 520 1531 quod
535 1444 647 1510 uenire
661 1445 760 1510 faciat
774 1444 953 1531 predictam
969 1443 1155 1509 Amabilem
1170 1468 1190 1508 a
1207 1443 1259 1509 die
1280 1451 1340 1509 etc.

233 1548 274 1613 ad
298 1548 557 1634 respondendum
581 1548 687 1613 eidem
712 1548 855 1613 Henrico
881 1570 980 1633 quare
1006 1547 1113 1633 ipsum
1141 1548 1341 1613 Willelmum

233 1652 399 1738 elongauit
408 1673 482 1715 cum
493 1650 563 1743 ipso
574 1651 745 1727 Randulfo,
755 1662 789 1715 et
800 1651 975 1737 diligenter
985 1649 1128 1736 inquirat
1140 1651 1167 1715 si
1177 1650 1342 1738 predictus

234 1753 417 1819 Willelmue
439 1754 482 1819 eit
505 1754 540 1819 in
562 1756 685 1820 belliue
705 1778 765 1821 sua
786 1763 821 1820 et
843 1756 872 1821 si
893 1756 1000 1841 ipsum
1022 1755 1069 1820 ibi
1091 1754 1246 1832 inueniat,
1263 1765 1341 1820 tuno

234 1858 340 1944 ipsum
356 1858 517 1923 attachiet
531 1858 580 1923 ite
593 1858 681 1945 quod
696 1859 816 1924 habent
827 1860 921 1925 illum
934 1859 975 1923 ad
987 1858 1169 1945 predictum
1182 1860 1268 1925 diem
1281 1870 1340 1925 etc

176 2022 184 2036 ,
298 1962 426 2027 ‘Assiea
449 1962 542 2028 uenit
565 1962 771 2050 recognitum
794 1965 867 2051 quis
890 1965 1067 2031 eduocatns
1090 1974 1234 2054 tempore
1254 1967 1342 2053 pacis
1423 1991 1464 2021 m.

234 2068 436 2153 presentauit
452 2066 602 2132 ultimam
618 2090 786 2154 personam
802 2091 866 2154 que
881 2078 1070 2134 mortuaest
1081 2070 1123 2135 ad
1134 2071 1290 2157 capellam
1302 2070 1342 2135 de

235 2172 406 2237 Strettone
427 2194 491 2258 que
513 2178 609 2236 uacet
631 2178 670 2235 ut
691 2170 812 2236 dicitur
833 2171 926 2237 cuius
947 2173 1193 2239 aduocacionem
1218 2175 1343 2239 Alanus

234 2274 327 2339 Brito
348 2274 468 2339 clamat
490 2297 604 2339 uersus
627 2275 802 2361 Symonem
828 2276 869 2342 de
900 2276 1082 2342 Elmeduna
1110 2286 1145 2342 et
1174 2279 1197 2344 J
1200 2278 1342 2343 ulianam

234 2402 365 2444 uxorem
382 2380 453 2445 eius
468 2388 529 2445 etc.
575 2380 619 2444 Et
634 2380 755 2467 Symon
773 2380 866 2445 uenit
882 2389 916 2445 et
936 2380 1016 2446 dicit
1037 2381 1124 2468 quod
1143 2382 1342 2467 presentatio

234 2482 276 2547 ad
291 2482 398 2568 ipsum
413 2483 566 2569 pertinet,
582 2482 807 2569 quia'quidem
823 2484 986 2549 Bobertus
1008 2486 1038 2549 le
1062 2485 1217 2551 Chiueler
1234 2484 1240 2572 Ι
1260 2508 1342 2550 aune

234 2586 377 2671 predicte
393 2587 416 2652 J
417 2586 526 2650 ulinne
541 2586 744 2671 presenteuit
759 2586 921 2672 quendem
933 2586 1135 2651 Willelmum
1150 2588 1190 2651 de
1203 2587 1341 2652 Oeuere-

234 2689 449 2776 lingewurthe
472 2689 530 2775 qui
552 2688 669 2753 ultimo
691 2690 773 2754 obiit
795 2713 933 2776 persona
953 2691 988 2756 in
1010 2691 1123 2757 eedem
1146 2692 1278 2778 capella,
1307 2700 1342 2755 et

233 2790 309 2855 inde
332 2790 424 2877 ponit
445 2814 480 2856 se
502 2813 600 2877 super
621 2792 763 2870 cesinam,
786 2803 820 2857 et
842 2793 1008 2859 sciendum
1029 2795 1115 2881 quod
1129 2795 1264 2861 Juliana
1277 2817 1341 2859 non

234 2894 334 2960 uenit.

299 2998 344 3062 Et
363 2998 488 3063 Alanus
507 2997 695 3085 dicitquod
716 2999 848 3085 quidam
870 3001 1029 3067 Redulfus
1049 3003 1141 3069 Brito
1161 3007 1342 3071 auunculus

233 3122 311 3165 suus
332 3100 535 3185 presenteuit
557 3100 718 3186 quendem
742 3101 885 3167 Alenum
915 3103 1046 3168 fratrem
1076 3126 1172 3169 suum
1202 3115 1236 3171 et
1265 3107 1341 3173 inde

233 3204 326 3290 ponit
341 3226 376 3269 se
391 3226 489 3290 super
502 3204 645 3283 assisam,
659 3214 694 3271 et
708 3206 795 3292 quod
809 3207 852 3272 ed
871 3209 1145 3293 presentationem
1165 3234 1257 3276 suern
1278 3212 1342 3275 fuit

233 3308 401 3374 admistus.

298 3413 468 3479 Juratores
482 3413 598 3479 dicunt
612 3414 699 3501 quod
713 3415 879 3502 predictus
894 3417 1054 3483 Redulfus
1069 3419 1162 3483 Brito
1176 3428 1341 3506 presenta-

234 3517 286 3583 uit
300 3517 484 3604 predictum
499 3520 643 3585 Alenum
658 3522 791 3585 fratrem
806 3544 913 3600 suum,
927 3529 962 3587 et
977 3522 1046 3609 ipse
1068 3523 1111 3588 ed
1128 3524 1339 3609 presentatio—

204 3618 208 3624 ’
234 3646 310 3688 nem
325 3646 418 3688 suem
433 3623 497 3689 fuit
511 3624 671 3691 admissus
688 3634 723 3691 et
743 3633 856 3712 postea
866 3628 960 3692 uenit
971 3628 1133 3693 Robertue
1144 3629 1175 3693 le
1187 3628 1342 3695 Chiueler

267 3759 366 3809 ¹Gorr.
378 3760 555 3824 Hertsorm.
811 3760 870 3813 law.

267 3824 425 3875 mmm.
844 3826 973 3891 ⁴Supply
985 3829 1066 3888 meuc,
1079 3828 1110 3880 A.

267 3890 423 3953 ⁸Probcbly
438 3890 484 3941 the
500 3890 615 3953 pointie
634 3889 694 3941 thet
715 3890 762 3941 the
845 3891 902 3941 ³A.
915 3907 951 3945 m.
965 3894 1005 3943 23.

235 3954 378 4006 defendant
388 3955 412 4004 ie
422 3960 470 4005 not
480 3955 589 4006 allowed
600 3959 628 4006 to
639 3971 709 4019 wege
720 3955 762 4006 hie
