3342 5217
211 110 269 194 qui
290 110 406 175 ultimo
430 111 668 177 itinerauerunt
690 113 725 177 in
747 135 826 178 com.
850 114 883 177 N
886 113 984 201 oting.
1007 136 1065 199 per
1085 115 1218 180 assisam
1234 138 1317 181 noue

211 213 387 292 disseisine,
412 224 447 279 et
473 216 559 280 unde
583 216 697 280 dicunt
723 216 809 302 quod
831 216 858 280 si
881 217 967 281 idem
991 218 1154 283 Robertus
1176 218 1258 283 uelit
1283 242 1318 284 se

210 320 374 384 retrahere
398 320 439 384 de
462 342 633 385 communa
657 343 754 405 quam
777 320 892 385 habet¹
915 320 950 384 in
973 320 1066 385 terris
1088 320 1239 407 ipsorum,
1255 322 1318 407 ipsi

210 424 327 487 nolunt
341 446 375 487 se
390 424 554 489 retrahere
569 434 604 488 et
618 425 733 489 dicunt
748 424 835 510 quod
850 448 978 512 semper
997 426 1318 492 communicauerunt
1367 430 1370 435 '

211 528 291 592 horn
306 529 499 607 underhorn,
514 538 549 595 et
568 530 682 594 dicunt
703 528 789 614 quod
808 530 932 595 nullam
953 553 1157 595 communem
1182 532 1318 617 exigunt

211 632 288 717 quia
301 642 379 697 sunt
393 634 428 697 in
443 633 561 698 seisina
575 634 615 699 de
631 655 803 698 communa
813 632 876 711 illa,
890 642 924 698 et
939 633 1101 698 Robertus
1111 633 1194 698 bene
1210 642 1318 719 potest
1330 638 1449 734 353⁰&

210 737 446 802 communicare
460 761 534 803 cum
550 739 597 803 eis
612 738 640 802 si
655 737 803 802 uoluerit.
1330 732 1474 820 'diffie-

276 842 319 906 Et
334 842 496 906 Robertus
510 841 603 906 uenit
618 850 653 906 et
668 841 748 905 dicit
763 840 850 926 quod
866 863 924 904 nec
940 841 1009 926 ipse
1025 864 1084 905 nec
1099 848 1316 907 antecessores
1329 827 1403 869 Μ’·

209 968 354 1031 unquam
369 968 574 1011 communem
589 946 776 1010 hahuerunt
795 945 830 1009 in
854 946 959 1010 Locke
983 945 1046 1011 nisi
1065 954 1139 1031 post
1161 968 1317 1031 guerram

209 1058 244 1114 et
262 1073 320 1135 per
334 1050 403 1114 uim
421 1059 479 1116 etc.
497 1051 561 1116 scil.
578 1060 652 1137 post
665 1072 820 1137 guerram
837 1049 996 1115 mortam³
1011 1050 1098 1115 inter
1111 1072 1219 1137 regem
1236 1050 1266 1115 J.
1283 1060 1318 1115 et

209 1155 344 1219 barones
359 1177 440 1219 suos

275 1260 318 1323 Et
343 1260 484 1324 Saherus
507 1267 541 1324 et
564 1260 700 1324 Matillis
722 1282 780 1345 per
802 1266 983 1323 attornatos
1006 1281 1079 1323 suos
1101 1257 1214 1323 dicunt
1230 1258 1316 1344 quod

209 1362 410 1447 temporibus
445 1372 684 1429 antecessorum
722 1386 850 1449 semper
886 1370 963 1427 ante
993 1385 1149 1449 guerram
1179 1372 1214 1428 et
1243 1372 1316 1449 post

209 1466 539 1545 communicauerunt⁴
561 1468 616 1532 ille
646 1468 710 1532 due
741 1466 819 1531 uille
846 1467 926 1531 horn
957 1466 1151 1543 underhorn,
1177 1475 1210 1531 et
1239 1465 1315 1531 inde

209 1566 322 1653 ponit⁴
336 1591 370 1633 se
385 1592 483 1654 super
503 1570 652 1655 patriam,
667 1579 702 1634 et
722 1569 884 1634 Robertus
906 1567 959 1634 et⁶
979 1568 1135 1633 similiter.
1182 1569 1225 1632 Et
1243 1568 1315 1633 ideo

208 1672 419 1756 preceptum⁶
438 1672 623 1736 uicecomiti
646 1672 733 1757 quod
755 1694 862 1737 coram
885 1694 923 1737 eo
946 1679 980 1735 et
1002 1694 1107 1737 coram
1127 1671 1316 1737 custodibus

208 1773 400 1858 placitorum
426 1797 540 1839 corone
566 1774 601 1838 in
625 1774 721 1860 pleno
743 1774 900 1839 comitatu
925 1774 1036 1839 uenire
1059 1774 1157 1839 faciat
1179 1775 1233 1860 xij.
1259 1776 1315 1861 qui

209 1887 359 1943 neutram
374 1888 500 1964 partem
516 1879 626 1964 aliqua
645 1879 806 1943 affinitate
823 1878 991 1966 attingant
1011 1886 1069 1943 etc.
1087 1879 1128 1943 ad
1148 1902 1314 1966 recognos-
1381 1944 1383 1949 ,

209 1982 347 2047 cendum
363 1983 390 2047 si
404 1982 543 2068 predicti
558 1982 700 2047 Saherus
715 1989 749 2046 et
766 1982 901 2046 Matillis
922 1991 956 2046 et
978 1990 1194 2048 antecessores
1213 1983 1316 2069 ipsius

210 2085 380 2150 Matillidis
409 2094 444 2151 et
470 2086 616 2151 homines
638 2086 801 2172 ipsorum⁷
823 2086 864 2150 de
888 2086 1015 2151 Gaham
1037 2094 1113 2151 ante
1136 2088 1314 2173 predictam

208 2210 364 2274 gwenam
380 2196 502 2253 motam
517 2188 840 2252 communicauerunt
858 2188 893 2251 in
913 2195 1000 2253 terra
1014 2187 1115 2273 ipsius
1131 2189 1265 2253 Roherti
1281 2195 1315 2253 et

208 2298 446 2357 antecessorum
458 2314 588 2357 suorum
599 2292 633 2356 in
646 2292 762 2369 Locke,
773 2292 854 2355 horn
867 2290 1060 2369 underhorn,
1069 2291 1122 2355 uel
1135 2314 1199 2355 non
1209 2300 1270 2357 etc.
1281 2300 1315 2356 et

209 2395 454 2480 inquisicionem
464 2396 576 2461 uenire
586 2395 774 2460 faciatadie
784 2403 844 2460 etc.
852 2418 910 2481 per
919 2395 1045 2459 litteras
1055 2404 1089 2459 et
1098 2417 1156 2480 per
1164 2396 1244 2460 duos
1253 2406 1312 2461 etc.

149 2548 157 2563 .
273 2498 473 2565 ⁸Willelmus
488 2500 527 2564 de
544 2497 659 2563 Insua⁹
673 2498 794 2584 optulit
806 2521 840 2562 se
852 2507 968 2583 quarto
979 2497 1031 2562 die
1044 2519 1101 2583 per
1111 2504 1313 2563 attornatum

207 2625 304 2667 suum
319 2625 433 2667 uersus
448 2603 623 2688 Hugonem
638 2602 678 2665 de
694 2600 882 2666 Pabbeham
905 2600 945 2664 de
965 2600 1085 2686 placito
1100 2600 1186 2685 quod
1200 2600 1315 2665 reddat

208 2708 240 2772 ei
254 2708 449 2795 Margeriam
461 2708 561 2771 filiam
574 2716 608 2771 et
620 2706 775 2771 heredem
785 2706 920 2771 Roberti
936 2706 976 2770 de
993 2705 1122 2791 Olpton'
1132 2704 1153 2737 ¹⁰
1168 2705 1316 2770 custodia

208 2812 301 2875 cuius
315 2810 479 2896 adipsum
494 2810 637 2896 pertinet
652 2810 779 2874 racione
794 2808 995 2873 uendicionis
1015 2831 1113 2894 quam
1132 2808 1253 2895 Symon
1273 2809 1314 2874 de

208 2915 436 2979 Hareweduna
450 2916 490 2979 de
505 2936 569 3000 quo
584 2914 749 3000 predictus
769 2914 932 2978 Robertus
955 2922 1074 2978 terram
1095 2936 1187 2978 suam
1206 2913 1314 2978 tenuit

207 3042 267 3105 per
288 3019 462 3084 seruicium
491 3019 633 3083 militare
659 3019 691 3083 ei
718 3019 794 3083 inde
824 3018 901 3083 feeit
931 3026 990 3084 etc.
1047 3020 1090 3082 Et
1120 3019 1220 3106 Hugo
1249 3040 1313 3082 non

207 3124 310 3188 uenit.
326 3146 395 3211 sym
401 3124 421 3155 ¹¹
436 3132 496 3189 etc.
512 3124 536 3188 J
537 3123 681 3188 udicium
697 3123 897 3187 attachietur
912 3122 998 3208 quod
1013 3123 1056 3187 sit
1071 3123 1106 3186 in
1123 3122 1193 3187 Oct.
1209 3131 1269 3187 etc.

273 3227 415 3292 ¹¹Assisa
434 3228 528 3292 uenit
545 3227 750 3314 recognitura
771 3226 845 3313 quis
866 3227 1043 3291 aduocatos
1066 3236 1211 3311 tempore
1227 3226 1314 3310 pacis
1348 3241 1475 3283 Norhmt·

205 3330 409 3417 presentauit
424 3329 575 3395 ultimam
590 3352 761 3416 personam
776 3352 840 3416 que
861 3338 990 3394 mortua
1011 3337 1061 3395 est
1085 3329 1126 3393 ad
1147 3329 1313 3394 ecclesiam

240 3502 342 3553 ¹hobet
352 3502 440 3553 interl.
453 3502 488 3563 by
496 3504 651 3560 annotator;
664 3499 732 3549 inA.
817 3498 961 3549 ⁵Omitct.

239 3566 250 3598 ²
267 3568 389 3629 Spelman
398 3566 577 3632 (conanime
586 3568 660 3615 Horu
670 3568 733 3615 with
815 3564 827 3596 ⁶
844 3565 943 3627 Supply
955 3572 999 3625 cst,
1014 3564 1044 3613 A.

205 3634 281 3683 Hom
292 3632 344 3682 and
356 3632 419 3681 citos
435 3648 452 3682 a
469 3632 608 3681 document
625 3632 653 3680 of
668 3631 733 3682 1276
816 3630 826 3663 ⁷
844 3634 954 3693 ipsorum
965 3629 1091 3693 repeated.

204 3699 235 3746 in
247 3697 331 3747 which
342 3697 396 3747 this
407 3697 501 3760 phrase
512 3711 618 3745 occurs:
635 3696 697 3745 does
710 3696 732 3745 it
815 3694 827 3791 ε
843 3696 873 3743 Α.
886 3709 921 3743 m.
934 3694 974 3743 26.

204 3777 282 3877 tt?
290 3760 731 3877 „efflamus”
816 3760 1067 3887 staats&

238 3892 317 3954 ³810,
331 3893 369 3950 A;
385 3901 559 3943 coramotom.
816 3889 836 3921 ¹¹
854 3890 924 3938 Oorr.
937 3891 1141 3951 recommendas,
1155 3891 1185 3941 A.

237 3960 248 3990 ⁴
266 3958 317 4018 Sic,
328 3960 359 4007 Δ.
817 3954 838 3985 ¹²
854 3956 884 4003 A.
894 3970 929 4003 m.
943 3955 1006 4004 aod.

1117 4058 1224 4119 tio-2
