3342 5217
369 413 430 480 254
599 431 832 494 massennes,
857 433 923 484 sn.
947 419 1039 492 1220,
1060 433 1122 481 ss„
1146 417 1240 480 4-5.

365 603 500 669 clericus
522 605 611 671 illam
633 605 776 691 possedit
798 630 872 671 xxx.
894 605 988 670 annis
1010 604 1187 670 transactis
1233 604 1293 670 Set
1308 603 1386 688 quia
1406 602 1474 665 De-

365 730 464 772 canus
483 709 573 794 prius
593 709 653 775 hoe
672 709 760 774 idem
782 709 918 788 dixerat,
933 718 969 775 et
987 709 1148 775 Hemicus
1169 709 1286 774 Ruffirs
1308 705 1476 794 respondit

365 811 452 898 quod
474 812 658 880 Willelmus
680 823 774 900 pater
802 815 905 901 ipsius
934 815 1054 902 Rogeri
1082 814 1165 880 obiit
1193 815 1254 880 hoc
1282 835 1366 878 anno
1395 809 1475 876 inde

365 936 509 1000 persona,
524 915 761 983 consideratum
781 918 846 982 fuit
866 917 952 1005 quod
974 917 1074 984 assisa
1094 917 1255 1004 procedat,
1269 924 1321 982 set
1342 914 1477 1002 ponitur

364 1017 400 1082 in
422 1027 605 1105 respectum
635 1044 738 1108 usque
767 1022 803 1086 in
833 1029 900 1086 tres
928 1021 1056 1108 septim
1079 1028 1153 1107 post
1181 1022 1302 1085 festum
1328 1019 1360 1084 S.
1383 1016 1474 1102 Hylt

365 1143 422 1206 pro
436 1122 566 1188 defectu
581 1123 819 1211 recognitorum
834 1123 913 1210 qnia
927 1131 1058 1189 tantum
1073 1131 1140 1188 tres
1159 1131 1322 1189 uenerunt
1341 1130 1376 1186 et
1397 1143 1475 1185 cum

365 1225 483 1311 quibus
512 1235 571 1293 etc
595 1235 630 1293 et
658 1229 827 1294 Johannes
855 1252 891 1294 se
917 1228 1113 1294 essoniauit¹
1142 1238 1201 1295 ete
1232 1237 1267 1294 et
1295 1227 1476 1293 nioeeomes

348 1329 484 1499 ‘Rabeat
498 1353 630 1417 corpora
643 1330 780 1397 aliorum
795 1339 830 1397 et
845 1331 913 1397 loco
929 1332 1064 1398 Henrici
1078 1333 1119 1398 de
1134 1331 1325 1420 Penebrigg’
1338 1329 1476 1396 Henrici

387 1457 405 1498 e
422 1433 540 1500 Safeid’
557 1444 616 1501 etc

308 1604 314 1618 ,
428 1536 560 1604 'Assisa
581 1539 675 1604 uenit
696 1539 904 1627 recognitum
922 1541 995 1628 quis
1018 1540 1197 1607 aduncatus
1219 1547 1364 1626 tempore
1385 1537 1476 1624 pacis
1599 1560 1600 1563 ’

365 1643 566 1726 presentauit
583 1643 734 1710 ultimam
754 1667 1003 1731 personamque
1026 1653 1156 1710 mortua
1175 1651 1226 1709 est
1247 1643 1290 1709 ad
1306 1642 1475 1708 ecclesiam
1601 1666 1602 1709 t

364 1747 405 1812 de
435 1747 559 1835 Tunge
578 1747 584 1834 Ι
604 1772 666 1835 que
696 1758 793 1815 uacat
823 1759 893 1828 eto,
922 1749 1016 1815 cuius
1033 1748 1299 1814 ‘aduocacionem
1328 1748 1477 1834 Rogems
1602 1756 1603 1783 ¹

364 1849 406 1914 de
422 1849 453 1914 la
469 1850 576 1915 Suche
591 1851 710 1916 clamat
725 1875 840 1918 uersus
851 1852 1017 1918 Abbatem
1033 1851 1255 1938 Salopesbirie
1300 1848 1367 1930 Qui
1381 1848 1477 1913 uenit
1603 1850 1604 1861 ¹

365 1961 400 2019 et
421 1953 501 2018 dicit
523 1954 610 2041 quod
631 1955 731 2020 assisa
752 1977 817 2020 non
839 1953 939 2020 debet
960 1954 1037 2020 inde
1060 1954 1130 2019 fieri
1152 1953 1231 2041 quia
1254 1952 1389 2018 ecclesia
1408 1974 1476 2016 non

365 2065 470 2136 uacat,
487 2057 588 2123 immo
610 2058 772 2125 Robertns
793 2059 834 2124 de
858 2059 1068 2124 Shurefordia
1089 2068 1140 2124 est
1161 2058 1238 2123 inde
1260 2079 1396 2144 persona
1416 2057 1477 2143 qui

365 2184 496 2247 presens
518 2171 568 2228 est
590 2171 625 2228 et
647 2164 707 2229 hoe
728 2162 815 2229 idem
838 2163 920 2229 dicit
949 2171 984 2229 et
1012 2165 1135 2250 profert
1164 2171 1287 2228 cartam
1316 2161 1476 2226 Willelmi

366 2265 618 2332 Conuentrensis
640 2267 793 2354 Episcopi
802 2266 822 2346 ⁸,
845 2291 909 2354 que
939 2275 1082 2333 testatur
1105 2267 1192 2354 quod
1220 2265 1290 2352 ipse
1318 2264 1411 2330 dedit
1441 2273 1477 2329 et

365 2370 522 2436 concessit
549 2371 715 2437 eeclesiam
738 2371 779 2438 de
801 2373 917 2465 Tunge
947 2395 1021 2437 eum
1051 2370 1200 2436 omnibus
1228 2377 1309 2455 pert
1333 2368 1476 2433 Roberto

365 2473 406 2538 de
423 2475 608 2540 Surefordie
622 2475 735 2541 clerico
750 2474 793 2540 ad
807 2475 1083 2561 presentaeionem
1095 2473 1234 2541 Abbatis
1249 2481 1284 2538 et
1294 2481 1476 2538 conuentus

368 2578 572 2665 Salopesbiry
589 2582 681 2646 salua
698 2588 810 2646 tamen
832 2581 868 2646 in
887 2579 1002 2646 eadem
1022 2579 1156 2645 eeclesia
1176 2578 1298 2664 uicaria
1314 2577 1477 2664 Ernulphi

366 2681 473 2747 clerici
488 2683 545 2770 qui
559 2683 646 2750 dicto
666 2685 809 2750 Roberto
830 2684 907 2750 dim.
923 2708 1018 2751 marc
1039 2684 1139 2750 soluit
1162 2683 1293 2749 nomine
1312 2681 1476 2768 pensionis

366 2793 401 2848 et
415 2784 522 2871 ipsum
538 2786 718 2852 Robertum
733 2787 768 2852 in
786 2787 900 2852 eadem
919 2787 1071 2853 canonice
1091 2786 1237 2852 instituit
1259 2793 1318 2850 etc
1363 2785 1477 2851 Abbas

367 2889 468 2954 eciam
483 2891 605 2976 profert
624 2891 766 2957 cartam‘
788 2892 909 2980 Rogeri
928 2892 1066 2960 comitis
1089 2890 1304 2978 Salopesbirie
1326 2913 1391 2977 que
1410 2897 1475 2955 tes·

366 3001 457 3058 tatur
479 2993 565 3081 quod
593 2993 680 3061 idem
703 2996 850 3082 Rogerus
872 2995 965 3061 dedit
986 2995 1033 3061 eis
1055 2995 1165 3082 plures
1186 3003 1289 3060 terras
1310 3004 1345 3058 et
1366 2994 1476 3080 plures

366 3095 515 3162 ecelesias
543 3097 630 3162 inter
659 3121 739 3184 quas
760 3099 909 3164 nominat
931 3098 1100 3164 ecclesiam
1121 3097 1163 3163 de
1185 3099 1304 3184 Tonge
1348 3097 1477 3161 Profert

365 3199 469 3266 eciam
498 3207 620 3266 cartem
650 3201 750 3288 Regis
779 3201 915 3267 Hemici
944 3201 1000 3267 aui
1026 3201 1120 3267 Dom.
1142 3200 1242 3288 Regis
1267 3222 1331 3287 que
1352 3199 1476 3265 donum

365 3301 448 3368 illud
463 3302 510 3368 eis
525 3303 693 3370 confirmat
708 3312 742 3370 et
757 3313 881 3370 cartam
896 3305 990 3371 Dom
1006 3304 1095 3391 Pape
1110 3326 1173 3391 que
1188 3302 1340 3369 similiter
1352 3296 1476 3367 domim

365 3405 448 3471 illud
462 3405 509 3471 eis
523 3407 700 3472 confirmat
739 3407 908 3474 Predictus
922 3408 1025 3474 eciam
1040 3407 1203 3472 Robertus
1216 3407 1339 3493 profert
1353 3414 1476 3472 cartam

366 3510 469 3597 ipsius
484 3511 625 3577 Abbatis
646 3520 681 3577 et
703 3520 885 3578 conuentus
907 3511 1132 3599 salopesbirie
1147 3533 1211 3598 que
1233 3518 1375 3576 testatur
1389 3509 1477 3595 quod

366 3614 430 3703 ipsi
453 3625 679 3684 concesserunt
701 3618 807 3685 eidem
830 3618 973 3683 Roberto
994 3617 1070 3682 dim
1094 3639 1188 3682 marc
1211 3615 1340 3702 argenti
1361 3615 1403 3680 de
1424 3637 1475 3680 ec-

367 3721 465 3787 clesia
499 3721 541 3786 de
570 3721 690 3809 Tonge,
720 3722 810 3788 illam
844 3723 968 3789 scilicet
997 3745 1095 3808 quam
1125 3721 1313 3808 Emulphus
1341 3719 1477 3786 clericus

367 3823 538 3890 canonieus
557 3823 599 3888 de
619 3823 818 3912 Lichefeldt'o
839 3826 881 3891 de
903 3825 1017 3892 eadem
1039 3824 1174 3891 ecclesia
1332 3823 1477 3890 ‘mona-

366 3927 435 3993 chis
463 3927 634 3992 annuatim
670 3928 824 3994 reddere⁸
853 3930 983 3994 nomine
1019 3928 1184 4016 pensionis
1220 3927 1403 3994 habendam
1439 3939 1476 3994 et

366 4031 606 4118 percipiendam
644 4054 665 4096 a
700 4031 787 4098 dicto
824 4034 993 4121 Emnlpho
1022 4031 1141 4120 quam'
1169 4032 1257 4098 idem
1288 4033 1476 4119 Emulphus

367 4134 497 4216 uixerit,
526 4134 575 4200 ita
604 4135 690 4221 quod
719 4143 793 4223 post
821 4136 989 4203 decessum
1018 4136 1121 4223 ipsius
1150 4135 1311 4223 Ernulphi
1342 4135 1478 4222 [eisdem

400 4271 481 4333 ¹etj.
493 4268 616 4385 [compre
628 4271 775 4332 montonis,
787 4271 817 4333 Δ,
829 4271 862 4322 Β.
978 4271 1217 4336 ’Δεμωίιίοῆ;
1232 4270 1478 4324 theomittodworrl

400 4334 771 4394 ’nm.15;B.m.1sd„
946 4337 1126 4397 isetsdern,A.

399 4401 410 4434 ⁸
425 4415 476 4450 aa.
489 4401 627 4449 lars-aa.
979 4403 990 4436 ⁸
1229 4405 1235 4416 ’

400 4468 411 4500 ⁴
428 4465 541 4516 Monast.
553 4465 604 4516 vol.
616 4466 640 4524 3,
652 4480 679 4529 p.
690 4467 748 4518 519.
