3342 5217
493 306 629 381 msreug
651 320 716 371 nn.
741 304 834 383 1231,
857 319 921 370 ru
945 310 994 369 15.
1236 309 1297 373 431

193 488 334 555 Radulfo
348 490 492 556 Tinctori
507 512 605 578 quare
626 492 735 557 tenuit
750 492 908 577 placitum
923 492 959 557 in
973 493 1063 558 curia
1075 492 1302 561 cristianitatis

192 593 234 659 de
248 593 374 659 catellis
389 614 452 681 que
467 616 532 659 non
546 603 624 659 sunt
639 602 700 660 etc.
715 603 828 660 contro
842 595 1095 681 prohibicionem
1110 604 1169 661 etc.
1314 604 1462 692 &effi-¹

258 696 303 762 Et
326 696 489 763 Robertus
515 697 607 761 uenit
633 706 668 762 et
690 696 838 762 defendit
858 706 971 763 contro
992 698 1100 784 ipsum
1123 698 1301 764 Rndultirm
1314 699 1458 795 ffiffi

192 800 277 865 sicut
292 822 405 865 uersus
419 800 513 866 illum
527 800 585 886 qui
600 800 723 865 nullam
738 809 862 865 sectum
874 801 1023 887 producit
1033 802 1121 888 quod
1132 824 1300 890 nunquam
1314 796 1448 925 ffiss*

192 903 302 968 tenuit
326 902 485 989 placitum
510 904 545 967 in
568 903 659 968 curia
683 904 909 969 cristianitatis
932 913 968 969 et
988 904 1069 969 dicit
1092 904 1179 991 quod
1201 905 1301 972 laicus
1314 933 1370 981 quoe
1379 934 1450 971 udam

193 1006 267 1071 est¹.
313 1007 357 1071 Et
381 1007 459 1093 quic
481 1004 569 1071 idem
592 1006 751 1071 Rodulfus
772 1005 898 1072 nullum
918 1016 1042 1073 sectum
1067 1009 1217 1094 producit
1241 978 1440 1113 neoffipi·

193 1109 283 1175 aoto⁸
297 1110 441 1175 ostendit
461 1116 496 1174 et
516 1109 594 1195 quio
612 1108 786 1196 aliquando
803 1110 884 1176 dicit
902 1112 987 1197 quod
1012 1112 1121 1176 tenuit
1143 1111 1300 1199 placitum
1412 1100 1418 1110 ⁵

193 1220 229 1277 et
248 1210 423 1299 aliquando
442 1212 530 1297 quod
550 1220 681 1277 secutus
695 1213 759 1277 fuit
774 1212 856 1277 illud
873 1214 1038 1299 placitum,
1053 1214 1301 1281 Considemtum

193 1326 245 1383 est
264 1317 350 1404 quod
370 1317 533 1382 Robertus
553 1316 629 1381 inde
650 1317 719 1382 sine
739 1316 793 1382 die
809 1325 844 1381 et
860 1318 1020 1383 Rudulfus
1034 1319 1069 1383 in
1084 1319 1302 1385 misericordia

193 1429 228 1487 et
242 1428 399 1508 sequatur
412 1442 526 1487 uersus
541 1422 620 1486 ulios
641 1422 698 1508 qui
717 1430 834 1487 tenent
854 1430 890 1487 et
911 1431 1094 1509 sequuntur
1112 1423 1141 1487 si
1160 1422 1302 1489 uoluerit

193 1534 254 1593 etc.

93 1632 138 1694 '.
259 1630 377 1696 Anicia
391 1628 459 1694 filie
474 1626 625 1695 Goseleni
640 1636 674 1694 et
689 1629 853 1693 Robertus
867 1628 954 1693 filius
968 1628 1039 1694 eius
1054 1630 1245 1716 optulerunt
1265 1652 1300 1695 se
1353 1633 1428 1674 ⁰¹0³*

192 1839 234 1905 de
259 1839 379 1926 placito
400 1838 466 1925 viij.
482 1860 543 1904 cer.
560 1846 645 1904 terre
666 1846 700 1904 et
716 1839 740 1925 j.
757 1837 918 1924 mesuagii
937 1860 1013 1902 cum
1035 1847 1116 1923 pert.
1131 1838 1167 1903 in
1186 1824 1459 1911 Moneaefflffl‘

191 1942 413 2032 gedesfeuldia
435 1965 499 2029 que
518 1942 607 2009 idem
626 1942 806 2007 uicecomes
821 1941 941 2006 clamat
955 1964 1068 2005 uersus
1082 1962 1137 2006 eos
1151 1942 1187 2006 in
1200 1942 1298 2007 comi·
1312 1917 1425 2003 §.Q-tit
1435 1966 1457 2004 n

191 2052 274 2111 tatu
319 2045 364 2110 Et
393 2045 578 2109 Willelmus
606 2066 672 2108 non
702 2043 966 2109 omnesones
994 2043 1100 2108 misit⁶
1128 2064 1212 2130 pone
1241 2066 1300 2131 per
1312 2012 1445 2144 &afflixi
1443 2022 1464 2051 ⁹

192 2150 280 2236 quod
302 2150 431 2236 loquele
453 2149 560 2235 posito
579 2146 643 2213 fuit
663 2168 771 2213 coram
791 2146 977 2211 iusticiuriis
991 2147 1027 2211 in
1041 2148 1144 2213 bunoo
1158 2148 1200 2213 ed
1214 2148 1299 2235 peti·
1312 2160 1458 2239 ffiffl

191 2254 317 2319 cionem
339 2253 537 2330 tenencium,
558 2260 593 2317 et
619 2276 659 2318 ex
679 2275 784 2317 ceusu
831 2252 875 2316 Et
899 2250 973 2316 ideo
994 2251 1036 2315 de
1058 2251 1190 2316 consilio
1211 2252 1299 2316 curie
1311 2243 1366 2283 ‘¹²¹²

191 2365 438 2424 summoneatur
472 2358 655 2423 Willelmus
690 2357 778 2443 quod
806 2357 851 2421 sit
879 2365 941 2421 eto.
969 2356 1012 2421 od
1041 2354 1243 2441 sequendum
1272 2356 1301 2419 si

191 2459 334 2525 uoluerit
356 2480 470 2525 uersus
494 2480 548 2524 eos
573 2466 608 2523 et
632 2466 712 2523 tuno
738 2458 859 2523 hubent
882 2480 966 2543 pone
991 2465 1027 2521 et
1055 2458 1100 2522 sit
1128 2458 1300 2523 auditurus

191 2561 350 2627 iudicium
365 2585 462 2628 suum
478 2584 575 2648 quure
591 2584 656 2626 non
672 2560 788 2625 habuit
803 2570 863 2625 etc

71 2669 139 2732 Γ”.
258 2665 380 2731 Basilia
408 2688 473 2752 que
502 2666 567 2731 fuit
596 2686 678 2730 uxor
707 2664 830 2730 Thome
861 2664 901 2729 de
931 2664 1042 2729 Thirn'
1072 2664 1158 2750 petit
1186 2687 1300 2730 uersus
1359 2672 1418 2713 ΝΜ
1468 2632 1471 2637 ¹

192 2766 351 2833 Thomum
376 2768 417 2833 de
442 2768 581 2833 Gelhnm
602 2766 813 2833 medietatem
836 2766 881 2854 lij.
896 2789 958 2833 eor.
974 2776 1059 2831 terre
1079 2789 1153 2831 cum
1168 2769 1300 2853 pertin

191 2872 468 2937 Wuxtuneshum⁸
481 2879 522 2936 ut
536 2870 646 2935 dotem
662 2892 755 2935 suum
770 2878 832 2936 etc.

258 2976 302 3041 Et
326 2976 465 3040 Thomas
488 2974 582 3038 uenit
603 2980 638 3037 et
658 2972 739 3038 dicit
758 2972 847 3059 quod
866 2994 931 3037 non
952 2978 1046 3038 tenet
1060 2980 1164 3037 totum
1180 2980 1299 3038 terrum

190 3080 281 3145 illum
305 3079 368 3145 nisi
392 3086 524 3144 tuntum
545 3076 655 3164 xxviij.
670 3100 732 3143 uer.
749 3078 828 3164 quic
848 3078 1014 3143 termille
1032 3086 1228 3164 consumpta
1247 3086 1299 3143 est

189 3206 249 3271 per
277 3204 365 3249 mure
395 3190 431 3248 et
459 3182 508 3247 ita
537 3182 624 3269 quod
653 3182 780 3247 inutilis
809 3182 957 3247 efficitur.
1002 3182 1047 3246 Et
1076 3180 1200 3247 Busilic
1233 3206 1299 3247 non

189 3286 300 3373 potuit
314 3286 376 3351 hoc
389 3284 538 3351 dedicere
554 3292 589 3351 et
603 3286 677 3351 ideo
692 3285 833 3351 Thomas
847 3286 925 3351 inde
940 3286 1010 3350 sine
1025 3284 1078 3350 die
1093 3294 1153 3351 etc.

86 3394 100 3407 '
128 3443 134 3454 .
257 3388 411 3455 Senicula
429 3410 493 3475 que
513 3388 578 3453 fuit
598 3410 680 3454 uror
700 3390 851 3455 Mauricii
869 3390 911 3455 de
927 3391 959 3454 lu
974 3390 1069 3477 Hcye
1084 3390 1171 3476 petit
1185 3412 1299 3455 uersus
1332 3400 1447 3451 nundus

190 3492 402 3557 Petronilinm
420 3514 485 3579 que
505 3492 570 3557 fuit
590 3514 672 3557 uxor
697 3493 789 3558 Seeri
807 3492 849 3558 de
864 3494 897 3559 lu
911 3494 1007 3581 Haye
1022 3494 1156 3559 terciam
1170 3504 1299 3581 portem

190 3597 304 3663 nonies
325 3596 447 3684 uiginti
468 3618 529 3661 eor.
553 3596 641 3661 bonci
663 3618 738 3662 oum
758 3605 839 3685 pert.
860 3598 896 3662 in
918 3596 1147 3665 Bichamstede
1166 3608 1207 3664 ut
1226 3622 1299 3685 per·

189 3701 351 3766 tinentem
386 3700 427 3764 ed
462 3700 601 3765 liberum
632 3709 858 3766 tenementum
888 3722 985 3767 suum
1020 3700 1113 3788 quod
1137 3710 1231 3768 tenet
1263 3704 1299 3767 in

220 3828 293 3878 ¹Br.
316 3824 334 3876 t.
358 3828 414 3877 410.
448 3827 472 3875 A
494 3826 546 3877 suit
569 3826 598 3877 of
617 3830 668 3877 two
690 3840 719 3876 or
769 3840 847 3877 oense
861 3826 967 3886 rhowm
989 3826 1037 3877 but
1053 3830 1081 3878 to
1096 3842 1112 3877 c
1128 3830 1221 3877 tenant
1237 3828 1299 3891 only

187 3893 261 3945 three
271 3892 409 3942 shouldbe
419 3892 556 3955 produced.
769 3908 801 3942 ec
818 3908 896 3942 ccmo
913 3895 1056 3942 momoria
1074 3894 1104 3942 iu
1123 3894 1195 3943 uoci
1216 3896 1297 3957 crpit-

219 3957 330 4020 ²Being
351 3972 368 4007 a
389 3958 496 4020 luymcn
515 3956 560 4005 the
579 3956 673 4018 charge
692 3957 721 4006 os
769 3958 866 4007 mendo.
900 3957 970 4006 Here
986 3956 1031 4006 the
1047 3954 1137 4007 morin
1152 3957 1177 4007 is
1194 3956 1297 4008 demun·

187 4025 293 4086 holding
304 4024 362 4086 plen
372 4022 401 4071 in
412 4024 491 4072 Court
503 4020 637 4072 Christian
647 4026 718 4073 must
769 4021 849 4079 dnnt;
866 4037 895 4072 ro
907 4022 979 4071 there
990 4022 1013 4071 is
1023 4036 1108 4073 oense.

187 4088 303 4140 behlen.
801 4086 1090 4149 ”Afullstopintffi

219 4150 305 4203 ⁸rhe
332 4154 388 4203 acu
414 4152 442 4201 ot
469 4150 514 4202 the
537 4151 719 4203 ecclesiastiocl
801 4150 1019 4213 ‘QuWuhnm
1030 4151 1142 4201 between
1153 4150 1298 4202 chnonth

187 4222 284 4335 winsi)
311 4282 357 4333 Br.
380 4281 398 4331 s.
422 4282 479 4331 332.
519 4281 575 4332 Tho
601 4282 668 4357 Pone
695 4281 718 4331 is
769 4216 1298 4345 pppisfflssnnwffiepabrpffle

186 4348 298 4412 granted
326 4352 353 4397 to
381 4364 397 4397 u
424 4345 582 4397 demandant
609 4346 718 4397 without
