3342 5217
359 453 421 516 106
547 465 678 514 armar
700 465 773 515 sno
797 464 934 528 susara,
956 463 1022 513 ao.
1047 450 1139 526 1220,
1162 464 1224 512 aa
1249 452 1277 512 4.

421 634 465 698 Et
488 634 654 699 sciendum
675 635 761 721 quod
786 635 946 700 Radulfus
965 633 1141 700 essoniauit
1161 657 1194 700 se
1214 634 1255 699 de
1275 633 1361 698 malo
1384 632 1460 698 lecti

355 745 389 800 et
405 737 520 801 habuit
536 738 730 825 languorem.

232 845 303 908 119.
420 841 634 928 ¹Reginaldus
664 842 895 928 Carpentarius
924 865 982 927 per
1007 851 1208 906 attornatum
1242 863 1339 905 suum
1374 839 1460 926 petit

226 943 309 983 Μ
354 967 467 1009 uorsus
493 945 631 1010 Aliciam
654 944 695 1010 de
719 946 873 1010 Medham
897 945 1065 1010 dimidiam
1089 944 1252 1031 uirgatam
1274 953 1359 1008 terre
1384 965 1459 1007 cum

354 1049 561 1134 pertinenciis
585 1049 620 1113 in
644 1049 798 1114 Medham
820 1058 859 1114 ut
883 1050 934 1114 ius
956 1072 1052 1114 suum
1077 1057 1136 1114 eto.
1152 1056 1186 1112 et
1209 1057 1247 1114 ut
1266 1049 1356 1112 illam
1372 1046 1458 1111 unde

354 1160 413 1216 etc.
430 1159 464 1216 et
478 1152 549 1237 ipsa
563 1151 655 1216 uenit
670 1160 704 1216 et
719 1151 799 1217 dicit
814 1151 900 1237 quod
915 1151 1014 1217 nichil
1029 1153 1149 1217 clamat
1163 1151 1226 1216 nisi
1240 1150 1351 1215 dotem
1365 1172 1457 1214 suam

355 1263 389 1320 et
413 1266 508 1321 uocat
530 1256 605 1322 inde
629 1257 670 1322 ad
694 1265 875 1322 warantum
895 1258 1070 1344 Hugonem
1091 1257 1228 1322 Sanzau'
1249 1256 1306 1343 qui
1329 1277 1459 1342 presens

355 1359 418 1422 fuit
433 1367 467 1423 et
483 1359 513 1423 ei
528 1359 751 1424 warentizauit
762 1368 797 1424 et
811 1360 897 1446 petit
912 1359 988 1424 inde
1003 1359 1121 1436 uisum,
1136 1359 1265 1424 habeat.

193 1454 329 1541 fffflffle.
419 1461 511 1526 Idem
542 1462 627 1548 petit
656 1462 768 1526 eodem
798 1463 893 1527 modo
922 1470 957 1527 et
986 1485 1044 1549 per
1073 1462 1187 1526 eadem
1215 1460 1317 1526 uerba
1344 1482 1457 1526 uersus

192 1548 336 1680 llllllllll
355 1566 528 1652 Hugonem
560 1565 695 1631 Sannau'
719 1567 745 1653 j.
774 1566 937 1652 uirgatam
967 1575 1052 1631 terre
1082 1588 1156 1630 cum
1185 1565 1394 1652 pertinenciis
1421 1564 1457 1630 in

193 1643 508 1774 lffffimffiMedham
532 1679 571 1734 ut
592 1669 643 1734 ius
668 1693 764 1734 suum
788 1680 822 1734 et
846 1671 946 1757 Hugo
969 1670 1062 1734 uenit
1084 1676 1118 1733 et
1143 1669 1184 1733 de
1208 1677 1346 1754 utraque
1372 1677 1459 1733 terra

193 1747 272 1822 luat
354 1773 440 1858 petit
461 1775 578 1850 uisum,
600 1773 726 1839 habeat.
772 1773 852 1839 Dies
875 1773 972 1838 datus
995 1780 1046 1837 est
1065 1782 1124 1837 etc
1141 1781 1176 1837 et
1195 1772 1328 1837 interim
1347 1781 1406 1838 eta
1423 1781 1457 1837 et

355 1874 462 1940 Alicia
475 1884 649 1940 remaneat.

234 1974 304 2036 120.
420 1979 514 2044 ¹Dies
537 1981 634 2044 datus
657 1987 707 2044 est
728 1979 853 2044 Simoni
873 1980 903 2044 le
918 1979 1042 2043 Archer
1063 1978 1191 2065 petenti
1209 1987 1243 2043 et
1257 1979 1402 2044 Waltero
1416 1979 1457 2044 de

239 2071 302 2111 Μ·
356 2081 533 2147 Mitlefeld⁸
562 2083 619 2168 qui
647 2082 728 2147 dicit
757 2083 843 2169 quod
873 2082 1049 2148 (laufridus
1078 2083 1119 2148 de
1141 2081 1318 2147 Mitlefeld⁸
1341 2081 1398 2168 qui
1422 2104 1458 2146 se

356 2187 532 2252 essoniauit
551 2187 592 2252 de
612 2187 697 2252 malo
719 2187 794 2252 lecti
815 2195 849 2251 et
864 2187 921 2272 qui
936 2186 1052 2251 habuit
1067 2187 1263 2272 languorem,
1277 2208 1353 2250 eum
1368 2185 1459 2250 misit

356 2291 397 2355 ad
417 2290 675 2377 respondendum
698 2312 756 2376 pro
778 2312 816 2354 eo
842 2289 883 2354 de
907 2290 1012 2354 tribus
1030 2289 1159 2354 bouatis
1182 2297 1268 2354 terre
1289 2311 1364 2353 curn
1386 2310 1457 2374 per·

356 2393 506 2458 tinenciis
530 2392 564 2457 in
586 2393 707 2480 Jupuuv,
733 2393 820 2458 unde
843 2415 963 2480 magna
983 2392 1083 2456 assisa
1101 2399 1326 2456 summonetur
1344 2390 1386 2455 ad
1408 2413 1459 2455 re·

355 2497 611 2583 cognoscendum
631 2504 742 2562 utrum
762 2497 831 2583 ipse
846 2497 951 2561 maius
970 2496 1022 2560 ius
1044 2495 1163 2560 habeat
1182 2495 1315 2560 tenendi
1339 2504 1458 2560 terram

355 2601 445 2665 illam
460 2601 501 2665 de
516 2601 586 2687 ipso
603 2600 733 2665 Simone
749 2609 787 2665 ut
802 2601 892 2664 illam
911 2622 1009 2686 quam
1030 2599 1121 2664 dedit
1142 2599 1280 2664 Rimrdo
1295 2599 1386 2664 fratri
1400 2621 1459 2662 suo

355 2705 409 2769 uel
434 2703 521 2768 idem
547 2703 659 2769 Simon
682 2704 717 2768 in
746 2703 906 2768 dominico
935 2711 1005 2780 etc,
1026 2725 1047 2766 a
1071 2702 1124 2767 die
1149 2702 1181 2767 S.
1208 2701 1293 2766 Trin.
1317 2711 1377 2768 etc.
1400 2723 1458 2786 pro

355 2807 483 2872 defectu
514 2807 751 2894 recognitorum
777 2809 856 2893 quia
884 2807 993 2871 nullus
1021 2806 1114 2871 uenit
1140 2815 1175 2870 et
1205 2805 1318 2871 Simon
1343 2805 1458 2870 habuit

354 2911 453 2974 breue
483 2909 523 2974 de
554 2909 618 2974 illis
645 2911 895 2986 summouendis,
917 2918 952 2974 et
974 2909 1084 2974 amisit
1105 2908 1187 2974 illud
1216 2917 1275 2975 etc.
1321 2909 1365 2974 Et
1386 2909 1459 2974 ideo

192 3021 340 3070 ¹⁸⁰¹¹²s¹¹¹d⁸¹¹²
354 3023 543 3101 preceptum
566 3023 616 3080 est
638 3014 821 3079 uicecomiti
844 3013 931 3101 quod
955 3013 1075 3078 habeat
1094 3035 1225 3099 corpora
1246 3013 1390 3078 omnium
1409 3035 1459 3078 re·

192 3079 214 3107 ιο
222 3069 334 3108 montano

192 3115 337 3210 ggssn’ffi
355 3117 560 3203 cognitorum
576 3125 635 3181 etc.
652 3126 742 3182 etex
762 3115 827 3181 illis
849 3116 1009 3182 militibus
1028 3116 1142 3180 mittat
1164 3124 1302 3202 quatuor
1322 3116 1364 3181 ad
1387 3139 1458 3203 pre-

192 3208 308 3341 }ffilm
353 3221 478 3285 dictum
491 3219 683 3285 Gaufridum
696 3219 737 3284 od
752 3221 951 3286 audiendum
963 3221 991 3285 si
1002 3220 1208 3286 warantizare
1219 3221 1361 3286 uoluerit
1371 3220 1458 3307 quod

192 3347 330 3432 msntrpg-
354 3323 444 3388 misit
458 3321 640 3408 predictum
657 3322 840 3386 Walterum
855 3323 924 3387 loco
938 3345 997 3387 suo
1013 3331 1047 3387 et
1062 3322 1091 3386 si
1105 3322 1247 3387 uoluerit
1266 3344 1341 3389 eum
1359 3331 1459 3388 attor·

192 3404 341 3537 ffiimffl
354 3447 430 3490 nare
451 3425 492 3491 ad
515 3424 705 3490 lucrandum
728 3434 786 3490 etc.
810 3427 845 3490 in
866 3426 994 3512 loquela
1008 3427 1066 3492 illa
1090 3435 1150 3493 etc
1198 3428 1242 3493 Et
1257 3428 1335 3514 quia
1349 3451 1460 3494 omnes

192 3535 340 3629 mmm·
354 3530 569 3617 recognitores
583 3529 734 3594 obierunt
748 3539 956 3616 preterquam
971 3532 1133 3617 quatuor⁶‚
1146 3532 1232 3597 idem
1247 3542 1388 3619 quatuor
1401 3533 1459 3598 eli·

192 3627 319 3722 &stitit
353 3641 434 3720 gant
449 3633 501 3718 xij.
515 3641 573 3697 etc.
590 3633 633 3697 ad
648 3633 831 3698 faciendum
847 3643 908 3700 etc.
923 3643 958 3698 et
972 3645 1162 3700 remaneant
1176 3635 1211 3700 in
1225 3636 1338 3701 eadem
1353 3637 1459 3702 assisa

192 3720 341 3805 attulll
418 3736 616 3802 ‘wilermus
640 3738 726 3802 filius
747 3738 905 3802 willermi
925 3739 965 3804 ue
984 3739 1097 3803 nona
1117 3740 1224 3803 scuto
1245 3740 1461 3806 summonitus

193 3814 319 3945 iffi&
354 3839 394 3904 ad
423 3840 678 3928 cognoscendum
703 3840 782 3926 quid
810 3841 891 3906 iuris
915 3841 985 3926 ipse
1010 3841 1131 3906 clamat
1155 3842 1190 3906 in
1219 3842 1346 3908 duabus
1375 3843 1460 3908 hidis

192 3953 317 4047 gffiffi
355 3951 438 4007 terre
463 3952 497 4007 et
517 3943 652 4007 dimidia
673 3966 747 4008 oum
770 3944 978 4030 pertinenciis
992 3945 1027 4008 in
1043 3945 1193 4020 Suttona,
1208 3968 1288 4030 quas
1302 3946 1461 4025 Ricardus

192 4045 334 4132 2322ng
354 4047 394 4112 de
425 4049 537 4112 Monte
567 4049 674 4112 Acuto
704 4048 803 4112 frater
831 4070 909 4112 suus
938 4048 1057 4112 clamat
1083 4070 1195 4112 uersus
1225 4049 1395 4113 Matheum
1417 4048 1460 4113 de

193 4139 291 4268 “iffi
355 4151 534 4218 Cliuedona
553 4161 587 4217 et
603 4152 803 4216 Willclmum
824 4152 929 4216 filium
949 4151 1108 4238 Drogonis
1128 4173 1186 4237 per
1199 4152 1332 4216 assisam
1347 4151 1460 4216 mOrlifl

212 4307 324 4346 sumerset.

390 4355 397 4386 ¹
417 4354 446 4404 Α.
458 4371 492 4406 m.
507 4358 553 4414 273
571 4355 601 4408 Β.
616 4372 650 4405 m.
663 4357 693 4405 al
706 4356 732 4405 d.
966 4357 977 4389 ⁴
993 4355 1058 4405 This
1069 4356 1148 4405 refers
1159 4359 1186 4405 to
1198 4355 1263 4404 Gaas
1275 4356 1329 4406 118.

390 4423 399 4452 ²
416 4422 446 4469 Α.
458 4436 492 4470 nr.
507 4423 550 4478 27:
568 4421 597 4470 B.
610 4437 644 4473 m.
659 4423 690 4471 21
702 4421 727 4471 d.
966 4423 976 4452 ⁸
994 4421 1129 4471 Nemesin
1143 4422 1173 4480 A,
1188 4420 1218 4470 B.

390 4486 400 4518 ³
417 4487 558 4548 Mllsrlseld.
967 4487 978 4518 ⁸
994 4489 1024 4536 A.
1037 4502 1072 4536 m.
1085 4488 1128 4544 27ς
1146 4486 1176 4535 Β.
1189 4501 1223 4535 m.
1235 4486 1276 4538 21.
