3342 5217
507 485 650 550 mmor,
672 485 736 536 nn.
760 473 856 549 1229,
877 485 941 537 aa
964 474 1015 538 13.
1248 473 1315 544 267

209 658 291 723 libre
320 656 450 742 cymini,
478 656 533 721 uel
562 655 591 721 si
615 655 686 742 ipsa
715 675 844 742 semper
871 663 986 743 postea
1021 655 1186 722 redditum
1222 657 1316 724 illum

209 761 377 840 refutauit,
389 768 450 826 etc

274 967 306 1031 A
321 966 373 1032 die
390 965 422 1033 S.
439 965 571 1031 Hillarii
585 965 621 1029 in
636 973 703 1030 tres
718 965 925 1052 septimanas

153 1225 159 1240 .
274 1172 400 1238 ¹Assisa
410 1172 504 1238 uenit
512 1171 719 1258 recognitum
728 1171 756 1236 si
764 1171 913 1237 Andreas
924 1173 965 1238 de
978 1173 1138 1240 Cancellis
1149 1174 1270 1242 iniuste
1282 1186 1317 1242 et

207 1279 278 1344 sine
289 1278 409 1343 iudicio
418 1276 594 1343 dimeisiuit
604 1274 770 1340 Abbatem
780 1275 958 1341 Grestenn'
965 1276 1006 1342 de
1018 1278 1119 1343 libero
1128 1288 1316 1346 tenemento

206 1406 266 1448 suo
281 1383 431 1447 inMerse
445 1389 520 1468 post
528 1388 589 1446 etc.
619 1379 664 1444 Et
673 1379 821 1445 Andreas
831 1403 896 1445 non
906 1383 999 1447 uenit
1008 1391 1068 1449 etc.
1098 1385 1144 1448 Et
1153 1384 1316 1451 Robertus

206 1486 248 1550 de
263 1484 400 1550 Aumari
415 1491 449 1548 st
464 1483 628 1548 Robertus
642 1481 683 1546 de
695 1483 857 1560 Valoines,
872 1484 1036 1550 Henricus
1046 1485 1087 1550 de
1104 1487 1270 1554 Scaeeario
1281 1498 1316 1554 et

207 1589 371 1654 Robertus
386 1587 427 1652 de
442 1585 564 1673 Braey⁸
579 1593 720 1672 quatuor
734 1587 858 1652 milites
872 1587 915 1652 ad
929 1588 990 1653 hoc
1004 1589 1175 1654 iusticiarii
1196 1592 1317 1656 consti·

206 1693 276 1758 tuti
291 1693 430 1757 ueniunt
451 1691 650 1757 recordaturi
673 1699 707 1755 et
729 1690 844 1756 dicunt
868 1691 955 1777 quod
980 1692 1127 1758 Andreas
1148 1717 1316 1781 nunquam

206 1796 390 1883 comparuit
404 1819 511 1861 coram
527 1796 574 1860 eis
589 1803 623 1860 et
639 1794 756 1860 habuit
776 1796 856 1860 alios
876 1796 945 1862 dies
967 1819 1074 1861 coram
1094 1797 1141 1862 eis
1164 1807 1199 1863 et
1221 1799 1315 1865 Dom

206 1901 280 1965 Rex
303 1900 473 1965 mandauit
498 1899 585 1986 quod
609 1899 709 1964 assisa
733 1908 910 1985 poneretur
934 1923 1041 1966 coram
1066 1901 1252 1969 iusticiariis
1281 1905 1317 1969 in

206 2003 310 2067 banco
332 2010 414 2088 aput
435 2001 763 2067 westmonasterium
785 2002 828 2067 ad
850 2002 938 2068 hunc
961 2002 1057 2082 diem,
1071 2003 1114 2068 ad
1137 2028 1235 2091 quem
1256 2029 1317 2072 nec

205 2106 355 2172 Andreas
379 2105 481 2171 uenit.
537 2105 582 2170 Et
605 2105 679 2170 ideo
703 2106 852 2191 capiatur
881 2107 982 2172 assisa
1010 2131 1124 2173 uersus
1152 2132 1228 2175 eum
1257 2133 1317 2196 per

205 2209 372 2274 defaltam.
416 2207 461 2272 Et
486 2207 651 2272 Robertus
675 2207 717 2272 de
744 2208 925 2274 Chetwude
955 2218 991 2274 et
1019 2209 1203 2276 Willelmus
1228 2213 1316 2278 filius

205 2312 382 2400 Reginaldi
407 2313 624 2399 recognitores
654 2313 800 2378 eiusdem
831 2313 930 2378 assise
953 2313 988 2378 in
1011 2313 1230 2381 misericordia
1257 2339 1315 2405 pro

205 2417 337 2482 defalta

271 2520 442 2585 Juratores
456 2519 571 2584 dicunt
592 2519 678 2605 quod
699 2518 866 2584 Johannes
885 2519 926 2584 de
951 2519 1063 2584 Monte
1076 2520 1185 2586 Acuto
1206 2521 1316 2588 tenuit

204 2625 388 2690 manerium
403 2624 445 2689 de
460 2623 567 2688 Merse
582 2624 623 2689 de
644 2623 775 2688 Abbate
797 2623 955 2702 Gresten’‚
970 2633 1006 2690 et
1025 2625 1113 2690 idem
1137 2625 1316 2691 Robertus‘

205 2733 302 2798 uenit
331 2741 365 2798 et
387 2731 530 2797 reddidit
552 2731 658 2796 eidem
680 2731 806 2796 Abbati
827 2731 1009 2796 manerium
1031 2731 1114 2797 illud
1136 2741 1314 2799 et'eartam

206 2862 305 2926 quam
332 2838 408 2903 inde
433 2837 550 2903 habuit
572 2836 715 2902 reddidit
741 2837 848 2902 eidem
873 2836 998 2901 Abbati
1026 2859 1085 2922 pro
1113 2837 1227 2924 quieta
1251 2839 1315 2902 cla-

205 2944 335 3008 mancia
363 2942 455 3006 firme
485 2963 583 3028 quam
612 2941 700 3006 idem
730 2941 898 3006 Johannes
926 2941 957 3006 ei
986 2941 1127 3022 debuit⁵,
1156 2950 1191 3007 et
1226 2943 1314 3007 idem

204 3048 320 3113 Abbas
356 3047 512 3111 remansit
541 3044 618 3110 inde
648 3045 683 3108 in
712 3043 831 3109 seisina
860 3052 894 3109 et
922 3044 1032 3130 posuit
1061 3045 1108 3109 ibi
1140 3045 1314 3131 quemdam

205 3151 402 3217 monachum
418 3173 523 3216 suum.
569 3149 613 3213 Et
635 3156 750 3234 postea
771 3147 865 3212 uenit
886 3147 1131 3213 archidiaconus
1152 3149 1315 3214 Lersensis

204 3265 242 3322 et
262 3256 342 3320 tulit
362 3255 464 3319 breue
487 3253 580 3318 Dom.
604 3252 705 3340 Regis
727 3252 767 3317 de
791 3251 941 3317 habenda
961 3253 1080 3317 seisina
1101 3253 1142 3318 de
1164 3252 1314 3318 omnibus

202 3359 301 3424 terris
316 3357 403 3423 unde
418 3356 584 3444 predictus
597 3354 622 3422 J
623 3355 765 3420 ohannes
780 3354 823 3419 de
837 3355 949 3420 Monte
964 3356 1072 3420 Acuto
1087 3355 1169 3421 obiit
1184 3357 1314 3422 seisitus

202 3470 241 3528 et
264 3460 440 3526 monachus
463 3460 570 3525 noluit
596 3459 683 3524 exire
710 3459 750 3524 de
774 3459 888 3524 eodem
918 3468 1012 3537 terra,
1043 3461 1120 3547 quie
1147 3461 1313 3547 predictus

201 3566 228 3631 J
229 3565 372 3629 ohannes
391 3586 457 3628 non
478 3563 560 3628 obiit
581 3561 658 3627 inde
680 3563 818 3641 seisitus,
834 3571 869 3627 et
889 3572 964 3649 post
987 3565 1081 3629 uenit
1103 3564 1250 3630 Andreas
1271 3566 1313 3631 de

202 3669 366 3740 Cancellis
381 3691 456 3734 cum
466 3668 501 3732 ui
514 3690 572 3733 sua
583 3675 617 3732 et
628 3667 753 3732 amouit
764 3667 872 3754 ipsum
884 3668 1078 3733 monachum
1090 3678 1124 3734 et
1135 3669 1312 3736 disseisiuit

201 3773 388 3862 predictum
403 3771 578 3848 Abbatem,
592 3779 626 3836 et
640 3771 714 3836 ideo
725 3771 839 3836 dicunt
850 3771 937 3858 quod
955 3771 960 3857 Ι
979 3771 1067 3837 idem
1078 3772 1225 3838 Andreas
1236 3796 1312 3838 eum

202 3878 327 3943 iniuste
343 3885 401 3941 ete.
418 3875 601 3940 desscisiuit
616 3875 701 3940 sicut
715 3876 814 3941 breue
834 3876 924 3941 dicit.
968 3878 1013 3941 Et
1036 3877 1109 3942 ideo
1133 3876 1312 3942 considera·

203 3991 280 4046 turn
295 3978 447 4065 estquod
462 3978 574 4043 Abbas
593 3979 799 4064 recuperauit
818 3980 971 4044 seisinam
993 4002 1094 4057 suam,
1109 3988 1144 4044 et
1165 3979 1313 4045 Andreas

201 4087 241 4150 in
267 4081 490 4147 misericordia
535 4081 580 4146 Et
609 4081 766 4148 iuratores
790 4082 939 4168 requisiti
968 4083 1009 4148 de
1033 4082 1182 4169 dampnis
1210 4083 1313 4170 ipsius

201 4187 346 4254 Abbatis
369 4187 483 4252 dicunt
509 4185 596 4273 quod
619 4209 683 4252 non
709 4195 845 4273 possunt
870 4184 1048 4273 requirere⁶
1070 4195 1141 4273 'que
1171 4187 1314 4274 dampna

237 4381 296 4430 ¹A.
308 4395 344 4430 m.
356 4383 381 4430 Θ.
817 4380 1061 4441 ‘corasosamoc
1073 4382 1104 4431 A.

238 4445 427 4496 'Grestainin
438 4445 598 4510 Normandy.
817 4446 956 4497 'Moreof
965 4445 1124 4498 tbismattar
1138 4445 1167 4498 in
1179 4446 1243 4498 Cass
1255 4448 1311 4498 354.

239 4513 250 4544 ³
266 4514 360 4577 Βναοῃ,
372 4512 403 4562 A.
816 4513 827 4546 ⁸
844 4513 916 4563 Gorr.
927 4513 1063 4576 inquirere,
1076 4513 1108 4563 A.
