3342 5217
353 437 396 500 38
537 448 762 508 sisinn-iun
783 449 933 513 reruni,
954 450 1018 499 nn.
1044 438 1138 513 1219,
1160 451 1222 501 in
1246 440 1275 502 3.

353 620 452 709 Regis
467 620 507 687 de
524 622 677 687 warentia
691 630 725 687 et
740 622 809 709 ipse
825 621 989 688 Otewicus
1003 621 1085 687 illud
1105 622 1183 688 tulit
1203 624 1245 688 ed
1260 624 1462 703 comitatum,

352 733 386 789 et
408 723 443 789 in
464 724 560 810 pleno
582 723 738 789 comitatu
761 723 844 789 illud
865 724 1001 789 tradidit
1023 724 1216 803 uicecomiti,
1230 733 1265 790 et
1283 727 1461 792 uicecomcs

352 827 434 893 illud
454 828 561 916 legere
581 828 659 894 fecit
679 828 713 893 in
734 828 873 915 publico,
887 838 922 893 et
936 828 1110 894 comitatus
1127 851 1192 893 non
1207 830 1315 894 omisit
1330 839 1462 917 propter

351 930 412 997 hoc
426 931 506 1018 quin
520 953 617 1018 super
630 930 713 997 illud
727 931 828 997 breue
842 930 965 996 domini
980 932 1081 1019 Regis
1097 932 1138 997 de
1157 933 1314 998 warentia
1332 934 1459 999 adiudi-

351 1033 440 1099 ceuit
454 1033 605 1099 eeisinem
625 1033 769 1120 predicte
789 1043 875 1099 terre
896 1035 1022 1120 prefato
1042 1034 1217 1113 Gilebertc,
1232 1036 1357 1102 desicut
1375 1046 1462 1102 terre

351 1137 457 1224 petite
471 1137 535 1203 fuit
555 1136 597 1203 ed
616 1137 728 1203 horem
750 1158 809 1224 per
827 1136 993 1224 pleninnm
1008 1147 1043 1203 et
1058 1138 1128 1203 dies
1141 1139 1238 1205 datus
1252 1141 1316 1205 fuit
1330 1141 1461 1206 domino

352 1263 410 1307 suo
431 1262 490 1327 per
512 1240 721 1306 eseonietores
741 1262 824 1317 suos,
839 1247 874 1304 et
896 1240 982 1327 qucd
1003 1241 1053 1305 ite
1073 1240 1173 1327 peciit
1195 1250 1314 1308 terrem
1336 1242 1461 1308 domini

352 1343 403 1410 sui
417 1366 475 1431 per
489 1343 654 1430 pleninem
666 1343 754 1409 sicut
770 1342 952 1430 predictum
969 1352 1029 1421 est,
1046 1352 1081 1408 et
1099 1343 1186 1430 quod
1207 1344 1257 1410 ite
1276 1345 1374 1411 datus
1395 1346 1460 1410 fuit

352 1446 421 1513 dies
449 1446 580 1512 domino
608 1469 667 1512 suc
697 1469 756 1534 per
784 1446 995 1512 eseonietcres
1025 1470 1108 1525 euos,
1133 1456 1168 1513 et
1197 1449 1283 1534 quod
1308 1450 1459 1516 dominus

351 1550 422 1615 Rex
451 1549 500 1615 ite
527 1548 751 1615 warentizuuit
780 1548 911 1614 domino
936 1571 995 1614 suo
1024 1549 1207 1635 predictum
1238 1550 1334 1628 diem,
1363 1553 1458 1617 offert

350 1652 547 1719 diracionere
567 1674 679 1719 uersus
700 1653 892 1719 comitatum
912 1662 1009 1739 prout
1023 1653 1113 1719 curie
1130 1654 1381 1720 considerauen't
1400 1679 1459 1743 per

351 1776 465 1841 corpus
486 1754 654 1820 cuiusdam
676 1755 770 1820 liberi
791 1754 931 1820 hominis
950 1754 1002 1820 sui
1022 1755 1157 1820 Rcbcrti
1171 1756 1211 1821 de
1227 1756 1387 1842 Cloptonn
1401 1758 1458 1845 qui

350 1858 411 1923 hcc
434 1857 528 1923 offert
551 1856 685 1944 probare
709 1878 904 1944 percorpus
927 1878 1024 1923 suum
1047 1858 1132 1924 sicut
1155 1859 1210 1924 ille
1231 1859 1288 1945 qni
1307 1860 1457 1925 interfuit

351 1960 393 2027 ed
421 1962 612 2028 comitatum
639 1971 673 2028 et
697 1961 784 2027 uidit
809 1970 844 2027 et
870 1962 999 2027 audiuit
1024 1962 1083 2027 ubi
1108 1962 1273 2048 predictus
1295 1964 1458 2029 Otewicus

350 2064 511 2130 commisit
532 2064 717 2130 uicecomiti
738 2064 774 2129 in
795 2065 953 2130 comitatu
975 2066 1072 2152 pleno
1093 2065 1193 2131 breue
1215 2066 1337 2131 domini
1357 2067 1458 2153 Regis

350 2165 391 2230 de
420 2165 582 2243 werentie,
612 2174 647 2231 et
675 2165 733 2231 ubi
762 2164 860 2231 datus
889 2166 953 2231 fuit
982 2166 1051 2231 dies
1088 2168 1336 2233 esecnictciibue
1372 2167 1457 2233 sicut

350 2269 532 2356 predictum
555 2278 606 2335 est
632 2276 690 2335 etc.
718 2277 753 2334 et
777 2268 806 2334 ei
829 2269 871 2334 de
896 2291 935 2335 ec
961 2270 1046 2335 mele
1072 2271 1246 2358 contigerit
1272 2294 1331 2359 per
1355 2271 1456 2337 alium

350 2373 407 2461 qui
422 2373 482 2439 hcc
496 2374 600 2439 fecere
615 2373 716 2460 possit
731 2381 765 2439 et
779 2372 904 2439 debeat

414 2478 458 2544 Et
473 2477 611 2565 predicti
624 2476 681 2565 iiij.
697 2477 818 2543 milites
832 2499 890 2564 pro
905 2475 1062 2543 comitutu
1078 2477 1192 2543 dicunt
1212 2478 1299 2565 qnod
1318 2479 1385 2544 tale
1405 2488 1457 2545 est

347 2580 514 2647 recordum
537 2581 622 2647 sicut
644 2580 708 2667 ipsi
730 2580 820 2668 prius
845 2580 1004 2647 recordati
1028 2590 1115 2658 sunt,
1139 2591 1173 2647 et
1199 2582 1285 2669 quod
1310 2574 1377 2648 tdle
1405 2593 1457 2649 est

348 2686 489 2750 offerunt
511 2683 707 2750 direcionere
732 2705 847 2749 uersus
872 2684 979 2770 ipsum
1005 2684 1223 2772 Reginuldum
1248 2694 1345 2771 prout
1367 2687 1457 2751 curie

347 2786 598 2854 considerauerit
612 2808 798 2875 percorpus
818 2786 986 2853 cuiusdam
1006 2788 1101 2853 liberi
1121 2787 1261 2852 hominis
1280 2787 1321 2853 de
1341 2788 1454 2853 ecdem

347 2891 505 2957 comitatu
535 2890 695 2978 Stephani
723 2890 855 2977 Anglici
883 2889 941 2977 qui
969 2890 1029 2956 hcc
1055 2892 1150 2955 offert
1175 2890 1372 2957 direcionare
1396 2914 1456 2977 per

347 3017 462 3082 corpus
491 3016 587 3061 suum
616 2995 701 3061 sicut
729 2993 784 3059 ille
814 2994 872 3080 qui
900 2993 1050 3059 interfuit
1078 2993 1120 3059 ed
1149 3016 1261 3059 omnes
1294 2992 1455 3079 predictos

347 3098 520 3166 comitatus
535 3108 569 3165 et
584 3098 669 3165 uidit
684 3107 718 3164 et
733 3098 863 3164 audiuit
876 3106 985 3164 totum
999 3097 1166 3163 recordum
1176 3097 1261 3162 sicut
1271 3096 1454 3183 predictum

347 3212 406 3281 est,
428 3204 482 3269 uel
504 3202 545 3269 ed
567 3201 806 3269 defendendum
828 3224 1022 3289 percorpus
1044 3224 1140 3267 suum
1162 3202 1247 3267 sicut
1268 3202 1358 3267 curie
1378 3223 1454 3265 con-

346 3304 537 3370 siderauerir
552 3303 637 3391 quod
652 3304 701 3370 ite
715 3326 780 3369 non
798 3313 850 3369 est
868 3304 954 3369 sicut
970 3304 1135 3390 predictus
1154 3302 1355 3390 Reginnldus
1373 3301 1454 3368 dicit

347 3414 382 3473 et
396 3408 424 3473 ei
438 3407 479 3473 de
494 3406 547 3473 eo¹
562 3407 647 3473 mele
661 3407 835 3495 contigerit
849 3429 908 3494 per
921 3406 1023 3472 ulium
1037 3406 1095 3492 qui
1109 3406 1169 3471 hcc
1184 3406 1287 3472 fecere
1301 3407 1403 3492 pessit
1418 3416 1453 3471 et

346 3508 470 3575 debent.

411 3612 455 3677 Et
475 3610 675 3699 Reginuldus
696 3612 790 3677 offert
809 3611 945 3698 prebere
964 3632 1023 3698 per
1036 3633 1151 3698 corpus
1164 3610 1303 3698 predicti
1317 3611 1453 3677 Rcberti

345 3713 431 3801 quod
446 3714 494 3780 ite
507 3714 572 3779 fuit
585 3713 670 3779 sicut
684 3714 754 3801 ipse
768 3712 850 3779 dicit
863 3714 918 3779 uel
932 3714 1104 3779 defendere
1125 3714 1211 3800 quod
1230 3714 1279 3779 ite
1299 3724 1365 3779 non
1388 3714 1452 3779 fnit

344 3818 429 3885 sicut
450 3818 588 3906 predicti
609 3818 731 3884 milites
752 3817 968 3895 recordentur,
987 3819 1072 3884 sicut
1091 3818 1182 3884 curie
1200 3818 1451 3884 considerauen't

344 3922 430 4011 quod
444 3922 578 4010 prebere
593 3922 648 3987 uel
662 3920 833 3988 defendere
848 3920 972 3987 debent

409 4026 454 4091 Et
475 4026 553 4113 quie
573 4025 759 4091 conuictum
781 4032 832 4091 eet
854 4024 941 4112 quod
961 4024 1150 4108 assederunt
1172 4022 1346 4090 comitatus
1367 4023 1452 4089 infre

344 4138 410 4196 tres
434 4130 632 4216 septimanas
652 4110 764 4194 cluntre
784 4128 1053 4195 consuetudinem
1078 4128 1179 4215 regni,
1201 4126 1449 4194 consideratum

343 4244 393 4300 est
422 4232 508 4320 quod
536 4232 710 4299 comitatus
735 4232 770 4298 iu
796 4232 1014 4299 misericordie
1036 4220 1100 4319 pru
1117 4233 1175 4298 illa
1197 4230 1450 4318 transgressione

342 4345 377 4401 et
406 4334 606 4423 Regiunldus
635 4334 755 4399 habent
783 4334 934 4400 seisinem
964 4356 1064 4409 suam,
1095 4343 1130 4399 et
1162 4334 1239 4420 quie
1270 4322 1450 4399 uiceccmcs

591 4462 600 4497 ¹
619 4462 733 4527 Stephon
744 4461 863 4527 English,
878 4462 922 4514 the
933 4467 1030 4527 county
1040 4462 1188 4525 cumpton.
