3342 5217
418 424 740 488 monasteriam.
765 413 859 485 1232,
881 426 944 477 aa.
968 410 1103 479 16-17.
1250 410 1312 479 679

206 597 358 663 similiter
370 596 457 682 petit
470 596 557 683 quod
571 619 682 663 omnes
696 598 884 685 parochiani
903 598 943 663 de
966 598 1159 685 Tappecroft
1179 597 1314 665 redeant

207 701 250 766 ad
263 700 431 769 eeclesiam
445 724 538 766 suam
552 700 593 767 de
608 702 833 789 Bedingeham
848 725 922 768 eum
934 702 1085 767 omnibus
1095 701 1228 767 decimis
1238 700 1313 779 suis,

207 816 258 873 set
272 809 371 875 nichil
386 810 473 896 petit
488 810 528 876 de
540 811 762 877 aduoeacione.

272 915 316 979 Et
337 914 449 981 Abbas
466 915 508 981 de
531 916 741 1003 Langelegha
755 916 869 982 eodem
884 916 979 981 modo
994 915 1201 981 athachiatus
1215 936 1314 1001 quare

205 1018 315 1085 tenuit
343 1020 500 1106 placitum
528 1020 611 1085 illud
640 1028 753 1085 contra
775 1028 835 1085 etc
859 1028 895 1085 et
915 1018 992 1084 inde
1014 1019 1163 1105 producit
1184 1027 1313 1085 sectam.

206 1124 250 1187 Et
264 1123 377 1189 Abbas
390 1124 483 1189 uenit
498 1133 533 1189 et
547 1124 693 1190 defendit
704 1124 790 1211 quod
802 1148 968 1212 nunquam
978 1133 1052 1211 post
1063 1123 1315 1210 prohibicionem

205 1227 315 1293 tenuit
329 1228 485 1313 placitum
500 1227 590 1306 illud,
613 1236 648 1293 et
668 1227 742 1293 ideo
764 1228 877 1293 uadiet
898 1228 1004 1315 legem
1026 1250 1060 1293 se
1082 1226 1135 1313 xij.
1158 1248 1258 1291 manu
1281 1234 1316 1293 et
1458 1234 1475 1276 *l

207 1330 364 1417 Magister
386 1330 581 1396 Vincencius
602 1330 754 1397 similiter
781 1352 817 1396 se
846 1330 900 1417 xij.
925 1314 1039 1396 manu.
1069 1329 1212 1395 Veniant
1240 1351 1315 1395 cum

207 1435 281 1521 lege
296 1434 374 1499 etc¹

150 1596 156 1609 ,
272 1536 428 1603 'Thomas
439 1536 481 1602 de
492 1536 673 1603 Blakeham
684 1537 849 1623 optulitse
861 1536 933 1622 iiiju
947 1536 1001 1602 die
1015 1558 1129 1602 uersus
1143 1534 1314 1603 Matheum
1377 1546 1429 1587 Μ

206 1640 247 1707 de
262 1641 389 1705 Lunam
404 1641 446 1706 de
460 1639 580 1726 placito
595 1641 682 1727 quod
695 1641 783 1707 idem
798 1639 952 1706 Matheus
967 1640 1086 1706 faceret
1101 1640 1206 1725 legem
1222 1660 1313 1705 suam

206 1768 305 1830 quam
334 1744 482 1809 uadiauit
512 1744 598 1830 quod
627 1768 692 1810 non
722 1745 786 1810 fuit
815 1752 946 1809 secutus
975 1744 1132 1830 placitum
1161 1742 1196 1809 in
1226 1742 1316 1811 curia

206 1848 430 1915 cristianitatis
444 1848 485 1913 de
500 1848 626 1913 catallis
640 1872 705 1935 que
720 1872 786 1913 non
799 1858 878 1913 sunt
893 1857 953 1913 etc.
969 1857 1081 1913 contra
1095 1856 1164 1925 etc,
1179 1856 1213 1913 et
1228 1848 1315 1913 unde

207 1960 341 2039 quastus
363 1951 428 2017 fuit
449 1951 536 2038 quod
559 1951 712 2037 exigebat
733 1952 776 2017 ab
797 1973 837 2016 eo
859 1974 909 2017 xv.
934 1973 1057 2016 mareas
1080 1950 1210 2015 nomine
1232 1972 1315 2038 pene

206 2056 292 2121 unde
306 2056 485 2141 dampnum
501 2055 618 2121 habuit
633 2064 694 2121 etc
739 2056 783 2120 Et
798 2055 952 2120 Mothous
967 2077 1031 2119 non
1047 2054 1139 2119 uenit
1154 2063 1187 2118 et
1199 2054 1316 2119 hahuit

206 2160 292 2226 diem
313 2183 373 2245 per
394 2160 623 2225 essoniatorem
644 2180 741 2224 suum
762 2166 936 2245 postquam
958 2158 1064 2242 legem
1094 2156 1250 2233 uadiauit‚
1281 2165 1316 2221 et

204 2264 277 2330 ideo
292 2264 539 2359 Consideratum
554 2272 604 2327 est
618 2262 706 2349 quod
720 2263 860 2328 Thomas
875 2261 1080 2348 recuperauit
1095 2262 1238 2347 dampna
1256 2284 1317 2329 sua

205 2380 240 2435 et
253 2368 314 2435 sit⁸
329 2369 364 2433 in
379 2367 598 2433 misericordia
613 2377 648 2433 et
662 2367 764 2454 plegii
778 2366 837 2432 ani

148 2529 155 2542 .
269 2472 333 2538 ‘Et
347 2463 519 2559 Wyrnenrs
534 2472 627 2537 uenit
642 2479 676 2537 et
691 2471 854 2559 cognoscit
868 2470 909 2535 de
925 2470 1030 2535 tribus
1040 2471 1122 2537 acris
1133 2470 1314 2558 ingressum

205 2578 384 2665 peripsum
399 2577 600 2641 Randulfum
615 2584 650 2641 et
666 2584 761 2641 uocat
779 2575 856 2641 inde
872 2574 914 2641 ad
937 2584 1117 2641 warantum
1139 2575 1314 2641 Ricardum

205 2682 310 2745 filium
325 2688 360 2745 et
374 2680 528 2744 heredem
543 2679 697 2744 Randulfi
714 2678 837 2765 Starhy
851 2679 908 2766 qui
923 2688 1035 2743 manet
1049 2678 1138 2765 apud
1149 2679 1314 2745 Cestresir'

205 2794 240 2851 et
254 2784 378 2849 nullam
393 2782 494 2849 habet
508 2791 628 2847 terram
644 2782 679 2846 in
692 2782 837 2868 Anglia⁶‚
852 2790 888 2846 et
902 2782 975 2847 ideo
996 2782 1244 2848 Consideratum
1265 2792 1315 2848 est

206 2885 292 2972 quod
312 2886 417 2950 Elena
437 2885 644 2970 recuperauit
664 2885 817 2950 saisinam
839 2907 931 2949 suam
949 2884 990 2949 de
1006 2885 1111 2950 tribus
1125 2886 1206 2951 aeris
1221 2895 1314 2964 terre,

205 2999 336 3057 etcum
358 2990 524 3077 predictus
545 2990 639 3056 heres
660 2999 781 3054 terram
803 2989 956 3055 habuerit
977 2990 1013 3053 in
1035 2997 1198 3075 potestate
1220 2991 1313 3055 Doni.

205 3094 305 3182 Regis
317 3101 474 3179 sequatur
487 3092 660 3179 Wymerus
675 3114 787 3157 uersus
802 3114 878 3157 eum
893 3091 934 3156 de
949 3091 1113 3157 waraneia

147 3264 154 3278 ,
267 3197 374 3262 'Prior
394 3196 435 3262 de
457 3194 631 3263 Oarsuilla'
651 3196 859 3261 athachiatus
889 3196 952 3261 fuit
981 3197 1023 3262 ad
1052 3196 1312 3283 respondendum
1349 3210 1457 3253 nassas.

203 3302 342 3367 Ricardo
369 3300 411 3366 de
440 3301 620 3366 Hauntcna
641 3323 740 3386 quare
762 3310 893 3367 secutus
915 3309 966 3365 est
986 3301 1144 3388 placitum
1166 3302 1313 3369 incuria

202 3405 427 3471 cristianitatis
440 3403 482 3468 de
496 3404 622 3469 catallis
636 3426 699 3490 que
714 3426 779 3467 non
793 3412 871 3468 sunt
886 3412 946 3469 etc.
962 3413 1074 3469 contra
1088 3413 1159 3482 eta,
1173 3412 1208 3470 et
1223 3404 1312 3471 unde

203 3508 351 3595 queritur
364 3506 449 3593 quod
463 3506 550 3591 petit
564 3506 606 3570 ab
621 3528 659 3571 eo
672 3506 708 3571 in
722 3506 813 3572 curia
826 3506 1051 3572 cristianitatis
1070 3506 1124 3593 xij.
1146 3508 1311 3594 quarteria

142 3606 147 3613 ’
203 3612 244 3677 de
259 3612 340 3677 duro
354 3610 451 3676 blado
465 3618 500 3675 et
513 3610 569 3696 xij.
581 3610 622 3675 de
637 3634 743 3676 auena
756 3619 792 3676 et
806 3612 935 3699 dragge.

267 3716 313 3781 Et
335 3714 427 3779 Prior
447 3714 541 3778 uenit
562 3722 597 3779 et
626 3714 773 3780 defendit
801 3715 888 3802 quod
917 3724 1029 3781 contra
1057 3716 1310 3802 prohibicionem

203 3843 269 3886 non
290 3826 341 3884 est
364 3826 554 3904 prosecutus
574 3817 696 3885 iniuste
718 3828 787 3897 eta,
810 3828 845 3885 et
866 3842 982 3885 uerum
1003 3820 1078 3885 nult
1099 3820 1204 3886 dicere
1226 3821 1313 3907 quod

235 3995 246 4026 ¹
262 3994 313 4043 For
329 3992 396 4043 later
411 3992 577 4056 procesdings
588 4007 630 4043 sss
640 3992 727 4056 above,
782 3996 841 4057 part
853 3994 881 4044 of
895 3993 1024 4057 ungunt,
1036 3994 1090 4045 and
1100 3994 1145 4045 the
1156 3994 1241 4057 king's
1253 3996 1311 4047 writ

204 4060 337 4111 casem·
785 4058 847 4109 does
868 4064 916 4111 not
937 4074 988 4109 run
1010 4060 1090 4110 there.
1123 4060 1145 4111 B
1166 4060 1216 4111 has
1241 4063 1311 4125 opud

236 4124 248 4157 ²
262 4124 293 4173 Β.
305 4139 342 4172 m.
354 4123 394 4171 la.
768 4126 917 4175 vestram
927 4124 956 4175 in
968 4125 1025 4187 full.
1039 4139 1044 4153 ·

236 4187 364 4247 ’siam
382 4185 682 4252 Matthewisinmeroy.
814 4188 973 4239 ⁸B.m.18.

238 4251 656 4315 ⁴B.m.12‚asmallpieceota
671 4254 732 4316 long
813 4254 980 4314 ⁷Grcsuell',
1002 4254 1034 4305 B.
1067 4256 1108 4305 An
1131 4254 1200 4306 alien
1221 4255 1309 4319 priory

203 4335 271 4370 case.
303 4320 360 4368 Em.
373 4318 730 4382 on.Rond.Stortyv.Hen.
781 4318 810 4368 in
832 4319 1035 4370 Herefordshire.
1076 4320 1189 4371 Mcnaet.
1209 4322 1259 4371 vol.
1283 4322 1307 4379 6,

204 4388 234 4437 ἀι
247 4384 363 4435 solania
781 4400 807 4448 p.
820 4385 892 4436 10³5.

237 4451 248 4483 ⁵
264 4449 320 4498 The
330 4446 474 4511 palatioote
491 4448 519 4498 cf
534 4448 640 4499 chester
656 4447 679 4497 ia
695 4463 730 4497 no
