3342 5217
389 420 453 483 658
692 430 830 489 nusum,
853 428 918 479 nn.
942 414 1036 490 1234,
1058 427 1121 478 nn
1146 416 1195 477 18.

267 613 340 675 850.
454 603 592 670 ''Jurute
605 602 646 669 de
661 623 816 668 consensu
832 598 978 686 parcium
992 597 1088 663 uenit
1101 595 1502 683 reoognitureeill'homus
1575 628 1579 639 ·

266 711 340 751 “lm
388 705 431 772 de
445 706 585 772 Berlen¹
605 727 690 771 anno
711 710 747 770 et
768 702 821 768 die
842 723 907 788 quo
921 700 1106 764 Willelmus
1123 698 1210 763 filius
1233 698 1314 784 Elye
1336 697 1420 763 obiit
1435 696 1502 761 fuit

389 808 424 874 in
438 809 557 875 seleine
570 807 612 873 de
626 807 762 873 semicio
775 805 878 893 ipsius
893 803 1058 881 Willelmi,
1070 802 1124 867 uel
1139 802 1168 867 ei
1182 802 1367 866 Willelmus
1382 800 1501 867 Came·
1598 872 1607 883 ,
1634 815 1644 845 ²

388 911 492 977 rarius
513 911 579 976 fuit
599 909 636 975 in
655 909 776 975 eeisine
796 908 838 972 de
860 905 1008 971 custodie
1028 904 1131 991 ipsius
1152 903 1310 969 Willelmi
1331 903 1413 968 dum
1436 902 1502 967 fuit

299 1008 303 1015 ’
389 1016 475 1081 infre
495 1023 619 1083 etatem
640 1021 681 1079 ut
701 1013 789 1078 idem
805 1011 945 1076 Thomas
959 1008 1048 1087 dicit,
1062 1008 1117 1074 uel
1132 1008 1161 1073 si
1174 1008 1287 1073 Abbee
1300 1006 1341 1072 de
1357 1006 1501 1093 Kinges·

389 1118 483 1185 wude
498 1128 578 1183 tune
592 1118 657 1182 fuit
670 1116 749 1181 inde
762 1115 797 1180 in
811 1114 939 1193 semine
954 1112 1039 1178 sicut
1053 1112 1123 1197 ipse
1138 1111 1225 1177 dicit.

455 1222 624 1288 Juretoree
646 1219 761 1284 dicunt
786 1218 874 1304 quod
899 1216 1084 1282 Willelmus
1112 1214 1200 1279 filius
1222 1214 1302 1300 Elye
1324 1211 1501 1300 aliquando

389 1326 499 1391 tenuit
513 1326 739 1389 'tenementum
753 1344 850 1386 sunm
865 1320 906 1385 de
920 1319 1067 1406 predicto
1082 1318 1247 1383 Willelmo
1262 1316 1448 1383 camerario
1466 1326 1502 1381 et

390 1430 461 1515 ipse
472 1428 627 1515 quiequid
635 1426 716 1491 iuris
727 1426 796 1511 ipse
806 1424 925 1490 babuit
935 1424 1027 1489 dedit
1037 1422 1162 1488 Abbati
1173 1422 1213 1487 de
1224 1420 1455 1508 Kingeswude‚
1466 1428 1502 1486 et

391 1532 441 1597 ita
453 1531 540 1619 quod
554 1553 640 1596 unno
654 1537 689 1595 et
703 1528 757 1594 die
772 1550 837 1614 quo
850 1528 939 1592 idem
949 1518 1133 1592 Willelmm
1146 1525 1233 1590 filius
1248 1526 1330 1610 Elye
1344 1524 1428 1591 obiit
1437 1524 1502 1591 fuit

391 1636 479 1700 idem
496 1634 609 1700 Abbee
629 1634 665 1698 in
684 1632 803 1697 neieina
819 1631 861 1695 de
883 1630 1020 1696 seruieio
1039 1630 1141 1717 ipsius
1153 1629 1313 1695 Willelmi
1327 1628 1388 1694 filii
1410 1630 1503 1715 Elye,

391 1746 427 1803 et
448 1760 507 1824 per
526 1761 556 1803 v.
571 1758 672 1801 annos
693 1742 770 1799 ente
791 1740 930 1799 mortem
953 1732 1055 1819 ipsius
1069 1731 1226 1797 Willelmi
1247 1732 1308 1797 filii
1329 1732 1413 1799 Elio.
1457 1734 1503 1797 Et

391 1863 489 1927 super
505 1840 566 1904 hoc
583 1838 727 1904 ostendit
746 1836 834 1902 idem
855 1836 967 1901 Abbes
990 1858 1050 1922 per
1068 1843 1271 1901 ettometum
1292 1858 1390 1901 suum
1413 1836 1503 1922 qnod

391 1942 479 2007 idem
495 1941 634 2005 Thomas
648 1946 723 2026 post
736 1937 895 2025 placitum
909 1938 997 2002 inter
1016 1960 1073 2003 eos
1093 1946 1219 2004 motum
1239 1939 1411 2005 meriteuit
1429 1940 1502 2025 ipse

390 2044 544 2110 heredem
572 2043 711 2130 predicti
740 2042 907 2119 Willelmi,
928 2049 964 2107 et
992 2041 1066 2107 ideo
1091 2050 1337 2108 summoneatur
1357 2044 1503 2109 Thomas

392 2148 479 2235 quod
507 2148 551 2214 eit
579 2170 601 2213 a
625 2147 678 2213 die
701 2154 770 2224 etc„
791 2144 821 2210 si
845 2145 959 2210 Abboe
987 2144 1120 2211 feeerit'
1142 2168 1293 2211 securum
1321 2144 1362 2211 de
1392 2168 1504 2233 prose·

392 2251 520 2338 quendo
534 2251 577 2317 ed
590 2248 850 2336 respondendum
865 2247 972 2314 eidem
986 2249 1111 2315 Abbati
1125 2271 1224 2336 quare
1242 2250 1328 2315 infre
1341 2249 1503 2337 placitum

391 2365 518 2421 motum
533 2354 703 2420 munteuit
716 2353 900 2440 piedictum
914 2353 1075 2419 heredem.

458 2458 502 2522 Et
521 2456 688 2521 sciendum
706 2456 794 2542 quod
813 2456 954 2521 Thomas
975 2478 1041 2521 non
1059 2456 1174 2523 uenit⁴
1196 2480 1231 2523 ee
1258 2458 1437 2524 essonianit
1459 2457 1501 2524 de

391 2560 477 2625 malo
506 2558 669 2636 uenienti,
692 2566 727 2624 et
756 2560 920 2624 essonium
947 2582 1013 2625 non
1042 2560 1107 2626 fuit
1135 2562 1167 2627 ei
1195 2562 1393 2627 allocutum⁸
1421 2562 1502 2649 quie

392 2664 513 2729 feceret
541 2662 607 2727 ium
636 2661 764 2748 pridem
799 2670 981 2728 attornutoe
1008 2664 1073 2729 scil
1105 2665 1287 2731 Robertum
1316 2667 1347 2731 le
1376 2666 1436 2733 Bel
1467 2676 1503 2733 et

393 2766 555 2854 quendum
577 2767 688 2844 alium,
703 2774 739 2832 et
752 2767 811 2851 qui
826 2767 989 2833 Robertus
1010 2768 1101 2833 uisus
1115 2768 1179 2833 fuit
1200 2768 1236 2833 in
1257 2770 1356 2847 curia,
1369 2778 1407 2835 et
1427 2770 1503 2836 ideo

393 2879 490 2957 eapte
503 2871 567 2935 fuit
580 2872 690 2936 iurato
702 2893 761 2957 per
774 2870 931 2936 defaltum
946 2879 1005 2937 ete
1037 2872 1082 2937 Et
1096 2872 1334 2939 eonsideratum
1349 2882 1401 2939 est
1415 2874 1503 2961 quod

394 2975 505 3040 Abbeo
519 2976 725 3062 recuperauit
738 2975 890 3041 seieinam
905 2996 1006 3054 suem,
1021 2984 1057 3041 et
1071 2977 1211 3043 Thomas
1225 2979 1260 3043 in
1274 2978 1503 3047 miseneordin

458 3080 625 3145 Johannee
645 3080 699 3145 del
721 3079 800 3145 Frid
821 3079 908 3166 petit
930 3100 1044 3146 uersus
1065 3080 1287 3147 Alexandrum
1310 3082 1351 3147 de
1373 3080 1503 3149 Wride-

393 3182 487 3247 welle
500 3182 629 3247 feodum
645 3182 774 3248 dimidii
794 3183 910 3248 militis
930 3204 1004 3249 eum
1019 3192 1101 3271 pert.
1116 3184 1151 3249 in
1171 3184 1278 3249 Perua
1291 3185 1504 3253 Welnethum

393 3291 433 3349 ut
469 3284 521 3349 ius
548 3306 646 3351 sunm
682 3296 718 3350 et
753 3285 842 3351 unde
872 3286 1013 3372 quedem
1043 3286 1206 3353 Beetrioie
1233 3287 1298 3352 fuit
1326 3289 1440 3355 seisite
1469 3292 1504 3357 in

394 3386 554 3452 dominico
576 3410 635 3452 suo
661 3396 701 3453 ut
725 3387 766 3454 de
792 3388 886 3453 feodo
912 3396 947 3453 et
972 3388 1043 3453 iure
1069 3398 1215 3476 tempore
1240 3390 1377 3457 Henriei
1402 3394 1505 3481 Regis

394 3490 450 3554 eui
478 3489 635 3576 capiendo
662 3490 740 3556 inde
769 3490 903 3576 explete
930 3497 1000 3570 ete,
1029 3498 1064 3556 et
1093 3490 1134 3557 de
1163 3491 1311 3577 predicta
1340 3494 1506 3562 Beetricie

394 3592 562 3659 deseendit
575 3593 628 3659 ius
641 3602 727 3659 terre
745 3593 834 3659 illins
856 3593 920 3679 ipsi
933 3594 957 3658 J
958 3594 1078 3660 ohmni
1099 3602 1138 3660 ut
1153 3593 1220 3660 filio
1241 3603 1277 3661 et
1299 3595 1413 3663 heredi
1433 3608 1505 3677 ete„

394 3703 430 3761 et
443 3697 507 3762 hoo
518 3697 613 3762 offert
627 3704 688 3763 ete

459 3800 504 3865 Et
518 3801 704 3865 Alexander
723 3801 818 3866 uenit
839 3808 874 3867 et
896 3800 1042 3867 defendit
1063 3802 1115 3867 ius
1136 3824 1244 3880 suum,
1257 3812 1293 3869 et
1314 3802 1417 3870 dicit·
1435 3828 1502 3871 non

394 3904 493 3969 debet
507 3904 538 3968 ei
559 3903 760 3989 respondere,
774 3904 855 3989 quia
872 3926 986 3969 reuera
1007 3904 1181 3991 aliquando
1200 3905 1236 3970 in
1258 3906 1350 3972 curio
1361 3908 1505 3975 Abbatis

394 4006 427 4073 S
451 4006 636 4071 Eedmundi
659 4006 866 4093 inpleeiteuit
895 4016 989 4092 peter
1017 4030 1095 4072 suus
1124 4007 1311 4074 Alexander
1339 4010 1503 4097 quendam

393 4110 574 4177 Robertnm
595 4118 722 4197 petrem
744 4110 847 4197 ipsius
869 4110 1031 4176 Beatrieie
1052 4110 1102 4177 ite
1120 4112 1207 4198 quod
1229 4112 1376 4179 duellum
1398 4136 1503 4181 erma·

395 4255 442 4369 Μέ
454 4252 607 4371 Ἐξοὶξῗτδὶἰεῐ
617 4252 784 4318 prooeedinge
793 4270 835 4305 see
842 4254 922 4305 below
1004 4255 1016 4352 ἒ
1033 4248 1193 4373 ἓξῃὲἱγδὲἑά.

426 4384 438 4416 ¹
453 4384 509 4434 Tho
519 4398 597 4434 nume
607 4383 701 4434 should
711 4383 744 4434 be
752 4384 883 4447 Berkeley.
1004 4386 1016 4418 θ
1033 4386 1134 4451 Supply
1144 4392 1218 4451 quod.

426 4450 437 4483 ³
453 4449 554 4512 Supply
563 4452 738 4501 uicecmnitenu
