3342 5217
512 439 652 502 ermen,
674 439 739 488 nn.
764 425 859 502 1224,
879 438 946 488 sn.
970 428 999 488 8.
1242 427 1303 488 191

198 610 285 696 quod
307 617 400 676 tenet
422 611 491 697 ipse
514 621 549 676 et
570 627 787 677 antecessores
808 612 860 676 sui
880 633 1007 698 semper
1021 619 1199 677 tenuerunt
1213 620 1305 676 tene·

197 723 347 780 mentum
370 738 466 780 suum
488 716 529 781 de
552 716 692 780 Redulfo
714 717 754 781 de
777 717 912 781 Vernun
932 717 1097 782 reddendo
1110 739 1305 802 perannum

197 817 254 902 iiij.
270 839 366 883 merc.
382 826 417 883 et
431 841 483 883 xx.
498 817 570 883 den
585 819 621 882 in
635 819 821 906 sokegium¹
836 827 871 884 et
885 819 973 904 quod
985 819 1113 883 nullum
1121 818 1198 883 inde
1207 817 1305 882 dehet

197 921 399 998 forinsecum,
415 931 449 986 et
464 920 540 986 inde
555 923 676 1007 profert
691 929 795 986 certas
810 945 886 986 sues
900 920 941 986 de
955 923 1151 986 leofamento
1166 943 1230 1007 que
1245 921 1305 986 hoc

196 1023 286 1088 idem
301 1032 474 1101 testentur,
488 1032 522 1088 et
544 1046 625 1109 quas
647 1023 734 1088 idem
756 1024 941 1089 Enererdus
962 1023 1125 1111 cognoscit
1147 1031 1182 1088 et
1203 1030 1304 1087 attor·

197 1139 296 1193 uetus
308 1130 466 1194 Ketarine
478 1151 542 1193 ιιοιι
553 1137 661 1216 potest
672 1129 732 1194 hoc
747 1129 895 1194 dedicere
909 1138 960 1194 set
973 1129 1055 1194 dicit
1070 1128 1156 1215 quod
1171 1127 1306 1192 hebebit

197 1243 323 1298 cartam
339 1233 469 1298 Redulfi
485 1233 527 1298 ed
541 1234 643 1298 elium
658 1233 745 1298 diem
760 1255 819 1319 per
838 1255 936 1319 quem
956 1230 1107 1297 ostendet
1127 1230 1213 1317 quod
1232 1253 1305 1316 pre·

196 1336 305 1400 dictus
321 1335 482 1400 Henrieus
498 1336 625 1400 nullum
640 1335 755 1401 debuit
771 1336 971 1400 forinsecum
1015 1334 1070 1398 Ad
1093 1335 1195 1398 elium
1217 1333 1305 1398 diem

196 1439 335 1525 protulit
350 1438 511 1504 Katerim
524 1446 647 1503 certem
662 1439 797 1503 Henrici
811 1461 875 1524 que
891 1446 1032 1502 testatur
1047 1436 1133 1523 quod
1144 1435 1306 1500 Radulfus

196 1545 238 1609 de
258 1545 390 1608 Vemon
412 1541 504 1607 dedit
526 1541 669 1606 Henrico
690 1541 757 1606 filio
779 1563 838 1606 suo
859 1563 917 1626 pro
940 1541 1090 1629 homagio
1112 1551 1147 1606 et
1169 1542 1305 1607 seruicio

197 1668 257 1711 suo
272 1644 460 1732 homagium
476 1651 511 1708 et
525 1644 698 1708 seruicium
714 1643 846 1708 Redulfi
861 1644 1303 1731 deDunstoneproJ'.ma1·e

197 1771 257 1835 per
276 1771 398 1814 annum
413 1771 471 1834 pro
486 1749 575 1813 omni
589 1749 725 1814 seruicio
739 1757 774 1812 et
795 1748 1031 1813 consuetudine
1045 1750 1136 1814 seluo
1151 1749 1306 1814 forinseco

198 1853 335 1918 seruicio
365 1861 399 1918 et
434 1853 555 1918 releuio
593 1861 627 1917 et
659 1852 807 1917 custodie
842 1874 1016 1939 puerorum
1025 1853 1045 1919 ¹.
1089 1853 1134 1917 Et
1167 1854 1305 1918 Euemr·

198 1958 261 2022 dus
290 1956 453 2043 cognoscit
482 1965 605 2021 certem
634 1955 733 2020 illem.
778 1957 822 2020 Et
852 1956 930 2042 quie
957 1956 1045 2021 idem
1074 1956 1235 2022 Redulfus
1264 1957 1305 2021 de

199 2063 330 2127 Vemon
360 2061 493 2126 feofnuit
523 2059 663 2125 eundem
693 2060 874 2125 Hernicum
903 2061 963 2124 teli
991 2060 1087 2125 modo
1116 2061 1207 2125 saluo
1242 2061 1306 2126 sibi

197 2168 354 2232 forinseco
368 2167 504 2232 seruioio
520 2173 553 2230 et
568 2167 689 2230 releuio
704 2174 739 2231 et
760 2165 908 2230 custodie
929 2189 1103 2252 puerorum
1125 2164 1304 2230 considere·

197 2279 271 2335 tum
293 2280 343 2336 est
366 2270 452 2356 quod
475 2270 659 2334 Euemrdus
680 2269 782 2334 nichil
803 2271 943 2335 clamere
964 2279 1073 2356 potest
1094 2270 1130 2335 ιιι
1159 2269 1306 2336 custodis

196 2375 255 2438 illa
269 2383 304 2438 et
318 2375 363 2438 sit
378 2375 413 2438 in
427 2371 665 2438 misericordia⁸.
686 2372 691 2460 Ι
1049 2449 1052 2452 ,

134 2527 141 2540 .
264 2477 429 2542 Henricus
443 2477 484 2540 de
501 2475 669 2541 Sendwico
684 2476 769 2561 petit
784 2498 898 2542 uersus
911 2477 1095 2542 Johennem
1115 2477 1156 2543 de
1176 2478 1305 2564 Reples'
1364 2484 1396 2534 1³⁴
1403 2485 1435 2535 Μ

196 2579 284 2667 quod
296 2581 482 2646 warentizet
494 2581 525 2646 ei
537 2581 666 2646 feodum
677 2582 700 2667 J'.
714 2582 828 2647 militis
839 2582 875 2646 in
884 2582 981 2668 Riple
991 2591 1127 2668 excepta
1137 2581 1305 2648 eduoceci·
1365 2547 1429 2587 m

196 2707 257 2750 one
269 2685 401 2750 ecclesie
413 2683 557 2750 eiusdem
569 2684 647 2749 uille
659 2693 693 2748 et
703 2684 847 2770 exceptis
857 2685 914 2770 iiij.
924 2685 1006 2750 acris
1015 2693 1100 2750 terre
1109 2695 1143 2750 et
1153 2687 1178 2773 j.
1188 2709 1262 2751 ecre
1270 2694 1305 2751 et

195 2789 323 2854 duobus
334 2788 485 2874 mesagiis
495 2809 570 2851 cum
581 2795 662 2873 pert.
678 2787 712 2851 in
728 2787 842 2852 eedem
857 2787 938 2851 uilla
952 2787 1038 2873 quod
1054 2796 1145 2852 tenet
1160 2796 1195 2853 et
1210 2788 1251 2852 de
1266 2811 1304 2852 eo

196 2899 308 2957 tenere
324 2891 444 2956 clamet
458 2899 493 2954 et
509 2888 596 2954 unde
608 2898 730 2954 cortem
742 2891 865 2954 Thome
876 2890 978 2975 patris
989 2891 1135 2956 eiusdem
1144 2891 1304 2956 Johennis
1316 2863 1391 2904 ΔΜ

195 2995 290 3060 ouius
300 2995 393 3058 heres
407 2994 476 3079 ipse
492 3001 542 3058 est
556 2993 656 3058 habet
672 3001 710 3057 ut
725 2993 805 3058 dicit
820 3015 918 3078 quam
930 2995 1052 3079 profert
1063 3002 1171 3079 etque
1183 2995 1303 3060 donum

196 3098 280 3163 illud
295 3105 437 3162 testetur
445 3106 480 3162 et
494 3096 581 3183 quod
595 3105 714 3160 terram
729 3096 820 3160 illem
835 3096 876 3160 de
892 3119 930 3161 eo
944 3106 979 3161 et
994 3097 1035 3162 de
1050 3097 1223 3162 heredibus
1237 3099 1305 3162 suis

196 3211 309 3266 tenere
331 3199 430 3265 debet
452 3221 509 3285 pro
531 3199 572 3263 xl.
596 3200 651 3263 sol.
674 3199 821 3263 redditus
850 3221 909 3284 per
938 3222 1071 3277 annum,
1100 3200 1187 3265 unde
1217 3201 1303 3266 idem

197 3304 360 3368 Henrieus
375 3302 455 3368 dicit
470 3302 556 3389 quod
570 3302 696 3367 desicut
710 3301 797 3367 idem
812 3301 837 3366 J
837 3302 980 3367 ohannes
994 3302 1094 3368 dehet
1109 3303 1141 3367 ei
1156 3305 1304 3368 warenti-

195 3429 269 3471 zare
293 3414 412 3471 terrem
434 3405 524 3469 illem
546 3427 604 3490 per
625 3413 747 3469 certem
770 3405 893 3469 Thome
910 3406 1012 3490 petris
1032 3406 1084 3470 sui
1101 3415 1206 3471 meter
1220 3409 1304 3472 eius·

195 3512 273 3576 dem
299 3511 460 3576 Johennis
483 3531 541 3595 pro
563 3509 692 3574 defectu
714 3531 771 3574 suo
794 3511 999 3595 recuperauit
1021 3511 1155 3576 terciam
1176 3521 1303 3597 partem

195 3615 343 3682 eiusdem
373 3623 457 3678 terre
487 3613 521 3677 in
551 3613 661 3677 dotem
691 3635 804 3677 uersus
834 3635 910 3677 eum
939 3620 974 3677 et
1003 3613 1073 3699 ipse
1102 3614 1183 3678 adeo
1208 3617 1303 3701 plene

195 3717 340 3804 reddidit
362 3717 404 3782 xl.
427 3716 482 3781 sol.
506 3715 547 3779 de
570 3714 699 3778 redditu
722 3715 777 3779 illo
800 3737 837 3779 ac
859 3716 887 3779 si
908 3715 1004 3800 plene
1027 3725 1147 3782 terram
1176 3718 1302 3805 integre

195 3829 334 3898 teneret,
349 3828 384 3884 et
398 3828 545 3905 preterea
559 3818 707 3904 ipsenon
722 3819 796 3883 uult
811 3819 842 3883 ei
855 3820 958 3884 fecere
969 3821 1142 3887 seruicium
1153 3845 1249 3887 suum
1261 3823 1302 3889 dc

229 4059 241 4092 ¹
257 4060 312 4110 cols.
774 4056 862 4106 whose
872 4057 1002 4120 werdship
1013 4057 1036 4106 is
1050 4057 1080 4106 in
1095 4058 1216 4120 question
1230 4062 1302 4108 must

229 4125 281 4175 ’et
298 4123 415 4174 custodio
429 4137 566 4186 puerorum
584 4121 668 4172 added
691 4121 725 4185 by
774 4122 841 4172 hove
862 4123 1000 4172 suoceeded
1018 4123 1130 4185 through
1152 4123 1196 4172 his
1218 4123 1303 4173 father

196 4191 244 4242 the
254 4193 397 4239 annotator
409 4188 436 4236 in
448 4187 493 4237 the
503 4187 614 4248 margin.
776 4188 894 4252 Geoffrey
906 4193 933 4237 to
950 4189 1063 4251 Henry’s
1073 4191 1163 4245 estete,
1176 4188 1228 4238 end
1241 4189 1263 4238 it
1279 4189 1302 4238 is

229 4256 241 4288 ³
257 4253 323 4304 This
333 4267 393 4304 cese
404 4253 428 4302 is
438 4253 547 4302 difficolt
558 4252 667 4301 beeeuse
675 4265 725 4302 ono
775 4252 882 4302 decided
893 4252 951 4302 thet
963 4253 1055 4316 Henry
1066 4253 1110 4304 did
1126 4258 1174 4304 not
1189 4254 1253 4305 hold
1268 4253 1303 4318 by

195 4321 259 4370 does
272 4325 321 4368 not
332 4333 375 4368 see
386 4319 431 4367 the
442 4317 596 4368 connection
612 4317 725 4367 between
776 4317 893 4380 military
903 4323 1003 4368 tenure.

196 4387 289 4447 fleury
299 4384 332 4434 de
343 4383 448 4433 vernon
459 4382 513 4433 end
528 4383 573 4432 the
589 4382 686 4446 pertice
698 4387 726 4432 to
808 4383 819 4415 ⁴
835 4383 877 4446 By
886 4383 931 4434 the
941 4383 1049 4447 copyist.

194 4451 242 4502 the
259 4449 328 4508 suit3
346 4447 394 4500 but
410 4449 424 4498 1
439 4447 517 4499 think
532 4447 591 4498 thet
609 4447 654 4498 the
670 4447 727 4498 heir
