3342 5217
416 394 480 457 456
711 408 864 467 num,
884 376 950 455 in}
974 393 1068 466 1231,
1091 405 1156 454 nu.
1181 394 1230 453 15.

415 576 587 642 abeodem
611 576 753 642 Roberto
775 580 818 642 lx.
835 578 892 644 sol.
907 588 942 643 et
956 600 1059 642 unum
1081 578 1153 641 den
1176 577 1307 641 nomine
1328 577 1512 641 recreantise

415 689 572 766 tanquam
584 681 654 766 ipse
668 682 837 745 conuictus
851 690 936 745 emet
947 681 982 744 in
993 702 1108 765 campo
1118 690 1154 744 et
1163 680 1250 766 quod
1260 680 1428 745 recordum
1439 679 1512 745 illud

415 784 551 849 haberet
573 793 655 869 aput
670 785 996 850 westmonasterium
1018 807 1078 869 per
1097 784 1154 870 iiij.
1170 785 1293 849 milites
1313 784 1371 871 qui
1391 783 1513 849 recordo

414 886 465 951 illi
486 887 715 963 interfuerunt,
736 895 771 951 et
793 887 970 973 diligenter
990 887 1169 973 inquireret
1190 887 1291 974 quod¹
1312 890 1447 953 filerunt
1470 884 1513 950 illi

415 989 585 1054 duodecim
600 989 705 1075 quiin
720 989 811 1053 curia
831 990 934 1074 ipsius
954 990 1096 1055 Abbatis
1117 990 1264 1055 lecerunt
1284 998 1512 1055 sacramentum

415 1092 456 1157 de
486 1093 632 1179 predicta
660 1114 739 1179 pace
763 1092 857 1157 Dom
888 1093 989 1178 Regis
1010 1095 1148 1157 infracta
1172 1102 1208 1157 et
1228 1093 1302 1157 illos
1323 1092 1458 1159 haberet
1476 1090 1511 1155 ad

416 1194 675 1280 respondendum
691 1216 755 1281 quo
770 1203 914 1259 waranto
927 1204 1165 1259 sacramentum
1183 1193 1265 1259 illud
1287 1195 1434 1259 focerunt
1451 1194 1512 1257 sine

416 1308 569 1384 precepto
599 1298 691 1363 Dom
722 1298 822 1386 Regis
851 1300 905 1364 uel
934 1299 1182 1363 iusticiariomm
1212 1321 1343 1363 suorum
1372 1307 1408 1362 et
1435 1294 1513 1383 qnod

416 1401 555 1487 predicti
569 1401 626 1486 iiij.
642 1401 764 1465 milites
778 1410 859 1466 tunc
872 1412 982 1466 essent
1001 1401 1147 1467 audituri
1168 1402 1325 1467 indicium
1346 1425 1443 1467 suum
1463 1422 1513 1488 pru

416 1502 506 1567 curia
520 1512 555 1567 et
569 1503 700 1568 Abbate
716 1504 747 1567 S.
764 1503 950 1568 Eadmundi
964 1527 1065 1590 quare
1085 1527 1152 1568 non
1173 1506 1320 1569 fecenmt
1340 1504 1512 1590 predictum

418 1602 585 1667 recordum
609 1611 644 1666 et
667 1601 749 1666 illud
773 1602 960 1667 habuerunt
985 1603 1071 1667 sicut
1094 1603 1141 1667 eis
1164 1613 1354 1689 preceptum
1375 1604 1441 1668 fuit
1460 1614 1512 1667 etc

416 1706 477 1769 Et²
496 1705 552 1790 iiij
577 1705 699 1769 milites
718 1706 775 1790 qui
798 1706 939 1770 ueniunt
960 1728 1019 1791 pro
1036 1706 1128 1771 curia
1148 1708 1297 1792 requisiti
1315 1729 1414 1793 quare
1435 1706 1441 1793 Ι
1457 1728 1514 1770 non

417 1808 604 1874 habuerunt
637 1810 805 1874 recordum
842 1810 885 1874 ad
920 1811 1022 1874 alium
1058 1810 1146 1874 diem
1183 1810 1299 1875 dicunt
1334 1810 1420 1896 quod
1456 1830 1514 1873 non

417 1920 595 1995 potuerunt
621 1912 732 1975 uenire
754 1920 888 1997 propter
917 1920 1147 1997 tempestatem
1177 1920 1213 1976 et
1245 1913 1369 1976 malum
1392 1921 1514 1997 tempus

417 2023 451 2078 et
474 2014 572 2078 nichil
595 2014 685 2079 aliud
713 2015 821 2079 sciunt
847 2014 954 2079 dicere
980 2037 1040 2079 nec
1065 2015 1163 2079 aliam
1185 2016 1429 2080 excusacionem
1451 2036 1514 2101 pre·

304 2104 308 2111 ’
418 2118 550 2182 tendere
566 2126 600 2182 et
615 2118 688 2182 ideo
703 2118 745 2182 ad
759 2117 917 2182 iudicium
932 2117 1021 2185 συθ.

484 2224 528 2287 Et
542 2222 681 2309 predicti
695 2222 818 2287 milites
832 2245 891 2307 pro
909 2223 1000 2287 curia
1016 2222 1227 2287 recordantur
1247 2222 1334 2309 quod
1353 2223 1407 2288 die
1429 2222 1515 2288 Jouis

416 2327 451 2390 in
467 2328 628 2413 uigilias.
646 2328 732 2391 Luce
748 2328 878 2413 Euang.
894 2337 968 2412 post
987 2327 1082 2413 plura
1100 2327 1227 2392 essonia
1246 2327 1342 2391 uenit
1360 2327 1515 2392 Robertns

416 2431 457 2495 de
489 2430 629 2515 Culinge
659 2429 694 2493 in
723 2428 847 2493 curiam
876 2428 1014 2514 predicti
1039 2428 1180 2493 Abbatis
1209 2430 1242 2495 S.
1273 2429 1458 2495 Eadmundi
1483 2436 1515 2491 et

416 2532 574 2619 apellauit
600 2532 803 2595 Willelmum
828 2530 986 2616 Manuey⁴
1008 2530 1096 2617 quod
1120 2531 1173 2595 die
1197 2532 1290 2596 Lune
1319 2531 1356 2596 in
1384 2530 1516 2595 crastino

417 2634 529 2701 Clausi
542 2635 664 2699 Pasche
679 2634 831 2719 nequiter
845 2642 879 2698 et
893 2634 928 2697 in
943 2633 1061 2697 felonia
1076 2643 1112 2697 et
1125 2634 1161 2697 in
1174 2656 1254 2719 paee
1269 2634 1362 2699 Dom
1374 2633 1473 2720 Regis
1485 2639 1516 2695 et

416 2739 450 2802 in
473 2738 583 2801 ssultu
605 2735 822 2821 premeditato
844 2734 876 2799 ei
897 2734 1071 2799 insultauit
1091 2735 1128 2799 in
1149 2735 1240 2821 regia
1261 2735 1318 2799 uia
1336 2736 1423 2800 inter
1440 2734 1516 2799 duas

417 2842 511 2908 uillas
534 2841 575 2905 de
602 2838 820 2925 Bmdelegha³
846 2846 881 2902 et
905 2837 936 2902 ei
961 2837 1054 2903 dedit
1071 2837 1097 2924 j.
1128 2838 1258 2923 plagam
1281 2859 1356 2902 cum
1382 2836 1515 2924 quadam

417 2945 533 3009 hechia
546 2942 721 3009 danasche⁸
735 2943 770 3006 in
785 2942 916 3007 sinistra
929 2950 1022 3027 parte
1037 2942 1153 3029 capitis
1167 2964 1265 3027 supra
1281 2964 1395 3006 aurem
1407 2949 1443 3005 et
1461 2940 1516 3003 hoc

416 3050 538 3135 optulit
557 3049 691 3134 probare
707 3070 765 3133 per
786 3070 902 3133 corpus
923 3069 1019 3111 suum
1041 3048 1095 3112 uel
1117 3047 1181 3111 alio
1202 3046 1298 3111 modo
1320 3064 1516 3132 quocumque

418 3154 512 3218 modo
542 3154 632 3218 curia
659 3153 885 3230 consideraret,
915 3160 950 3217 et
980 3152 1139 3237 apellauit
1173 3151 1255 3216 alios
1291 3151 1333 3216 de
1370 3150 1420 3216 ui'
1454 3149 1517 3214 scil.

303 3282 309 3291 ·
417 3257 619 3322 Willelmum
650 3258 755 3321 filium
784 3256 944 3321 Willelmi
979 3265 1014 3320 et
1051 3256 1234 3322 Walterum
1271 3254 1452 3331 Mauuesin,
1485 3261 1518 3317 et

417 3358 507 3425 missi
536 3361 669 3424 fuerunt
695 3360 751 3445 iiij.
780 3360 901 3425 milites
930 3358 973 3422 ad
1001 3358 1181 3422 uidendum
1210 3358 1341 3443 plagam
1365 3357 1422 3444 qui
1446 3378 1517 3421 cum

416 3462 576 3529 uidissent
605 3464 759 3529 dixerunt
788 3463 876 3550 quod
902 3464 999 3548 plaga
1023 3462 1140 3526 habuit
1165 3462 1201 3525 in
1226 3462 1429 3549 longitudine
1455 3471 1518 3526 uec

416 3566 547 3652 pollices
577 3575 611 3630 et
641 3566 681 3631 de
711 3566 933 3652 profunditate
962 3588 1065 3651 usque
1099 3565 1141 3630 ad
1177 3574 1298 3630 testam
1334 3565 1451 3651 capitis
1485 3574 1517 3628 et

415 3668 568 3733 dixerunt
583 3670 674 3733 illam
689 3691 758 3733 esse
774 3669 875 3733 talem
890 3668 974 3755 quod
991 3691 1050 3754 per
1071 3689 1143 3733 eam
1163 3668 1248 3733 bene
1268 3669 1379 3756 potuit
1398 3666 1518 3753 attingi

415 3796 528 3859 paoem
544 3774 637 3838 Dom.
653 3773 752 3860 Regis
767 3794 837 3838 esse
851 3772 1043 3838 infractam⁸.
1616 3833 1618 3846 ,

482 3879 525 3943 Et
540 3877 724 3943 Willelmus
745 3876 837 3943 uenit
857 3886 891 3942 et
910 3877 1057 3943 defendit
1072 3876 1223 3942 feloniam
1243 3886 1278 3942 et
1300 3898 1409 3962 paoem
1425 3875 1517 3939 Dom
1616 3897 1617 3928 ὲ

448 4030 456 4065 ¹
474 4032 544 4083 corr.
560 4034 612 4095 qui.
1026 4030 1037 4061 ⁴
1053 4031 1218 4094 Mampsis,
1229 4029 1261 4079 Β.

447 4096 755 4147 'GilebertmdeScucto
765 4096 942 4145 Olaroltoter·
1026 4092 1415 4156 ⁸Greatcndnittlessnoley.

416 4162 749 4211 trudet'taaretdeRica
751 4161 811 4209 ruds
834 4162 942 4210 deste-
1026 4158 1389 4219 ‘wdrzrt’uatBDanishm

414 4228 637 4324 imminuenda
647 4225 868 4284 deWesttcmfflB
1025 4221 1472 4287 ⁷Toru'appcalaporsoudeis
1447 4226 1519 4272 isto

446 4292 529 4340 'trid
531 4293 589 4340 udic
591 4291 743 4340 ictum
744 4289 827 4345 ια,Β.
860 4288 942 4338 Thra
992 4288 1193 4387 appealhimac
1204 4302 1346 4350 messory.
1616 4301 1618 4348 ς

414 4355 633 4417 nmstbejuedgm
633 4354 764 4416 naiutags
722 4305 827 4403 uiilthe
834 4353 941 4405 Abbot’s
1025 4302 1518 4417 flAntothirproceeillirgrceltr.l
1616 4355 1618 4384 t

414 4424 495 4469 comt.
