3342 5217
367 405 429 468 128
678 419 820 479 ainans,
839 417 905 468 an.
929 403 1021 479 1222,
1044 417 1111 466 aa.
1135 405 1163 466 6.
1297 452 1310 509 a

362 617 427 658 non
456 593 554 660 debet
582 594 659 660 inde
687 594 799 660 dotem
824 588 943 657 habere
969 592 1054 656 sicut
1077 591 1148 676 ipsa
1171 589 1256 675 petit
1280 611 1322 674 qu
1360 593 1383 649 'a
1399 597 1474 653 terra

362 696 419 761 illa
447 706 497 762 est
526 697 686 784 partibilis
709 705 743 761 et
769 696 934 782 predictus
956 693 1118 758 Henricus
1143 693 1207 757 fuit
1231 576 1470 860 frater&

363 809 398 864 et
412 823 476 865 non
491 801 607 867 habuit
622 801 662 866 de
678 809 764 865 terra
778 800 836 864 illa
849 799 914 862 nisi
932 805 1059 884 partem
1077 819 1170 861 suam
1189 803 1224 860 et
1240 795 1317 860 inde
1336 794 1414 860 dota

363 926 435 969 eam
449 905 490 970 de
505 905 681 970 medietate
696 913 731 969 et
745 905 885 969 libenter
899 903 931 967 ei
949 903 1040 966 illam
1054 901 1265 966 medietatem
1279 899 1424 965 reddent

200 1002 330 1090 mm
427 1007 472 1073 Et
487 1009 624 1074 Matillis
638 1008 816 1094 dicitquod
830 1007 993 1072 Henricus
1007 1007 1116 1071 tenuit
1130 1014 1234 1070 totam
1245 1014 1365 1069 terram
1375 1005 1465 1068 illam

201 1097 333 1146 ‘ww'
362 1111 415 1176 dic
444 1135 510 1198 qua
538 1135 610 1177 eam
639 1111 848 1198 desponsauit
873 1111 922 1175 ita
946 1109 1033 1196 quod
1058 1131 1130 1173 eam
1156 1109 1268 1174 dotare
1296 1109 1407 1194 potuit
1430 1116 1465 1171 et
1528 1157 1531 1161 .

362 1237 434 1280 earn
460 1215 500 1280 de
523 1215 700 1280 medietate
724 1215 862 1292 dotauit,
883 1214 1090 1301 presentibus
1111 1213 1265 1299 predictis
1286 1213 1465 1289 Clemente,

361 1319 503 1383 Robcrto
525 1327 560 1382 et
580 1319 738 1396 Johanne,
758 1327 794 1382 et
814 1341 879 1382 non
901 1317 1197 1382 contradicentibus
1218 1325 1253 1382 et
1274 1317 1351 1382 inde
1372 1318 1466 1404 ponit

361 1443 395 1484 se
411 1443 507 1506 super
521 1421 661 1486 iuratam
677 1429 711 1485 et
725 1421 781 1486 alii
796 1420 954 1498 similiter,
966 1419 1025 1484 fiat
1038 1420 1115 1484 inde
1130 1420 1237 1485 iurata
1250 1443 1310 1506 per
1322 1421 1394 1485 illos
1408 1421 1466 1506 qui

361 1525 580 1592 interfuerunt
608 1525 666 1589 ubi
695 1523 860 1589 Henricus
887 1547 959 1588 eam
987 1524 1196 1610 desponsauit
1224 1533 1260 1588 et
1293 1547 1352 1610 per
1386 1525 1467 1589 alios

362 1640 421 1696 etc
439 1639 473 1695 et
494 1631 607 1694 ueniat
627 1637 687 1693 etc.
707 1629 749 1694 ad
767 1628 1058 1714 recognoscendum
1079 1628 1108 1692 si
1126 1627 1213 1692 idem
1232 1629 1394 1693 Henricus
1412 1629 1466 1692 die

362 1757 428 1820 qua
449 1755 521 1798 eam
543 1733 753 1818 desponsauit
775 1732 884 1797 tenuit
907 1739 1013 1796 totam
1034 1740 1154 1796 terram
1175 1731 1266 1795 illam
1288 1740 1322 1795 et
1344 1731 1371 1795 si
1393 1753 1466 1796 earn

363 1839 490 1903 dotauit
519 1837 560 1902 de
583 1837 759 1902 medietate
783 1836 990 1922 presentibus
1014 1834 1168 1921 predictis
1191 1843 1226 1899 et
1250 1857 1315 1900 non
1340 1843 1468 1901 contra·

363 1941 547 2006 dicentibus
562 1948 622 2005 eto.

243 2052 316 2116 155.
428 2043 540 2108 Assisa
560 2043 654 2108 uenit
677 2043 885 2129 recognitura
905 2042 979 2128 quis
1002 2042 1180 2107 aduncatus
1206 2051 1351 2129 tempore
1377 2043 1466 2130 pacis

248 2149 313 2192 ΕΜ·
364 2148 567 2232 presentauit
581 2147 732 2212 ultimam
746 2169 916 2232 personam
931 2170 995 2232 que
1015 2155 1143 2211 mortua
1164 2155 1215 2212 est
1236 2147 1277 2212 ad
1299 2147 1465 2212 ecclesiam

365 2250 406 2314 de
426 2248 600 2314 Amecliue
623 2272 686 2335 que
708 2257 805 2314 uacat
827 2257 889 2314 etc
903 2251 996 2314 cuius
1017 2248 1265 2313 aduocacionem
1292 2249 1468 2315 Witletmus

365 2352 405 2416 de
429 2353 566 2417 Arthcle
595 2353 715 2418 clamat
744 2375 858 2417 uersus
887 2353 994 2417 Eliam
1016 2352 1058 2417 de
1082 2352 1294 2417 Gikeleswico
1317 2361 1378 2420 etc.
1422 2354 1467 2418 Et

203 2463 353 2560 ffifflgm
365 2455 454 2520 Elias
467 2479 532 2520 non
547 2456 640 2521 uenit
655 2465 713 2520 etc
727 2464 761 2520 et
770 2455 820 2521 bis
831 2456 910 2520 fecit
924 2456 1078 2520 defaltam
1093 2455 1142 2520 ita
1150 2456 1237 2542 quod
1251 2457 1468 2522 summonitus

202 2616 248 2646 em
256 2569 309 2653 “gp
404 2560 429 2624 't
455 2567 490 2624 ct
519 2559 592 2624 ideo
621 2560 769 2646 capiatur
796 2560 897 2624 assisa
924 2582 984 2646 per
1011 2559 1168 2624 defaltam
1198 2568 1248 2624 set
1276 2561 1410 2646 ponitur
1431 2561 1467 2625 in

203 2653 353 2746 {lfflffi
366 2670 548 2748 respectum
567 2685 670 2749 usque
693 2671 753 2728 etc.
768 2685 825 2749 pro
848 2662 978 2727 defectu
999 2663 1238 2748 recognitorum
1260 2663 1337 2748 quia
1358 2664 1468 2729 nullus

204 2745 342 2831 lffussblni‘-
367 2764 460 2830 uenit
481 2774 531 2830 set
553 2773 625 2830 octo
647 2787 680 2830 sc
702 2765 947 2830 essoniauerunt
966 2774 1026 2829 etc.
1051 2772 1086 2828 et
1105 2764 1162 2828 alii
1181 2765 1411 2831 athachientur
1432 2776 1468 2831 et

203 2838 302 2879 'mm
367 2867 436 2932 loco
453 2868 609 2933 Willclmi
630 2868 671 2934 dc
691 2869 896 2934 Hirtlictoao
911 2868 968 2953 qui
990 2867 1072 2931 obiit
1093 2875 1194 2954 ponat
1215 2867 1395 2934 uicecomes
1416 2877 1469 2934 tot

368 2981 428 3038 etc.

246 3089 319 3154 156,
431 3073 539 3139 Alicio
561 3073 601 3140 de
624 3075 800 3160 Bendenge
823 3096 882 3160 per
904 3082 1105 3138 attornatum
1128 3097 1224 3138 suum
1247 3074 1333 3160 petit
1354 3097 1470 3141 uersus

245 3185 312 3225 ⁰¹⁰⁰·
365 3177 1469 3264 RobertumPurcelquemEustachiusPurceluocauitadwarantum

367 3279 473 3364 etqui
495 3279 525 3343 ei
542 3279 767 3344 warantizauit
781 3278 863 3343 duae
884 3278 1031 3364 uirgatae
1052 3286 1138 3343 terre
1160 3301 1236 3343 cum
1257 3280 1469 3364 pertinenciis

366 3381 402 3445 in
432 3381 632 3446 Sandewalle
661 3389 699 3444 ut
728 3381 839 3445 dotem
868 3403 961 3444 suam
990 3402 1054 3465 que
1084 3381 1228 3466 pertinet
1257 3381 1299 3446 od
1328 3381 1469 3446 liberum

300 3517 304 3524 ·
366 3493 591 3548 tenementum
628 3506 723 3548 suum
752 3484 839 3569 quod
875 3491 968 3548 tenet
996 3484 1032 3548 in
1061 3483 1175 3548 eadem
1205 3485 1285 3548 uilla
1313 3507 1354 3549 ex
1384 3485 1470 3551 dono

367 3587 528 3652 Willclmi
543 3588 603 3653 filii
625 3587 756 3652 Radulfi
777 3587 940 3674 quondam
962 3587 1026 3652 uiri
1048 3589 1100 3653 sui
1121 3587 1251 3652 nomine
1274 3588 1359 3653 dotis
1380 3589 1469 3655 unde

368 3689 481 3754 eadem
510 3689 617 3754 Alicia
645 3689 841 3775 dicitquod
868 3690 982 3754 dotata
1010 3691 1076 3754 fuit
1105 3690 1297 3755 nominatim
1327 3691 1368 3756 de
1398 3701 1471 3757 toto

367 3793 509 3858 manerio
524 3794 580 3858 illo
595 3801 629 3857 et
644 3793 704 3858 hac
719 3793 845 3858 racione
860 3793 946 3879 petit
966 3802 1026 3859 etc
1047 3801 1082 3858 et
1096 3794 1182 3879 quod
1202 3795 1251 3860 ita
1269 3795 1334 3860 fuit
1355 3796 1472 3862 dotata

367 3897 515 3983 producit
530 3907 651 3963 sectam
666 3905 726 3962 etc.

434 4001 478 4065 Et
499 4002 662 4066 Robertus
681 4000 775 4066 uenit
795 4010 829 4067 et
852 4001 932 4067 dicit
952 4002 1039 4088 quod
1057 4025 1122 4067 non
1142 4003 1241 4068 debet
1261 4003 1338 4069 inde
1357 4004 1469 4070 dotem

369 4104 487 4169 habere
502 4104 579 4190 quia
592 4105 665 4168 finis
680 4105 785 4168 factus
799 4104 863 4169 fuit
877 4105 912 4169 in
927 4105 1016 4170 curia
1030 4105 1153 4171 domiui
1167 4107 1269 4194 Regis
1283 4108 1414 4174 Ricardi
1427 4109 1470 4174 de

368 4207 576 4274 cademterra
584 4207 1469 4295 interRadulfumPurcelpatremsuumetWillelmum

561 4408 571 4441 ¹
589 4407 635 4458 see
646 4409 690 4458 Br.
704 4409 751 4458 314
762 4407 786 4468 b,
799 4410 857 4459 ³15.
1099 4409 1110 4442 ²
1125 4409 1169 4462 Br.
1183 4410 1202 4460 l.
1215 4411 1273 4461 238.
