3342 5217
344 446 386 517 76
532 462 668 512 11111111
690 460 762 511 sun
785 459 923 524 namra,
946 460 1010 511 sn.
1035 448 1214 524 11211111
1239 452 1268 513 4.

344 646 378 701 et
407 636 442 701 in
471 636 589 723 quibus
612 636 709 702 rebus
730 636 818 701 idem
840 634 999 701 Ricardus
1020 635 1137 700 habuit
1159 658 1218 721 per
1239 634 1452 699 intrusionem

344 739 352 752 ·
438 738 447 769 1

233 850 282 911 86,
342 739 543 905 lllaeuilVitalis
573 838 737 927 Engaun'⁸
766 848 800 905 et
830 841 979 928 Rogerus
1009 839 1132 905 (iernet
1161 863 1220 927 per
1248 848 1450 906 attornatum

200 949 313 991 ⁸⁰¹³&stss
342 942 445 1029 ipsius
474 942 595 1031 Rogeri
624 952 743 1029 petunt
772 966 885 1008 uersus
911 944 1113 1009 Willelmum
1139 943 1179 1009 de
1210 943 1394 1030 Cantelupo
1416 951 1451 1007 et

342 1046 507 1111 Maziliam
533 1068 665 1111 uxorem
692 1047 763 1132 ejus
782 1046 806 1131 j.
823 1054 1007 1112 carucatam
1026 1056 1110 1111 terre
1131 1055 1166 1112 et
1187 1046 1356 1113 dimidiam
1375 1069 1450 1112 cum

223 1184 226 1191 ·
342 1151 550 1237 pertinenciis
564 1151 600 1216 in
615 1152 728 1217 Wurle
743 1160 782 1216 ut
796 1151 849 1216 ius
863 1173 974 1216 eorum
990 1159 1049 1215 etc

408 1251 452 1315 Et
467 1251 650 1335 Wflillelmus
665 1259 699 1316 et
715 1250 846 1315 Mazilia
865 1250 1004 1314 ueniunt
1025 1258 1059 1315 et
1082 1249 1262 1314 defendunt
1281 1249 1333 1314 ius
1353 1272 1449 1313 suum
1566 1255 1570 1259 ’

343 1360 377 1418 et
392 1361 512 1440 petunt
526 1352 601 1418 inde
616 1352 734 1430 uisum,
749 1353 900 1417 habeant.
945 1352 1053 1417 Datus
1068 1361 1118 1417 ost
1133 1353 1180 1417 eis
1196 1361 1254 1417 etc.

408 1456 501 1521 Idem
522 1456 634 1521 eodem
654 1456 749 1521 modo
771 1464 891 1541 petunt
909 1478 1023 1520 uorsus
1041 1454 1147 1519 Eliam
1163 1455 1203 1520 de
1218 1455 1310 1521 Bello
1326 1455 1450 1542 Campo

180 1559 316 1693 ψῃ
338 1560 363 1647 j.
386 1568 568 1625 carucatam
599 1568 683 1623 terre
705 1566 740 1625 et
762 1558 931 1623 dimidiam
953 1582 1028 1623 cum
1050 1558 1258 1645 pertinenciis
1279 1559 1315 1623 in
1336 1559 1449 1624 Wurle

180 1654 322 1750 ffliifflfh
343 1672 382 1729 ut
396 1664 448 1728 ius
462 1686 559 1729 suum
573 1672 643 1740 etc,
658 1662 736 1749 quia
755 1662 913 1728 Ricardus
933 1661 1020 1727 filius
1034 1662 1122 1749 Ursy
1142 1671 1325 1727 antecessor
1338 1686 1449 1728 eorum

343 1766 452 1833 tenuit
481 1774 601 1831 terram
630 1766 720 1831 illam
749 1774 788 1830 ut
817 1766 870 1830 ius
899 1773 934 1830 et
963 1764 1180 1829 hereditatem
1209 1787 1309 1829 suam
1355 1765 1449 1829 Idem

343 1870 500 1936 Ricardus
526 1870 642 1935 habuit
667 1893 770 1935 unum
793 1869 898 1935 filium
921 1869 1051 1934 nomine
1072 1869 1292 1957 Reginaldum
1311 1877 1346 1935 et
1369 1869 1450 1935 duas

342 1976 426 2041 filias
455 1974 651 2061 Margariam
681 1982 715 2039 et
745 1964 922 2038 Mabiliam.
976 1973 1071 2037 Idem
1105 1973 1306 2060 Reginaldus
1341 1975 1450 2040 tenuit

344 2088 464 2144 terram
493 2078 582 2143 illam
612 2086 647 2143 et
675 2077 791 2142 habuit
821 2100 921 2143 unam
950 2077 1060 2156 filiam,
1085 2078 1215 2145 nomine
1245 2079 1450 2157 Matillidem‚

344 2204 407 2268 que
428 2188 500 2268 post
523 2203 599 2245 eum
624 2180 732 2245 tenuit
755 2180 996 2259 terramillam,
1020 2190 1055 2246 et
1079 2182 1195 2246 habuit
1217 2205 1321 2247 unum
1344 2182 1449 2248 filium

345 2286 546 2351 Willelmum
576 2285 616 2349 do
647 2284 814 2371 Gurtenay
843 2285 901 2371 qui
926 2284 1008 2351 obiit
1038 2284 1115 2350 inde
1144 2286 1277 2351 seisitus
1303 2294 1449 2372 tempore

346 2390 445 2477 Regis
459 2390 491 2456 J.
506 2389 661 2475 capiendo
681 2388 758 2453 inde
778 2390 911 2475 expleta
929 2398 989 2455 etc
1005 2398 1040 2454 et
1060 2390 1137 2476 quia
1156 2390 1245 2455 idem
1265 2390 1450 2456 Willelmus

344 2492 427 2560 obiit
450 2492 519 2558 sine
543 2492 660 2557 herede
687 2492 727 2558 de
751 2514 881 2578 corpore
907 2516 973 2571 suo,
989 2493 1155 2559 descendit
1178 2494 1230 2559 ius
1254 2494 1342 2559 illius
1365 2503 1450 2560 terre

345 2598 499 2685 predictis
515 2597 674 2684 Mergane
690 2598 764 2662 auie
779 2598 882 2683 ipsius
898 2598 1025 2677 Vitalis,
1039 2607 1074 2663 et
1089 2598 1224 2664 Mabilie
1238 2599 1337 2664 matri
1351 2598 1453 2684 ipsius

346 2703 465 2791 Rogeri
486 2710 525 2766 ut
548 2701 703 2786 proximis
726 2702 901 2767 heredibus
922 2702 1024 2789 ipsius
1045 2701 1210 2781 Willelmi,
1227 2702 1315 2768 unde
1338 2703 1452 2767 dicunt

345 2807 432 2893 quod
451 2806 539 2870 idem
559 2804 647 2870 Elias
664 2804 765 2869 elium
780 2805 961 2891 ingressum
976 2827 1041 2869 non
1056 2805 1156 2870 habet
1170 2806 1205 2871 in
1220 2814 1339 2871 terram
1354 2805 1452 2881 illam,

345 2910 408 2975 nisi
422 2931 480 2995 per
494 2906 696 2973 Willelmum
716 2907 756 2971 de
777 2908 960 2995 Cantelupo
984 2909 1041 2995 qui
1064 2908 1198 2974 intrusit
1219 2932 1254 2974 se
1276 2909 1311 2973 in
1333 2918 1453 2974 terram

344 3014 434 3079 illam
456 3020 601 3097 tempore
622 3032 737 3097 guerre
758 3033 821 3096 que
842 3011 905 3075 fuit
925 3011 1012 3075 inter
1031 3010 1199 3076 dominum
1218 3011 1248 3076 J.
1271 3012 1397 3097 Regem
1417 3018 1452 3075 et

344 3119 480 3183 barones
504 3137 585 3193 auca,
610 3123 644 3179 et
664 3116 805 3181 offerunt
827 3115 957 3181 domino
981 3116 1066 3202 Regi
1085 3140 1136 3181 xx.
1152 3116 1207 3181 sol.
1223 3138 1280 3202 pro
1303 3115 1453 3181 habenda

344 3219 564 3306 inquisicione‚
590 3217 618 3282 si
640 3218 726 3283 idem
750 3218 838 3283 Elias
861 3218 963 3283 alium
988 3218 1169 3306 ingressum
1199 3218 1298 3283 habet
1327 3227 1387 3284 etc
1417 3226 1452 3283 et

344 3325 374 3391 si
384 3325 444 3389 hoc
459 3344 524 3387 non
538 3320 658 3387 sufficit
672 3322 767 3387 offert
783 3323 980 3388 diracionare
995 3324 1081 3389 sicut
1095 3324 1185 3390 curia
1199 3323 1452 3390 considerauerit

346 3427 431 3515 quod
461 3428 526 3493 tale
556 3426 607 3491 ius
637 3426 737 3492 habet
765 3426 850 3492 sicut
879 3428 1060 3514 predictum
1090 3436 1140 3494 est
1169 3437 1204 3494 et
1233 3427 1320 3516 quod
1351 3427 1453 3494 talem

345 3534 525 3621 ingressum
540 3532 640 3597 habet
655 3541 713 3597 etc.

412 3638 455 3701 Et
471 3635 559 3701 Elias
579 3636 672 3701 uenit
692 3630 735 3701 et
749 3634 894 3701 defendit
913 3637 965 3702 ius
986 3660 1098 3703 eorum
1118 3646 1154 3703 et
1173 3636 1253 3703 dicit
1274 3637 1360 3724 quod
1374 3636 1453 3723 ipsis

378 3824 388 3857 ¹
406 3824 539 3874 Thinisa
558 3837 615 3873 rara
632 3824 702 3887 early
713 3824 830 3887 example
845 3825 874 3873 ot
923 3822 980 3874 The
986 3824 1060 3887 point
1067 3823 1126 3875 that
1133 3825 1253 3875 intarests
1261 3824 1307 3875 the
1313 3824 1453 3873 annotator

345 3892 459 3953 trespsss
476 3888 501 3939 ri
517 3893 543 3939 et
559 3890 646 3941 armis.
683 3888 747 3937 'l'his
763 3904 816 3939 was
839 3889 874 3952 by
923 3890 947 3937 is
958 3890 1017 3939 that
1028 3890 1091 3939 with
1106 3889 1171 3940 such
1186 3905 1202 3940 s
1216 3888 1274 3940 urit
1288 3903 1319 3939 ss
1333 3887 1387 3938 this
1403 3901 1453 3938 ons

346 3970 381 4005 no
397 3969 487 4005 means
504 3969 520 4003 a
536 3968 655 4003 common
671 3953 814 4017 rcmodyin
828 3955 874 4004 the
923 3968 974 4003 can
995 3954 1104 4017 praeced
1126 3958 1154 4004 to
1173 3955 1301 4017 outlswry
1316 3953 1420 4015 against
1436 3967 1453 4002 s

346 4022 403 4070 first
419 4019 476 4071 half
491 4020 518 4069 ot
534 4019 578 4069 the
595 4018 739 4069 thirteenth
755 4023 872 4082 century.
924 4020 1089 4069 recalcitrant
1107 4019 1255 4071 defendant.
1292 4020 1382 4069 Itwss
1398 4018 1452 4080 just

346 4085 443 4135 Awrit
460 4084 488 4134 of
508 4084 563 4134 this
578 4084 642 4133 kind
665 4098 747 4133 seems
763 4087 791 4133 to
807 4083 874 4135 haro
923 4083 979 4134 this
995 4085 1047 4134 tsot
1064 4084 1148 4134 which
1170 4083 1266 4134 turned
1287 4084 1332 4135 the
1348 4083 1406 4133 writ
1425 4082 1454 4132 of

345 4149 559 4213 beenonlyuscd
569 4149 644 4198 when
658 4148 730 4199 there
745 4147 872 4199 badbeen
924 4151 1039 4211 trespsss
1060 4149 1118 4199 into
1142 4165 1158 4199 a
1185 4148 1319 4210 desirsbla
1342 4148 1397 4199 and
1423 4147 1452 4197 in

345 4230 362 4265 s
370 4215 423 4265 resl
431 4213 688 4265 sudseriousbrcsch
697 4215 726 4263 of
732 4214 871 4277 thapesoe.
923 4228 1013 4263 oourss
1026 4214 1055 4263 of
1069 4215 1133 4264 time
1144 4218 1213 4266 most
1227 4229 1357 4276 common,
1370 4226 1452 4264 rema·

346 4281 411 4331 'Ibis
421 4280 511 4342 Henry
521 4280 580 4328 riu
592 4280 685 4339 Gount,
697 4278 737 4328 for
748 4279 873 4341 example,
923 4278 957 4341 dy
969 4279 1009 4329 for
1019 4279 1119 4342 private
1130 4294 1241 4341 wrongs.

345 4346 400 4397 had
416 4360 432 4395 a
448 4344 526 4395 claim
543 4347 570 4393 to
589 4342 652 4393 hold
672 4342 717 4392 ths
733 4346 830 4407 county
847 4344 876 4393 of
956 4344 1061 4395 ²A.m.
1076 4348 1107 4403 5;
1129 4344 1160 4395 B.
1174 4343 1223 4396 td.

346 4410 475 4461 Gornwsll
497 4408 525 4458 in
547 4409 586 4459 fea
609 4407 660 4458 and
683 4406 737 4459 had
759 4407 822 4458 been
845 4409 873 4458 in
956 4406 1153 4472 ’1111ραί11ςῆ

346 4476 416 4527 what
431 4490 467 4524 we
483 4473 576 4525 should
591 4472 639 4523 call
657 4488 722 4535 open
739 4473 872 4523 rebellion.
