3342 5217
402 397 636 459 niominis,
659 397 723 447 nn.
748 383 841 458 1232,
864 396 927 446 ns.
952 380 1087 449 16-17,
1230 378 1293 446 673

189 572 278 637 illius
306 572 435 638 cuidem
464 571 603 637 Ricardo
631 580 671 635 ut
699 570 767 635 filio
802 580 837 635 et
866 571 986 647 heredi,
1016 580 1051 637 et
1080 568 1121 636 de
1149 569 1294 656 predicto

190 676 327 742 Ricerdo
347 676 476 741 cuidam
498 675 662 741 Randulfo
685 683 724 739 ut
746 674 813 739 filio
835 682 870 739 et
890 675 1010 747 heredi,
1030 684 1065 739 et
1084 674 1125 740 de
1149 673 1294 760 predicto

190 779 352 845 Rnndulfo
373 779 429 844 isti
450 778 595 844 «iohanni
617 778 674 864 qui
695 800 782 843 nunc
803 778 890 864 petit
913 786 951 842 ut
972 777 1039 841 filio
1061 784 1095 842 et
1119 775 1239 854 heredi,
1259 784 1294 840 et

189 881 276 967 quod
291 882 357 948 talc
371 883 415 947 sit
429 882 482 947 ius
495 904 592 948 suum
606 883 699 947 offert
713 890 772 947 etc

255 989 299 1053 Et
312 988 480 1052 «iohannes
495 986 581 1051 filius
595 986 748 1071 Hewysie
767 993 803 1049 et
817 985 841 1050 J
841 984 983 1049 ohannes
1002 980 1043 1047 de
1059 982 1244 1069 Coueleghe
1259 992 1293 1047 et

190 1088 366 1153 Scelestica
379 1087 699 1154 uxoreius'ueniunt
714 1095 748 1151 et
763 1085 943 1153 defendunt
957 1084 1008 1149 ius
1023 1084 1124 1170 ipsius
1134 1084 1158 1149 J
1159 1084 1294 1149 ohannis

189 1192 229 1257 de
253 1193 368 1257 Knrun
391 1191 526 1257 tenendi
544 1191 579 1255 in
601 1190 770 1267 dominico,
794 1199 828 1256 et
851 1189 950 1255 dioit¹
975 1190 1060 1275 quod
1084 1190 1112 1255 si
1135 1189 1218 1254 nlius
1240 1210 1294 1253 eos

188 1297 396 1383 inplacitnret
416 1296 457 1361 de
480 1295 594 1361 endem
618 1303 705 1359 terra
726 1303 761 1359 et
783 1294 824 1359 de
851 1293 945 1359 bosco
968 1293 1037 1379 ipse
1062 1294 1229 1359 «iohannes
1252 1293 1293 1358 de

191 1402 306 1467 Knrun
330 1401 388 1467 illa
412 1401 460 1466 eis
488 1399 624 1465 deberet
653 1398 870 1476 warentiam,
895 1397 973 1483 quin
996 1398 1178 1463 Rendulfus
1201 1408 1295 1483 pater

189 1526 268 1569 suus
282 1504 428 1569 feoffauit
443 1502 604 1589 quendam
620 1492 814 1567 Geruasium
833 1500 874 1565 de
890 1499 1101 1587 Shiringtone
1117 1500 1158 1566 de
1181 1501 1294 1565 eedem

190 1616 277 1673 terra
297 1616 333 1673 et
346 1608 441 1672 bosco
455 1629 514 1693 per
532 1614 655 1671 cartem
670 1627 762 1669 suam
777 1627 875 1691 quam
891 1605 1012 1691 profert
1027 1614 1140 1691 etque
1155 1613 1296 1671 testatur

189 1710 296 1797 quod'
317 1710 423 1776 eidem
454 1709 609 1775 Gerucsio
631 1708 864 1773 terramillam
886 1717 921 1774 et
941 1710 1074 1775 boscum
1096 1709 1191 1775 simul
1221 1732 1295 1774 cum

189 1814 331 1900 quadam
362 1814 427 1879 alin
457 1821 543 1879 terra
575 1820 610 1877 et
641 1812 737 1877 bosco
773 1813 838 1878 ten'
865 1812 927 1879 sibi
960 1822 994 1879 et
1025 1813 1197 1881 heredibus
1230 1814 1296 1879 suis

191 1915 265 1982 uel'
289 1916 347 1982 ille.
370 1916 447 1981 dare
473 1916 527 1981 uel
553 1915 715 2002 assignare
740 1917 882 1981 uoluerit
908 1917 961 1982 uel
988 1917 1095 2005 legare
1105 1918 1124 1995 ⁴,
1148 1929 1183 1983 et
1208 1919 1295 1983 unde

190 2020 356 2107 predictus
377 2019 544 2085 Johannes
569 2018 657 2083 filius
682 2018 825 2085 Howisie
849 2020 1039 2106 dicitquod
1064 2021 1134 2107 ipse
1159 2022 1229 2085 est⁶
1254 2022 1295 2087 de

190 2125 362 2213 assignatis
391 2124 494 2211 ipsius
524 2122 681 2199 Gemesii,
704 2131 739 2187 et
763 2122 850 2188 unde
875 2123 1039 2209 predictus
1062 2124 1228 2189 «Iohannes
1254 2126 1294 2190 de

190 2228 378 2316 Oouelegha
397 2235 432 2293 et
452 2227 628 2293 Scolnstica
641 2226 756 2292 dicunt
770 2227 858 2313 quod
877 2228 948 2314 ipsc
963 2228 1137 2295 Scolastica
1159 2238 1208 2294 est
1232 2252 1297 2295 una

190 2333 231 2399 de
255 2330 426 2398 heredibus
447 2329 549 2415 ipsius
572 2330 729 2396 Geruasii.
772 2331 817 2395 Et
839 2340 878 2395 ut
900 2332 995 2417 plene
1018 2331 1139 2397 sciatur
1153 2331 1239 2418 quod
1260 2332 1295 2396 in

191 2444 281 2502 carta
302 2434 516 2511 continentur,
531 2434 698 2507 sciendum
721 2428 808 2521 quod
830 2443 971 2501 testatur
991 2435 1077 2521 quod
1098 2435 1184 2501 idern
1208 2436 1296 2500 Run-

191 2541 300 2606 dulfus
315 2537 472 2604 concessit
486 2546 521 2602 et
535 2538 739 2605 confirmauit
753 2538 816 2624 ipsi
831 2539 987 2604 Geruasio
1007 2561 1118 2604 omnes
1138 2548 1238 2605 terras
1261 2550 1295 2604 et

191 2644 405 2731 possessiones
434 2664 515 2729 quas
542 2641 629 2707 idem
659 2642 719 2707 (Ἡ
744 2644 853 2708 tenuit
882 2643 923 2709 de
949 2644 1033 2709 dono
1056 2646 1214 2711 Willelmi
1239 2646 1296 2711 nui

191 2746 329 2833 predicti
352 2745 506 2810 Rsndulfi
528 2754 563 2811 et
585 2746 716 2811 Ricardi
738 2746 840 2832 patris
860 2746 962 2832 ipsius
986 2747 1138 2813 Randulfi
1161 2750 1196 2815 in
1220 2749 1294 2816 Shi-

192 2849 344 2935 ringtona
372 2856 408 2912 et
436 2855 584 2933 preterea
612 2846 704 2912 dedit
732 2847 837 2913 eidem
866 2848 1022 2913 Geruasio
1045 2873 1075 2915 x.
1100 2873 1162 2916 ncr.
1188 2852 1294 2917 terre'

110 3027 115 3036 ,
191 2953 280 3019 bosci
304 2975 380 3017 cum
408 2952 560 3038 perchin⁸
584 2952 671 3037 xviij.
697 2951 819 3037 pedum
843 2962 1045 3019 mensuratas
1070 2954 1236 3021 habendas
1259 2966 1294 3021 et

191 3056 350 3122 tenendas
377 3055 441 3121 sibi
472 3064 507 3121 et
536 3056 710 3121 heredibus
735 3056 802 3122 suis
830 3057 885 3121 uel
922 3057 975 3123 cui
1005 3058 1081 3123 dare
1112 3060 1165 3124 uel
1194 3060 1293 3147 assig-

192 3182 270 3241 nare
295 3160 349 3226 uel
379 3159 488 3246 legare
517 3160 658 3225 uoluerit
687 3160 917 3245 inperpetuum
947 3160 1110 3226 reddendo
1133 3162 1209 3227 inde
1238 3184 1295 3229 an·

191 3262 319 3329 nuatim
349 3262 430 3327 duos
459 3261 542 3341 den,
566 3270 602 3327 et
630 3262 851 3327 warantizetio
877 3262 955 3329 cte'.
1000 3264 1172 3329 Proferunt
1193 3266 1295 3331 eciam

191 3372 316 3429 cartam
352 3361 484 3428 Ricnrdi
519 3362 560 3427 de
598 3364 713 3427 Karun
742 3364 845 3450 patris
879 3364 1017 3450 predicti
1049 3366 1202 3433 Rendulfi
1232 3391 1295 3453 quc

192 3476 334 3533 testatur
355 3466 443 3554 quod
471 3466 564 3532 dedit
593 3490 651 3553 pro
674 3467 744 3547 dec,
769 3468 889 3535 decet
914 3470 1048 3535 ecclesie
1072 3472 1104 3537 S.
1129 3472 1231 3539 Mario
1255 3474 1296 3539 de

192 3572 407 3660 Shiringtona
441 3572 485 3637 ed
520 3573 793 3639 sustentationem
824 3573 993 3639 cuiusdam
1027 3575 1187 3662 lampadis
1220 3588 1298 3644 ante

192 3675 295 3741 altere
316 3674 490 3740 seruicium
505 3674 570 3761 viij.
586 3675 657 3741 den
673 3698 754 3763 quos
773 3677 948 3743 Geruasius
969 3679 1068 3745 freter
1081 3680 1224 3747 eiusdem
1241 3682 1298 3747 Ri-

195 3780 283 3847 cardi
294 3780 326 3845 ei
337 3780 436 3845 debet
446 3801 505 3865 per
515 3802 637 3844 annum
648 3802 706 3865 pro
717 3789 804 3845 terra
817 3780 852 3845 in
865 3781 1057 3848 Chirintone
1070 3807 1168 3870 quam
1184 3786 1300 3851 habuit

194 3885 235 3951 de
249 3885 333 3950 dono
348 3884 505 3950 willelmi
519 3885 622 3970 petris
636 3884 774 3971 predicti
789 3885 919 3951 Ricardi
934 3894 969 3951 et
983 3888 1172 3954 wamntizat
1187 3899 1247 3955 etc.

228 4090 238 4123 ¹
255 4090 328 4140 (torr.
339 4091 437 4151 dicunt,
449 4090 481 4139 Β.
804 4092 817 4189 ἰ
833 4093 1014 4173 Supplynnnr,
1025 4096 1057 4147 Β.

871 4174 942 4209 rucei

228 4156 239 4187 ¹
257 4155 355 4219 Supply
365 4156 444 4213 dedit,
457 4156 488 4205 Β.
834 4161 870 4208 Ge
943 4176 980 4219 nr,
993 4160 1023 4211 Β.

228 4220 240 4254 ⁸
257 4220 356 4284 snpply
365 4223 416 4282 cni,
429 4221 461 4270 Β.
805 4222 816 4255 ⁷
833 4224 891 4273 Om.
904 4232 976 4282 terre,
988 4226 1035 4279 Β.,

229 4284 292 4335 *Aa
308 4290 335 4336 to
352 4300 368 4335 n
384 4284 525 4337 limitation
541 4286 570 4335 oi
589 4286 643 4336 this
658 4286 724 4337 kind
806 4288 816 4320 ⁸
829 4292 937 4351 pertica,
951 4290 982 4339 B.
1001 4290 1002 4295 ’

197 4350 305 4465 ῗωωιὲιε
325 4350 483 4401 remarkable
505 4364 612 4413 passage
635 4352 662 4401 in
679 4354 723 4403 Br.
807 4353 858 4401 ’er
869 4354 930 4403 ποειτ’
941 4364 996 4416 etc„
1010 4354 1040 4405 Β.

286 4532 321 4579 Μ.
