3342 5217
333 394 397 487 40¹
518 436 646 485 1111111
667 434 740 485 ann
762 434 912 495 11111111,
933 434 998 484 an.
1023 421 1116 497 1219,
1139 436 1202 485 aa
1225 424 1253 486 3.

332 632 407 673 eum
436 608 644 697 pertinenciis
673 606 708 672 in
735 606 930 691 Wakerlega
958 605 1012 669 die
1042 614 1101 670 ete.
1128 615 1163 671 et
1189 607 1220 670 si
1246 615 1316 683 etc,
1342 628 1439 691 quam

334 722 453 777 tenum
483 712 618 777 Matillis
644 711 684 776 de
711 710 880 775 Lanmale¹
905 710 1021 786 tenuit,
1045 732 1109 795 que
1135 710 1227 774 uenit
1251 718 1285 774 et
1309 710 1441 775 uocauit

333 814 376 880 ad
404 823 584 879 warantum
613 813 689 878 inde
718 812 896 877 Hawisiam
922 811 1023 876 filiam
1050 821 1084 876 et
1107 811 1259 877 heredem
1282 813 1441 877 Willelmi

334 917 375 983 de
396 917 549 981 Lanmale
569 915 629 980 filii
647 914 811 981 willelmi.
859 914 903 977 Et
923 912 1095 982 Hubertus
1114 913 1155 977 de
1174 914 1283 1000 Burgo
1297 902 1440 979 iusticia-

335 1018 402 1083 rius
427 1028 535 1083 custos
561 1016 706 1081 eiusdem
733 1014 892 1080 Hewisie’
915 1014 1009 1079 uenit
1029 1037 1104 1078 eum
1130 1037 1169 1079 ea
1194 1023 1229 1079 et
1251 1015 1332 1080 dicit
1355 1015 1441 1101 quod

334 1120 518 1185 Willelmus
536 1119 577 1184 de
592 1118 768 1203 Lanmaley
786 1139 869 1181 auus
887 1116 988 1203 ipsius
1003 1116 1145 1180 Hawisie
1160 1117 1242 1182 obiit
1256 1117 1386 1183 seisitus
1400 1118 1441 1184 de

335 1231 422 1288 terra
440 1223 504 1298 illa,
519 1230 553 1286 et
573 1221 757 1286 Willehnus
776 1228 870 1306 pater
890 1242 969 1284 suus
990 1227 1064 1304 post
1085 1242 1161 1283 eum
1183 1220 1300 1285 habuit
1322 1231 1441 1287 terram

335 1326 425 1391 illam
440 1333 474 1389 et
488 1324 563 1389 inde
579 1324 660 1388 obiit
675 1323 804 1387 seisitus
820 1332 854 1386 et
868 1322 939 1407 ipsa
953 1322 1038 1406 petit
1053 1330 1175 1387 etatem
1190 1345 1290 1387 suern

400 1427 445 1492 Et
474 1427 636 1491 Robertus
664 1424 745 1490 dicit
770 1423 857 1510 quod
882 1446 948 1488 non
973 1424 1073 1488 debet
1099 1433 1222 1488 etatem
1248 1434 1442 1511 exspectare,

336 1534 413 1620 quia
427 1532 589 1598 Robertus
603 1540 697 1617 pater
711 1553 789 1595 suus
808 1529 850 1594 de
871 1529 963 1594 cuius
982 1537 1086 1593 morte
1106 1529 1186 1593 tulit
1205 1530 1345 1606 assisam,
1360 1531 1442 1595 obiit

335 1638 411 1704 inde
435 1637 564 1703 seisitus
589 1645 628 1702 ut
654 1636 694 1701 de
721 1644 807 1699 terra
831 1635 889 1698 illa
917 1657 1015 1719 quam
1041 1635 1225 1700 Willelmus
1253 1658 1335 1700 auus
1364 1658 1442 1700 suus

336 1742 367 1806 ei
390 1740 481 1805 dedit
503 1762 562 1825 pro
585 1737 735 1825 homagio
761 1745 794 1801 et
818 1736 954 1801 seruicio
977 1758 1044 1813 suo,
1068 1738 1242 1802 tenendam
1270 1738 1311 1803 de
1341 1761 1379 1802 eo
1408 1747 1442 1803 et

335 1842 376 1907 de
399 1841 571 1906 heredibus
592 1840 665 1905 suis.
711 1839 875 1903 Defuncto
895 1847 1007 1902 autem
1027 1839 1097 1924 ipso
1111 1840 1263 1917 Roberto,
1278 1840 1442 1927 predictus

337 1946 520 2010 Willelmus
548 1953 667 2008 terram
696 1943 786 2007 illem
820 1943 909 2027 cepit
944 1942 980 2006 in
1016 1965 1150 2008 manum
1186 1967 1280 2009 suem
1315 1945 1441 2009 racione

336 2046 489 2126 custodie,
512 2054 546 2111 et
568 2068 639 2111 eam
663 2046 698 2109 in
721 2045 869 2110 custodie
891 2044 1000 2109 tenuit
1023 2054 1059 2110 et
1082 2046 1163 2111 obiit
1186 2047 1316 2112 seisitus
1338 2057 1377 2111 ut
1400 2047 1441 2112 de

336 2152 490 2227 custodia,
502 2158 536 2214 et
551 2158 624 2234 post
639 2171 714 2213 eum
728 2148 867 2212 intrauit
881 2148 1066 2214 Willelmus
1080 2150 1166 2213 filius
1180 2172 1258 2214 suus
1271 2150 1306 2213 in
1321 2159 1441 2215 terram

337 2257 426 2319 illam
456 2252 568 2317 eodem
598 2251 691 2315 modo
720 2251 847 2315 racione
877 2251 1030 2328 custodie,
1059 2261 1094 2317 et
1122 2253 1205 2318 obiit
1239 2255 1368 2322 seisitus
1403 2267 1441 2323 ut

337 2357 377 2422 de
407 2355 553 2421 custodia
581 2364 616 2418 et
645 2353 717 2418 ideo
746 2353 879 2418 uidetur
907 2354 939 2417 ei
968 2354 1055 2440 quod
1082 2378 1148 2419 non
1184 2348 1296 2422 debet⁴
1318 2366 1441 2424 etatem

335 2467 521 2545 exspectare
532 2456 614 2551 ¹quia
627 2457 747 2521 clamat
762 2465 873 2521 tenere
887 2457 928 2521 de
944 2479 990 2524 ee.

400 2564 445 2628 Et
460 2562 631 2627 Hubertus
645 2560 725 2625 dicit
740 2560 825 2646 quod
841 2561 915 2646 ipse,
925 2561 1046 2626 iniuste
1061 2561 1243 2648 dicitquod
1257 2563 1442 2632 Willelmus

335 2689 417 2733 auus
442 2665 559 2730 habuit
585 2674 704 2729 terram
730 2665 819 2729 illam
844 2665 971 2729 racione
996 2666 1150 2744 custodie,
1174 2668 1251 2753 quia
1274 2676 1361 2734 terra
1385 2671 1442 2736 illa

173 2790 236 2835 Nou
245 2790 323 2828 ulrum
335 2770 459 2834 nullam
474 2769 573 2833 debet
587 2768 766 2832 custodiam
782 2790 820 2831 eo
835 2767 921 2853 quod
936 2768 1000 2832 fuit
1015 2769 1186 2855 socagium
1224 2770 1268 2835 Et
1280 2770 1441 2838 Robertus

172 2843 319 2969 ffifflog
337 2872 416 2937 dicit
442 2871 527 2957 quod
553 2870 651 2935 debet
677 2880 787 2935 tenere
814 2878 934 2935 terram
959 2871 1049 2935 illam
1074 2871 1116 2937 de
1141 2872 1212 2959 ipsa
1238 2874 1382 2939 Hawisia
1407 2883 1441 2940 et

173 2979 309 3062 fflgssg‘ss
336 2973 457 3058 profert
486 2970 648 3057 quandam
673 2978 795 3036 00110111
824 2971 962 3057 predicti
987 2973 1144 3038 Willelmi
1172 2974 1228 3039 aui
1256 2998 1315 3061 per
1343 3000 1441 3063 quam

172 3070 322 3173 gsslssssssllssff
336 3075 505 3140 iusticiarii
535 3074 755 3139 certificentur
783 3074 870 3159 quod
899 3083 985 3139 terra
1010 3075 1068 3140 illa
1092 3077 1155 3141 fuit
1180 3078 1351 3164 socagiurn
1396 3080 1442 3145 Et

171 3163 270 3257 iiiiii?
270 3163 314 3249 111
336 3180 409 3246 ideo
438 3179 673 3245 consideratum
703 3185 753 3243 est
779 3178 865 3263 quod
891 3179 1035 3244 Hanisia
1058 3180 1177 3247 habeat
1201 3190 1324 3247 etatem
1348 3206 1441 3249 suam

172 3258 245 3295 habult
254 3256 292 3295 nul

172 3304 287 3389 cuspium
337 3292 371 3349 et
396 3283 469 3348 ideo
493 3283 654 3347 Robertus
678 3282 746 3345 sine
769 3279 822 3345 die
847 3303 949 3365 usque
975 3281 1017 3347 ed
1043 3289 1165 3347 etatem
1188 3293 1337 3349 suamet
1363 3294 1442 3350 tunc

172 3361 321 3483 {ffifflfss
337 3388 449 3452 ueniet
464 3388 491 3452 si
506 3386 646 3451 uoluerit
662 3394 720 3449 etc.

171 3492 318 3537 ⁸⁰⁰⁸⁸l¹l¹¹⁸l²
401 3492 531 3556 ³Assisa
567 3491 660 3555 uenit
696 3489 901 3575 recognitum
936 3489 964 3553 si
1001 3488 1160 3553 Radulfus
1193 3490 1234 3554 de
1266 3491 1299 3555 la
1332 3493 1442 3558 Roche

198 3539 222 3576 tlt
229 3538 305 3576 iniuste

171 3549 256 3671 111ξὲξῖ
264 3629 324 3670 ,pn
336 3595 517 3661 auunculus
528 3594 647 3679 Rogeri
662 3592 702 3656 de
716 3591 1008 3677 Kinelingeswrthe
1023 3592 1086 3656 fuit
1097 3593 1226 3675 seisitus
1237 3594 1272 3658 in
1283 3595 1443 3662 dominico

171 3678 395 3821 ffiiizigpffisuo
424 3706 463 3763 ut
491 3698 532 3761 de
562 3696 654 3761 feodo
683 3696 723 3760 de
753 3696 793 3761 xl.
824 3696 906 3761 acris
939 3704 1023 3761 terre
1060 3721 1134 3762 cum
1170 3700 1379 3783 pertinenciis
1406 3702 1443 3766 in

170 3824 325 3869 ouommuwr
338 3802 533 3889 Obintinges
548 3808 581 3865 et
596 3800 636 3864 de
647 3800 671 3887 j
689 3799 766 3864 hide
780 3808 865 3864 terre
880 3822 954 3864 cum
972 3801 1180 3885 pertinenciis
1199 3802 1234 3866 in
1250 3804 1389 3888 Eyltona
1408 3814 1443 3869 et

368 4050 378 4083 ¹
394 4049 420 4099 It
432 4048 526 4100 should
536 4048 549 4097 1
560 4048 637 4097 think
648 4048 678 4099 be
688 4050 827 4114 Lauvoley.
913 4047 959 4098 tha
981 4050 1108 4109 daughter
1129 4054 1186 4109 (not
1207 4051 1265 4116 son)
1284 4052 1313 4100 01
1328 4066 1344 4101 a
1360 4051 1444 4102 whole

368 4114 379 4146 ²
395 4114 598 4163 1101013411).
915 4114 992 4163 sister
1002 4115 1054 4163 end
1069 4115 1173 4165 theson
1188 4116 1216 4164 01
1231 4131 1248 4167 a
1262 4116 1442 4167 hall-brother.

368 4178 470 4229 ³Cited
493 4178 526 4241 by
544 4178 667 4236 Braeton,
686 4179 704 4229 l.
727 4179 767 4237 66,
788 4193 817 4227 as
836 4178 865 4227 ol
913 4180 939 4227 It
966 4180 988 4227 is
1015 4180 1071 4228 also
1093 4180 1231 4242 disligured
1258 4181 1275 4229 b
1314 4196 1331 4231 a
1355 4183 1443 4244 stupid

336 4244 439 4307 Trinity
456 4248 522 4293 term
538 4244 605 4293 A.R.
627 4246 650 4301 3,
671 4244 723 4293 and
739 4243 816 4305 again
834 4249 863 4294 at
914 4243 1041 4295 blunder:
1058 4244 1086 4294 in
1103 4245 1163 4294 Rec.
1180 4197 1293 4295 1111101
1308 4248 1333 4308 4,
1346 4249 1440 4308 p.32·2,

335 4308 435 4370 length,
450 4310 468 4359 f.
490 4308 571 4366 2191),
589 4310 645 4357 280.
679 4308 735 4357 The
751 4308 862 4358 citetion
913 4308 966 4357 line
983 4311 1022 4369 15,
1042 4313 1124 4373 neptis
1144 4310 1240 4360 should
1256 4311 1286 4360 ol
1302 4326 1393 4361 course
1412 4312 1443 4362 be

336 4376 358 4422 is
376 4378 422 4423 not
442 4388 502 4434 very
520 4377 617 4423 correct
636 4374 676 4421 lor
698 4374 719 4422 it
737 4388 862 4435 supposes
912 4375 1018 4437 nepotis.

335 4439 393 4488 that
415 4438 459 4487 the
484 4442 647 4499 controversy
669 4452 720 4487 was
748 4438 860 4489 between
