3342 5217
404 402 639 465 monasterus,
661 402 726 453 an.
752 390 845 464 1231,
868 406 931 455 nu
956 395 1092 460 15-16.
1234 400 1297 462 499

191 577 271 641 iuris
286 578 405 647 clamet
419 577 455 643 in
469 577 683 646 aduocecione
697 579 916 664 predictarum
929 582 1135 649 ecclesiarum
1146 592 1181 649 ct
1192 584 1300 651 iurata

190 690 363 748 remaneat.
410 682 453 746 Et
469 682 638 749 Enuiceda
652 683 692 751 de
708 682 818 751 Bidun
833 693 868 749 et
882 684 1045 751 Robertus
1059 686 1146 753 filius
1161 688 1299 755 Galfridi

190 785 363 870 participes
386 785 542 851 heredum
565 784 703 873 predicti
723 787 901 853 Johannis¹
923 801 1192 856 summoueantur
1211 793 1297 878 quod

189 888 257 953 sint
271 889 312 953 sd
327 890 467 955 eundem
482 891 569 956 diem
583 892 626 957 ad
640 892 898 978 cognoscendum
913 892 993 978 quid
1007 893 1087 959 iuris
1100 895 1243 960 clamant
1263 896 1297 960 in

190 993 344 1078 predictis
359 995 500 1060 ecclesiis
515 996 568 1059 uel
584 996 611 1061 si
626 996 705 1082 quid
720 996 799 1061 iuris
814 1004 873 1061 eta

131 1158 137 1169 ,
256 1096 440 1163 Willelmus
454 1098 495 1163 de
516 1098 548 1163 la
565 1099 655 1163 Mare
674 1098 881 1165 athachiatus
896 1099 960 1163 fuit
979 1099 1022 1165 ad
1039 1100 1297 1185 respondendum
1375 1127 1401 1155 en

190 1198 316 1265 Simoni
335 1200 376 1265 de
395 1201 619 1267 Chelefeuldin
632 1225 731 1288 quare
751 1210 882 1267 secutus
900 1211 951 1268 θεὴ
972 1204 1130 1289 placitum
1152 1206 1187 1270 in
1209 1206 1300 1274 curia
1409 1209 1414 1219 '

189 1304 413 1369 cristianitatis
428 1304 469 1371 de
491 1306 616 1370 catallis
631 1328 694 1393 que
716 1329 782 1371 non
801 1315 879 1371 sunt
899 1316 960 1372 etc.
974 1316 1088 1373 contra
1105 1307 1297 1393 prohibicio-

189 1430 274 1487 nem,
296 1417 330 1473 et
359 1408 446 1474 unde
476 1409 562 1474 idem
594 1410 708 1475 Simon
732 1410 882 1495 queritur
910 1410 997 1496 quod
1025 1411 1127 1478 traxit
1157 1433 1233 1477 eum
1261 1411 1298 1476 in

188 1512 346 1597 placitum
373 1512 408 1577 in
433 1512 523 1577 curia
546 1512 770 1578 cristianitatis
793 1512 834 1579 de
859 1536 925 1579 uuo
950 1511 1058 1579 tasso'
1082 1512 1172 1578 bladi
1197 1513 1298 1598 precii

188 1640 262 1680 xxx.
278 1640 373 1682 marc.
390 1617 450 1681 ut⁸
465 1616 679 1683 deterioratus
702 1624 752 1681 est
773 1626 833 1681 etc.
851 1624 886 1681 et
907 1616 983 1682 inde
1004 1616 1154 1702 producit
1175 1624 1296 1683 sectam

187 1741 252 1805 que
267 1719 453 1785 examinate
467 1728 517 1785 est
532 1728 566 1784 et
581 1742 645 1783 non
661 1727 710 1783 est
725 1719 897 1784 sufficiens.

254 1823 298 1887 Et
328 1824 440 1889 Simon
470 1824 564 1889 uenit
592 1831 627 1887 et
656 1821 802 1888 defendit
832 1832 946 1887 contra
973 1822 1081 1907 ipsum
1111 1830 1146 1887 et
1174 1831 1296 1889 sectam

187 1948 279 1990 susm
306 1927 391 2012 quod
415 1948 582 2011 nunquam
605 1933 678 2011 post
703 1924 959 2008 prohibicionem
980 1923 1188 2010 inplacitauit
1210 1949 1297 2002 eum,

186 2035 238 2092 set
257 2050 371 2094 reuera
394 2028 434 2093 de
454 2028 617 2094 communi
641 2050 796 2093 consensu
818 2036 888 2093 tam
910 2027 1012 2113 ipsius
1035 2026 1177 2093 Simonis
1196 2052 1294 2113 quam

187 2129 350 2195 Willelmi·
359 2130 648 2216 compromiserunt
662 2151 696 2195 se
711 2130 747 2194 in
766 2129 906 2194 arbitros
928 2138 963 2194 et
982 2152 1023 2194 ex
1044 2138 1183 2215 utraque
1202 2138 1295 2215 parte

186 2232 415 2298 renunciatum
444 2232 508 2297 fuit
534 2231 595 2296 fori
620 2231 810 2319 privilegio⁴
836 2241 872 2296 et
890 2231 966 2298 inde
991 2231 1114 2317 profert
1139 2231 1294 2317 quosdam
1349 2220 1353 2227 ¹

187 2337 298 2402 literas
326 2346 476 2423 patentes
502 2336 605 2423 ipsius
628 2337 769 2403 Simonis
791 2359 855 2421 que
877 2336 938 2401 hoc
956 2343 1129 2412 testantur,
1151 2343 1186 2399 et
1207 2335 1294 2400 unde

186 2440 267 2506 dicit
289 2441 375 2528 quod
397 2442 424 2505 si
446 2441 536 2507 curis
557 2441 649 2507 Dom.
669 2441 769 2528 Regis
791 2441 986 2507 indicauerit
1008 2440 1094 2527 quod
1116 2442 1209 2527 sequi
1229 2464 1295 2507 non

186 2544 287 2631 possit
303 2544 338 2608 in
352 2544 442 2609 curia
456 2542 679 2609 cristianitatis
694 2566 759 2608 non
773 2551 929 2629 sequetur
942 2543 983 2608 de
998 2553 1113 2609 cetero.
1159 2545 1203 2609 Et
1218 2544 1296 2630 quia

186 2656 276 2713 secta
298 2670 362 2711 non
388 2654 438 2712 cst
461 2647 624 2711 sufficiens
648 2646 895 2713 Considerotum
923 2657 973 2712 est
998 2647 1086 2734 quod
1111 2647 1295 2713 Willelmus

186 2750 262 2817 indc
291 2750 360 2815 sine
389 2750 443 2815 die
472 2758 506 2815 θὴ
537 2750 650 2816 Simon
678 2750 714 2815 in
743 2749 967 2817 misericordia
1013 2751 1058 2815 Et
1092 2751 1293 2836 prohibitum

186 2864 236 2921 θεὴ
251 2863 311 2919 θὴθ.

122 3018 129 3032 ,
251 2956 408 3022 Ricardns
429 2956 482 3021 del
504 2956 575 3021 Hul
596 2956 695 3043 petiit
717 2980 830 3023 uersus
851 2958 1025 3025 Isabellam
1048 2981 1112 3044 que
1127 2959 1191 3023 fuit
1212 2982 1294 3025 uxor
1405 3009 1411 3021 .

185 3060 346 3127 Gileberti
359 3059 400 3124 de
415 3058 577 3124 Teffordio
590 3059 655 3144 viij.
668 3059 723 3125 sol.
735 3059 882 3124 redditus
896 3082 971 3125 cum
980 3068 1063 3145 pert.
1074 3060 1109 3125 in
1124 3060 1293 3137 Teffordia‚

185 3174 220 3229 et
242 3186 355 3229 uersus
377 3164 595 3251 Margaretam
618 3164 718 3229 filiam
741 3186 833 3229 susm
851 3163 875 3248 j.
891 3164 1096 3251 mesuagium
1115 3186 1190 3228 cum
1210 3176 1291 3250 pert.

184 3270 220 3333 in
235 3266 349 3335 eadem
364 3266 444 3335 uilla
458 3274 497 3331 ut
516 3266 567 3332 ius
586 3290 682 3333 suum
705 3275 739 3332 et
761 3267 796 3331 in
811 3264 930 3352 quem⁶
944 3288 1010 3332 non
1032 3266 1149 3331 habuit
1170 3267 1292 3353 ingres·

183 3393 257 3435 sum
279 3369 343 3435 nisi
364 3391 422 3454 per
444 3369 663 3455 Reginaldum
686 3378 811 3455 patrem
834 3369 937 3454 ipsius
958 3368 1090 3433 Ricardi
1104 3368 1162 3454 qui
1183 3369 1240 3433 illa
1260 3369 1292 3435 ei

183 3473 309 3541 dimisit
332 3472 374 3539 ad
405 3472 582 3539 terminum
605 3473 661 3560 qui
680 3471 685 3560 Ι
705 3472 862 3559 preteriit
908 3473 952 3537 Et
974 3472 1116 3538 Isabella
1141 3472 1234 3536 uenit
1257 3481 1292 3537 et

183 3578 268 3645 dixit
297 3576 383 3664 quod
407 3577 572 3662 predictus
597 3577 798 3664 Reginaldus
820 3574 967 3641 feoffauit
988 3597 1061 3639 eam
1083 3574 1124 3638 de
1146 3575 1292 3661 predicta

183 3691 271 3747 terra
292 3688 327 3745 et
349 3678 515 3765 mesuagio
536 3688 571 3744 et
594 3702 659 3745 uon
681 3678 806 3747 dimisit
827 3702 868 3744 ea
892 3677 935 3742 ad
958 3677 1135 3741 terminum
1159 3685 1193 3741 et
1214 3678 1290 3743 inde

183 3783 293 3870 posuit
308 3805 341 3847 se
357 3804 454 3867 super
467 3781 615 3867 patriam.
660 3782 704 3846 Et
719 3780 878 3846 Ricardus
895 3779 1052 3843 similiter.
1098 3780 1142 3843 Et
1157 3779 1289 3845 manda

183 3898 257 3953 tum
283 3886 347 3953 fuit
373 3886 556 3951 uicecomiti
585 3886 672 3971 quod
701 3886 821 3951 feceret
847 3883 1101 3970 inquisicionem.
1148 3884 1192 3948 Et
1220 3884 1290 3970 ipse

183 3991 274 4057 misit
305 3988 551 4075 inquisicionem
583 3988 673 4053 illam
710 3994 769 4051 etc
799 4008 864 4071 que
890 3986 967 4049 talis
1004 3993 1064 4063 est,
1098 3985 1184 4070 quod
1217 4008 1290 4071 pre-

182 4094 290 4161 dictus
319 4090 519 4179 Regiueldus
547 4090 639 4158 dedit
662 4089 826 4155 redditum
849 4090 942 4154 illum
965 4099 999 4155 ct
1023 4090 1225 4176 mesuagium
1255 4091 1289 4155 in

215 4294 291 4345 ιΒθθ
321 4292 440 4351 Boberts.
471 4294 574 4345 aalma.
606 4296 708 4345 Generi.
792 4293 980 4343 ³Corr.unde.

181 4376 206 4424 p.
214 4362 263 4475 ᾖ
274 4358 371 4475 {pcrkthc
381 4358 507 4422 pedigree.
792 4360 803 4454 ἒ
819 4357 894 4472 &pcto
906 4357 960 4406 this
972 4372 1012 4406 see
1024 4357 1067 4407 Br.
1079 4358 1098 4405 1.
1110 4359 1168 4406 408.

1095 4526 1201 4586 32—2
