3342 5217
507 467 656 528 rnrmrr,
678 466 741 516 su.
766 453 860 528 1222,
881 468 942 517 aa
967 455 995 518 6.
1236 453 1298 520 167

205 642 356 728 legalium
377 641 544 706 hominum
566 648 600 705 et
620 640 893 727 appreciacionem
907 640 997 707 illam
1012 642 1153 707 habeant
1167 650 1226 708 etc
1243 664 1301 727 per

203 746 315 812 literas
343 767 418 810 suaa
448 744 605 830 sigillatas
635 751 669 808 et
698 765 756 829 per
784 745 866 808 duos
890 743 974 831 lcg'¹.
1019 744 1072 809 Ad
1098 745 1184 810 diem
1208 745 1301 810 illum

202 850 381 914 uiceoomcs
398 849 566 913 mandauit
586 849 829 935 inquisicionem
851 872 914 935 qua
937 850 1010 914 talis
1033 850 1190 936 estquod
1212 872 1302 914 man·

203 953 307 1017 crium
323 951 363 1016 da
379 951 572 1037 Paylintona
586 951 675 1015 ualet
689 951 789 1037 xxiiij.
806 951 875 1015 libr.
892 951 945 1037 vij.
960 974 983 1016 a
998 951 1042 1036 iij.
1059 951 1104 1016 d.¹

78 1057 152 1119 noh
268 1052 429 1140 ³Rogerus
450 1053 490 1117 de
512 1053 627 1138 Cressy
641 1061 676 1116 ct
697 1052 838 1118 Isabella
854 1075 935 1116 uxor
948 1053 1018 1117 eius
1031 1075 1089 1139 per
1103 1061 1303 1118 attornatum
1361 1067 1416 1106 ssuc-

204 1178 300 1220 suum
323 1162 441 1241 petunt
464 1177 578 1220 uersus
601 1154 794 1220 Matillidem
825 1154 866 1220 de
890 1155 992 1240 Lascy
1015 1155 1147 1220 terciam
1177 1163 1303 1240 partem

204 1260 283 1324 uilla
298 1259 338 1323 de
355 1260 510 1323 Hantona
524 1281 598 1324 cum
619 1258 826 1344 pertinenciis
850 1267 889 1322 ut
908 1258 1019 1323 dotem
1042 1259 1143 1345 ipsius
1165 1259 1304 1324 isabella

204 1363 291 1428 unde
308 1363 483 1428 Gaufridus
498 1363 539 1427 de
556 1363 682 1428 Oestria
697 1363 858 1448 quondam
872 1362 925 1427 uir
938 1385 1016 1428 suus
1030 1372 1090 1428 etc.
1102 1363 1165 1428 fuit
1175 1363 1305 1428 saisitus

204 1475 376 1553 postquam
401 1489 472 1530 cam
497 1466 705 1552 desponsauit
730 1474 764 1530 ct
788 1466 869 1530 obiit
893 1466 969 1531 inde
989 1467 1118 1531 saisitus
1137 1476 1172 1531 ct
1190 1467 1305 1531 debuit

205 1579 292 1634 terra
311 1570 368 1634 illa
389 1569 580 1634 descendero
602 1569 707 1634 cidem
731 1570 868 1634 Isabellc
889 1578 962 1656 post
989 1579 1127 1636 mortem
1156 1571 1337 1668 Gaufridite
1318 1582 1351 1620 No
1338 1584 1410 1630 occu
1396 1582 1438 1621 uod

204 1673 269 1736 uiri
282 1673 334 1737 sui
347 1673 382 1736 in
397 1673 513 1737 dotem.
1316 1633 1466 1769 ιᾷώᾱωω,

271 1776 315 1840 Et
338 1776 408 1840 Mat
409 1775 472 1840 illis
499 1775 591 1840 uouit
614 1785 648 1840 et
671 1776 756 1862 petit
782 1776 844 1840 sibi
874 1777 1003 1840 allocari
1033 1777 1157 1862 quod
1147 1777 1211 1862 ipsi
1240 1733 1465 1864 noniilwffl

205 1880 318 1945 dicunt
342 1879 428 1965 quod
451 1879 625 1944 Gaufridus
648 1902 720 1944 cam
744 1880 819 1944 inde
846 1879 973 1944 dotauit
995 1880 1048 1944 die
1072 1903 1138 1966 qua
1156 1902 1228 1944 eam
1249 1880 1304 1945 de·
1318 1863 1458 1958 quihmnih‘i

204 1980 371 2066 sponsauit
386 2003 444 2044 nec
459 1980 560 2045 eciam
575 1981 717 2066 aliquam
731 1989 853 2046 sectam
867 1980 1015 2067 producit
1032 1981 1141 2067 quod
1132 1991 1180 2046 1ta
1190 1981 1305 2046 dotata
1317 1913 1452 2088 Ξῖέἓὶιὲιί

205 2093 291 2148 esset
305 2093 339 2147 et
353 2083 428 2148 iude
443 2085 528 2169 petit
542 2085 699 2149 iudicium
715 2095 748 2150 et
765 2085 910 2172 Rogems
925 2095 960 2150 et
975 2086 1128 2150 Ysabella
1147 2086 1260 2150 similit
1247 2095 1345 2150 tcr.⁰
1317 2059 1441 2135 dmm

206 2188 251 2251 Et
271 2187 348 2273 quia
366 2187 428 2273 ipsi
447 2189 592 2275 Rogcrus
607 2198 640 2253 et
655 2190 808 2254 Ysabella
822 2213 887 2254 non
901 2191 1015 2254 dicunt
1031 2190 1116 2276 quod
1132 2189 1306 2254 Gaufridus

206 2311 279 2352 eam
294 2289 421 2354 dotauit
436 2299 494 2355 etc.
517 2314 575 2355 nec
596 2291 737 2377 aliquam
756 2300 878 2357 sectam
898 2293 1080 2378 producunt
1099 2291 1104 2377 Ι
1124 2292 1209 2378 quod
1230 2292 1306 2357 inde
1364 2294 1414 2344 [Μ]

206 2395 321 2458 dotata
349 2393 412 2458 fuit
441 2395 540 2459 immo
570 2407 765 2481 cognoscunt
794 2407 907 2482 postea
936 2398 1021 2482 quod
1049 2419 1113 2460 non
1142 2397 1205 2461 fuit
1230 2397 1306 2462 inde

206 2497 322 2562 dotata
343 2497 590 2564 Consideratum
612 2508 662 2564 est
685 2499 768 2586 quod
799 2501 936 2566 Matillis
965 2509 1019 2566 eat
1041 2501 1117 2566 inde
1139 2501 1251 2587 quieta
1272 2510 1307 2566 et

207 2602 354 2688 Rogerus
369 2603 403 2666 in
419 2602 640 2668 misericordia

130 2714 155 2774 ⁹.
271 2703 398 2769 ⁶Aasisa
419 2705 511 2770 uenit
533 2706 737 2792 recognitum
758 2706 830 2791 quis
853 2707 1029 2772 educentur
1051 2716 1196 2793 tempore
1218 2707 1307 2794 pacis
1354 2722 1429 2762 Nortt-

205 2810 408 2895 presentauit
423 2809 573 2874 ultimam
588 2832 755 2895 personam
774 2831 838 2896 quc
859 2820 986 2874 mortua
1005 2819 1055 2875 est
1078 2811 1120 2876 ad
1141 2812 1307 2876 ecclesiam

206 2911 248 2976 de
264 2912 386 2976 Estona
401 2935 464 2998 que
480 2921 575 2976 uacat
590 2920 629 2977 ut
644 2913 763 2976 dicitur
777 2913 869 2978 ouius
886 2913 1132 2978 aduocacionem
1142 2914 1308 2978 Johannes

206 3014 349 3080 Joscelin
379 3015 498 3080 clamat
527 3037 639 3079 narsus
662 3015 803 3079 Priorem
827 3015 867 3079 dc
890 3015 1116 3080 Chaucumba⁸
1137 3015 1194 3101 qui
1215 3017 1308 3081 uenit

206 3141 265 3205 per
280 3127 480 3183 attomatum
496 3140 590 3182 sunm
607 3126 641 3182 et
656 3117 735 3182 dicit
756 3117 842 3203 quod
862 3140 927 3182 non
947 3117 1044 3182 debet
1064 3118 1106 3182 ad
1127 3119 1187 3183 hoc
1208 3119 1307 3185 breue

205 3222 398 3307 respondere
414 3222 490 3306 quia
504 3221 638 3286 ccclesia
656 3243 720 3285 non
742 3231 838 3286 uacat
857 3223 956 3287 immo
976 3223 1132 3308 Magister
1146 3223 1252 3287 Adam
1267 3223 1308 3289 de

206 3327 241 3392 S.
257 3325 391 3412 Brigida
410 3335 460 3390 est
479 3325 555 3389 inde
573 3348 708 3411 persona
722 3333 756 3390 et
772 3326 835 3390 fuit
851 3334 927 3389 ante
942 3348 1092 3412 guerram
1107 3335 1165 3391 etc.
1183 3335 1217 3391 et
1231 3326 1308 3391 inda

205 3429 294 3517 petit
327 3430 483 3494 iudicium
513 3439 571 3494 etc.
602 3438 636 3494 et
665 3431 830 3495 Johannes
860 3430 939 3495 dicit
968 3429 1055 3515 quod
1084 3431 1153 3516 ipse
1183 3431 1247 3495 fuit
1273 3431 1308 3495 in

205 3531 355 3598 custodia
369 3531 524 3596 Willelmi
539 3532 579 3597 de
594 3532 743 3596 Dustona
757 3540 791 3596 et
811 3531 898 3596 idern
913 3532 1096 3596 Willelmus
1110 3533 1309 3617 presentauit

206 3634 360 3702 clericum
376 3656 471 3698 suum
486 3635 614 3698 nomine
630 3634 774 3698 eiusdem
791 3634 813 3698 J
815 3633 951 3698 ohannis
970 3643 1005 3698 et
1024 3634 1110 3698 idem
1130 3634 1219 3699 Prior
1238 3657 1309 3720 pre·

207 3737 354 3804 sentauit
369 3736 519 3800 clericum
535 3759 630 3801 suum
642 3735 689 3799 ita
698 3736 784 3820 quod
795 3758 852 3820 pro
863 3736 1020 3800 discordia
1030 3737 1115 3801 inter
1126 3759 1179 3802 cos
1190 3747 1225 3801 et
1236 3760 1309 3802 con-

207 3841 359 3906 tencione
374 3841 402 3904 si
416 3841 582 3926 episcopus
597 3839 720 3924 aliquid
731 3839 808 3904 fecit
823 3839 883 3904 hoc
898 3840 962 3904 fuit
976 3840 1169 3905 auctoritate
1185 3841 1311 3907 concilii

207 3942 436 4008 Laterancnsis
451 3951 509 4006 etc.
548 3943 590 4005 Et
606 3941 695 4005 Prior
710 3943 769 4006 hoc
784 3942 946 4027 cognoscit
961 3951 995 4006 et
1010 3942 1082 4007 ideo
1097 3943 1295 4028 respondeat.

243 4095 252 4127 ¹
270 4101 294 4144 et
303 4111 350 4158 per
361 4096 420 4143 duos
432 4101 489 4149 etc..
501 4094 531 4142 B.
788 4093 842 4142 this
864 4093 924 4142 date
940 4093 1047 4143 entitled
1066 4099 1093 4143 to
1110 4109 1126 4143 a
1142 4092 1213 4142 third
1232 4094 1261 4143 of
1275 4095 1311 4144 cll

243 4161 293 4210 ²A
309 4160 449 4223 postscript
465 4160 532 4207 from
554 4159 645 4222 Hilary
662 4163 735 4208 term.
788 4159 864 4208 lands
886 4159 914 4207 of
939 4159 1023 4207 which
1044 4159 1090 4208 har
1116 4159 1236 4208 husband
1258 4175 1310 4209 was

210 4227 267 4276 The
288 4226 362 4274 value
381 4225 411 4274 of
430 4224 474 4272 thc
492 4223 565 4273 other
586 4239 692 4273 mauors
714 4224 737 4272 is
788 4224 870 4320 sci⁵sed
882 4224 976 4286 during
987 4223 1032 4274 the
1043 4228 1180 4274 covertura.

209 4290 385 4406 gsgeffirnmpb·
820 4289 997 4403 ⁶dhii1bdhb
1018 4368 1048 4403 or
1070 4353 1197 4405 Saucomb
1213 4354 1311 4416 Priorp¹

243 4423 294 4470 *Δ
316 4419 386 4470 word
402 4434 461 4482 may
477 4419 538 4468 here
558 4418 589 4468 ba
605 4419 668 4474 lost;
692 4419 738 4468 but
788 4417 1106 4481 Monaat.vol.6.p.426.

211 4487 224 4536 1
242 4486 321 4536 think
341 4489 397 4534 not.
431 4483 485 4534 The
501 4483 589 4533 widow
605 4484 628 4532 is
647 4487 694 4533 not
711 4489 738 4532 ct
