3342 5217
356 304 420 389 §72
561 320 888 387 ⁸incuriosius,nn.
914 307 1007 385 1232,
1029 319 1092 371 nu
1118 302 1254 375 16-17.

353 501 447 560 tenet
469 495 626 581 placitum
648 495 684 559 in
704 493 795 559 curin
815 492 1049 559 cristianitatis¹
1063 490 1104 557 de
1126 492 1217 578 leyco
1242 489 1335 555 feodo
1360 490 1463 577 ipsius

353 595 484 661 Rcdulfi
499 598 535 661 in
549 596 811 663 Dikeleswurthe
825 604 939 661 contra
952 604 1014 673 otc„
1051 595 1096 659 Et
1110 592 1264 659 officium¹
1280 614 1347 659 non
1361 592 1464 669 uenit,

219 730 223 737 ·
353 708 390 765 et
410 699 590 765 uicecomes
611 700 784 765 mandauit
797 699 884 786 quod
901 700 1037 765 clericus
1057 706 1108 764 est
1129 706 1165 763 et
1186 720 1252 763 non
1272 697 1374 763 habet
1396 697 1464 783 lay·
1508 758 1513 767 .

354 824 429 869 eum
457 800 589 867 feodum
617 824 677 888 per
705 801 792 888 quod
820 802 973 889 distringi
1002 809 1118 888 potest.
1163 801 1208 865 Et
1236 800 1310 865 ideo
1335 799 1466 865 mund’²

355 905 514 992 Episcopo
529 904 729 971 Norwicensi
743 904 830 991 quod
845 905 943 970 faciat
958 925 1034 971 eum
1049 904 1162 970 uenire
1176 905 1212 969 in
1228 904 1299 971 Oct
1314 903 1398 969 etc„⁸

298 1057 305 1072 .
419 1007 622 1073 ‘Joscelinus
650 1006 880 1072 Buthoniensis
903 1007 1081 1093 Episcopus
1104 1008 1228 1093 optulit
1247 1024 1282 1072 se
1304 1006 1385 1093 iiijP.
1408 1006 1463 1071 die

301 1196 307 1209 Ι
355 1134 468 1177 uersus
489 1112 647 1177 Thomum
674 1111 818 1177 Priorem
849 1111 1101 1177 Bathonieusem
1125 1110 1168 1177 de
1191 1111 1311 1197 placito
1331 1132 1384 1177 xz
1407 1110 1462 1175 soi

354 1216 501 1283 redditus
516 1214 974 1281 etcoc.crunnocoru1n⁸sclis
987 1216 1023 1280 in
1039 1214 1212 1302 Kyhauen'
1225 1214 1261 1279 in
1276 1236 1356 1280 oom.
1366 1213 1462 1279 Suht

355 1328 391 1389 et
405 1318 446 1385 de
459 1318 580 1405 placito
594 1318 683 1406 quod
704 1318 820 1384 reddat
842 1318 873 1384 ei
895 1318 1009 1385 uillam
1031 1318 1073 1383 dc
1090 1318 1272 1383 Lincumbu
1292 1338 1368 1383 cum
1381 1324 1465 1403 pert

340 1432 392 1490 et
420 1424 534 1489 uillam
563 1422 605 1489 de
634 1422 740 1489 Forde
767 1430 804 1489 et
833 1445 933 1487 unam
963 1444 1064 1488 curuo
1095 1430 1182 1488 tene
1211 1442 1286 1488 cum
1315 1431 1398 1508 pert
1429 1422 1465 1486 in

355 1526 546 1611 Hamptonu
560 1533 595 1590 et
610 1526 723 1590 nillum
743 1523 926 1591 Glouernn‘
941 1546 1016 1591 cum
1037 1532 1119 1611 pert.
1134 1524 1170 1589 in
1192 1548 1270 1590 com
1286 1524 1464 1591 sumerset

354 1651 419 1716 que
441 1630 560 1695 clamat
581 1628 671 1695 esse*
694 1630 829 1695 ecclesie
850 1650 917 1706 sue,
939 1629 1031 1694 etin
1054 1650 1153 1715 quom
1172 1627 1260 1693 idem
1283 1627 1376 1693 Prior
1397 1650 1463 1693 non

354 1731 456 1797 habet
477 1731 659 1819 ingressum
676 1731 740 1797 nisi
761 1754 820 1817 per
842 1730 1081 1817 predecessores
1101 1730 1205 1817 ipsius
1227 1730 1380 1817 Episcopi
1403 1739 1464 1797 etc

354 1835 412 1922 qui
433 1843 536 1901 terras
549 1835 711 1921 predictas
730 1843 766 1901 et
785 1834 950 1900 redditum
969 1834 1164 1899 dimiserunt
1186 1834 1463 1921 predecessoribus

355 1937 493 2023 predicti
522 1937 641 2002 Prioris
669 1937 740 2002 sine
768 1959 902 2003 escensu
927 1936 1065 2023 capituli
1090 1936 1263 2003 wellensis
1292 1937 1374 2003 cte'
1418 1938 1463 2003 Et

355 2039 475 2126 primo⁹
488 2063 554 2105 non
568 2039 672 2117 uenit,
687 2046 739 2105 set
752 2038 833 2104 ulios
844 2040 923 2105 fecit
936 2038 1018 2104 duos
1032 2044 1214 2103 attornatos
1228 2060 1366 2125 quorum
1377 2059 1462 2105 unus

355 2166 442 2208 nunc
463 2165 499 2208 se
520 2144 669 2221 ussoniat,
690 2149 726 2207 et
747 2142 832 2206 alter
853 2161 919 2206 nou
942 2142 1124 2227 comparuit
1149 2164 1209 2207 nec
1230 2164 1265 2207 se
1286 2143 1462 2209 essonieuit

356 2250 427 2320 etc,
442 2249 476 2306 et
491 2242 588 2307 datus
602 2242 667 2307 fuit
682 2240 713 2305 ei
727 2239 799 2327 dies
811 2239 848 2305 in
861 2240 973 2305 bunco.
1018 2240 1062 2305 Et
1076 2239 1149 2305 ideo
1164 2250 1251 2306 terre
1265 2250 1301 2306 et
1314 2240 1462 2307 redditus

356 2344 527 2431 capiantur
551 2344 587 2409 in
616 2366 749 2409 monum
780 2343 875 2409 Dom.
899 2344 1000 2430 Regis
1029 2366 1088 2430 per
1116 2344 1281 2425 defaltum,
1310 2352 1344 2411 et
1373 2345 1463 2410 Prior

354 2454 600 2522 summoneatur
614 2447 703 2533 quod
716 2444 761 2511 sit
774 2469 795 2513 a
808 2446 862 2512 die
877 2454 939 2513 etc
947 2445 970 2479 ¹⁰

420 2550 442 2584 ¹¹
447 2552 470 2617 J
470 2551 614 2617 ohannes
625 2551 666 2616 de
679 2551 795 2616 Karun
808 2550 896 2637 petit
909 2572 1023 2615 uersus
1033 2550 1057 2615 J
1057 2550 1217 2616 ohannem
1228 2550 1332 2615 filium
1345 2550 1462 2638 Hnwy·

355 2655 403 2721 sie
419 2678 516 2743 quem
531 2656 554 2721 J
555 2656 698 2723 ohannes
713 2653 753 2720 de
768 2653 921 2721 Lutebur’
937 2662 972 2721 et
986 2653 1157 2721 Aunfclisu
1170 2676 1252 2719 uxor
1265 2654 1336 2719 eius
1346 2663 1462 2719 uocant

355 2758 399 2825 ed
419 2767 600 2825 warantum
622 2759 670 2825 eis
691 2757 798 2824 wur’¹¹
818 2782 850 2823 x.
868 2780 930 2823 sor.
950 2766 1037 2824 terre
1058 2766 1093 2824 et
1107 2758 1189 2825 durs
1210 2780 1271 2824 uer.
1286 2758 1374 2824 bosci
1388 2780 1462 2824 cum

355 2869 437 2949 pert.
453 2862 489 2927 in
504 2862 717 2948 Shiringtonu
729 2868 769 2925 ut
782 2860 836 2925 ins
851 2883 947 2926 suum
963 2868 1023 2926 etc

422 2966 467 3031 Et
481 2988 595 3032 uersus
609 2966 633 3031 J
633 2965 793 3031 ohannem
808 2963 850 3029 de
867 2963 1053 3051 Coueleghc
1065 2972 1100 3029 et
1111 2964 1320 3031 scolasticum
1330 2987 1463 3031 uxorem

356 3070 427 3135 cius
448 3092 530 3156 quos
551 3070 719 3135 Johonnes
742 3068 783 3133 de
806 3068 959 3133 Latebur’
986 3076 1021 3155 et
1040 3067 1188 3154 predicta
1212 3068 1360 3135 Anfeliso
1384 3091 1464 3135 uxor

356 3172 427 3239 eius
456 3180 576 3239 uocant
604 3172 647 3237 ud
667 3179 858 3249 warantum,
880 3178 915 3253 et
944 3170 1002 3258 qui
1030 3171 1077 3237 eis
1099 3172 1319 3250 wurentizsnt,
1342 3195 1372 3238 m
1402 3194 1464 3238 eor.

355 3282 441 3340 terre
465 3282 500 3340 et
523 3274 605 3358 duas
625 3296 691 3339 acr.
711 3274 801 3339 bosci
821 3295 896 3339 cum
919 3280 1000 3359 pert
1021 3272 1056 3337 in
1076 3272 1190 3338 endem
1210 3274 1291 3341 uills
1309 3274 1396 3341 sicut
1414 3276 1465 3341 ius

355 3400 452 3445 suum
467 3387 528 3444 etc
546 3378 633 3445 unde
647 3376 782 3466 quidam
796 3377 983 3443 willelmus
1001 3376 1042 3443 de
1061 3377 1178 3443 Karon
1192 3386 1375 3445 antecessor
1389 3402 1466 3445 suus

355 3480 420 3546 suit
440 3480 572 3546 seisitus
593 3481 629 3545 in
650 3480 811 3546 dominico
832 3502 892 3545 suo
917 3488 956 3545 ut
981 3479 1022 3546 de
1046 3480 1139 3546 feodo
1164 3488 1200 3547 et
1223 3482 1294 3547 iure
1319 3490 1464 3569 tempore

356 3584 399 3651 H.
417 3584 518 3672 Regis
539 3584 596 3651 uui
616 3584 711 3650 Dom.
733 3584 834 3673 Regis
858 3584 1016 3671 cupiendo
1035 3584 1112 3651 inde
1134 3586 1267 3673 expleto
1287 3586 1329 3652 ud
1349 3588 1464 3653 wulen·

355 3688 439 3755 ciam
453 3687 529 3754 dim.
545 3710 662 3767 marce,
675 3696 711 3753 et
728 3688 769 3753 de
783 3686 929 3774 predicto
943 3688 1110 3754 Wiilelmo
1123 3688 1291 3758 descendit
1305 3688 1357 3756 ius
1379 3698 1462 3755 terre

388 3814 399 3849 ¹
416 3814 486 3867 Gerr.
502 3816 624 3879 officialis
631 3832 642 3875 ,-
659 3814 731 3879 offic',
741 3814 775 3868 B.
934 3814 1032 3878 uther,
1043 3814 1158 3873 Momm.
1169 3816 1220 3869 roi
1231 3818 1257 3877 Β,
1267 3830 1295 3881 p
1308 3816 1369 3868 uto,

388 3878 499 3946 'mondss
510 3888 554 3942 est,
568 3881 600 3933 Β.
968 3880 1078 3945 ⁷Suppl
1106 3884 1155 3941 itu,
1166 3882 1198 3931 B.

388 3944 460 3994 ⁸Br.
472 3944 491 3994 1.
500 3946 558 3994 443.
765 3967 767 3972 ·
967 3943 1047 3995 ’For
1099 3946 1105 3957 “
1141 3946 1200 3997 urit
1221 3946 1252 3998 os
1270 3948 1346 4009 ertu
1362 3960 1403 3998 sce
1417 3947 1462 3997 Br.

388 4008 556 4060 ⁴B.m.6d.
622 4054 625 4059 .
935 4009 1024 4062 furo.

389 4074 612 4125 *rhemmon
628 4074 652 4125 is
668 4090 685 4125 u
700 4089 824 4125 mensure.
859 4074 885 4125 It
967 4074 1067 4126 ’Gom
1079 4076 1161 4135 Prior,
1172 4074 1204 4125 B.

357 4139 455 4216 inpuid
470 4139 529 4191 thet
550 4139 597 4191 the
617 4140 688 4213 wprd
709 4140 733 4191 is
754 4141 784 4190 of
803 4139 885 4191 Celtic
968 4139 990 4237 ᾖ
1006 4138 1457 4201 Brooton‚i.842b,citesthiscusc.

358 4220 508 4319 οῳιιιιῑαιι
523 4270 554 4320 dc
572 4264 725 4348 timoenou’,
741 4270 773 4320 Β.
805 4270 843 4319 As
859 4272 887 4318 to
970 4269 992 4303 ¹¹
1006 4204 1175 4335 {iricius
1186 4264 1222 4321 ὠ
1233 4274 1391 4331 uernum,
1402 4272 1431 4323 Β.

359 4333 431 4387 these
451 4332 528 4385 lmus
555 4348 598 4386 soc
625 4339 735 4386 comunt
761 4334 791 4385 ot
815 4334 886 4386 Both
