3342 5217
359 325 424 393 ⁷20
567 338 802 400 nicaenum,
822 338 889 389 an.
915 325 1092 399 1233,·nn.
1118 322 1253 389 17-18.

788 611 1032 678 APPENDIX.

406 804 450 868 [In
468 803 534 854 (toea
553 804 599 855 791
619 816 649 853 ao
667 801 770 865 printed
789 801 871 853 above
890 815 961 852 rome
980 800 1064 851 words
1082 800 1147 851 have
1166 800 1231 850 been
1250 798 1368 851 omitted.
1409 798 1469 848 Tha

357 886 487 949 following
498 886 521 935 ie
532 900 548 936 a
557 888 682 936 comem
692 900 758 949 copy
769 886 798 935 oi
807 885 849 949 it]

235 1047 310 1115 791.
422 1036 579 1103 Ricardue
593 1036 634 1102 de
645 1035 836 1101 Pauleshoet
851 1035 1067 1101 summonitus
1078 1035 1193 1100 suited
1205 1033 1465 1120 respondendum

227 1148 315 1188 ΨΜ
355 1140 522 1206 Willelmo
551 1139 728 1205 Kuclrewel
757 1160 856 1225 quere
886 1138 1053 1225 distringit
1081 1161 1158 1204 eum
1187 1139 1230 1205 ad
1266 1138 1402 1204 faciend'
1432 1139 1464 1202 ei

356 1244 605 1309 consuetudines
627 1252 662 1309 et
682 1244 819 1309 eeruicia
841 1264 904 1329 que
925 1243 966 1308 de
986 1244 1056 1309 iure
1077 1245 1181 1310 facere
1202 1266 1266 1309 non
1283 1240 1385 1309 ,debet
1404 1264 1464 1308 nec

356 1348 446 1425 solet,
472 1355 508 1413 et
532 1346 619 1412 unde
648 1345 729 1411 dicit
757 1344 845 1431 quod
874 1367 949 1409 cum
978 1368 1045 1439 non*
1072 1345 1191 1411 debeat
1219 1346 1250 1411 ei
1279 1345 1320 1410 de
1350 1344 1464 1410 eodem

356 1460 544 1519 tenemento
565 1451 628 1516 nisi
649 1450 823 1516 seruicium
847 1449 1040 1515 forinsecum
1067 1458 1227 1536 quantum
1253 1450 1396 1535 pertinet
1421 1448 1463 1513 ad

356 1578 455 1621 unam
485 1554 646 1640 uirgatam
667 1547 760 1619 ¹terre
790 1560 825 1616 et
854 1551 931 1618 dim.
961 1560 995 1617 et
1025 1560 1174 1639 quartam
1211 1560 1337 1638 partem
1366 1552 1465 1617 unius

357 1659 484 1745 uirgate
502 1666 587 1722 terre
606 1678 681 1721 cum
701 1663 782 1743 pert
798 1655 833 1720 in
853 1655 967 1721 eadem
988 1655 1068 1721 uilla
1089 1656 1158 1742 ipse
1180 1655 1283 1743 exigit
1304 1656 1347 1721 ab
1369 1678 1406 1720 eo
1429 1664 1465 1720 et

356 1760 523 1846 distringit
537 1780 613 1824 eum
627 1781 686 1846 pro
699 1757 835 1823 semicio
850 1766 1010 1844 quantum
1025 1758 1168 1844 pertinet
1182 1756 1224 1823 ed
1239 1768 1305 1823 tres
1321 1758 1464 1845 uirgatae
1528 1810 1533 1823 .

356 1872 443 1927 terre
458 1861 593 1947 integre,
608 1868 643 1925 et
657 1869 807 1947 preterea
820 1859 989 1947 distringit
1003 1882 1079 1925 eum
1094 1858 1136 1925 ad
1150 1859 1350 1926 reddendum
1365 1861 1397 1925 ei
1411 1884 1465 1926 xx.

357 1964 412 2029 soi
427 1964 470 2029 de
484 1962 624 2029 redditu.

424 2068 469 2132 Et
483 2066 641 2131 Ricardus
656 2066 749 2130 uenit
768 2074 804 2130 et
823 2063 903 2130 dicit
923 2064 1010 2152 quod
1029 2066 1156 2131 nullum
1178 2074 1403 2132 tenementum
1423 2066 1465 2132 de

358 2194 396 2237 eo
407 2178 508 2248 tenet,
518 2178 569 2237 set
579 2192 694 2236 reuera
704 2169 839 2235 tradidit
850 2169 882 2233 ei
892 2178 927 2233 et
942 2168 1091 2235 uendidit
1106 2170 1268 2256 quandem
1283 2170 1463 2235 custodiam

359 2379 495 2465 singulis
514 2378 608 2442 annis
628 2401 679 2442 xx.
695 2378 801 2443 sciet
820 2378 906 2443 unde
926 2376 1068 2443 reddidit
1091 2378 1121 2443 ei
1142 2401 1200 2465 pre
1222 2380 1372 2445 manibus
1393 2378 1464 2445 red·

359 2481 467 2548 ditum
482 2482 521 2567 vj.
537 2504 703 2560 annorum,
718 2492 752 2547 et
766 2482 854 2548 unde
869 2490 975 2547 aretro
989 2490 1067 2547 eunt
1081 2482 1188 2549 adhuc
1201 2482 1242 2549 de
1256 2484 1396 2548 termino
1410 2483 1465 2569 vij.

360 2584 446 2662 anni,
461 2592 496 2649 et
510 2584 564 2670 vij.
647 2584 737 2649 'iem
752 2584 952 2650 transierunt
971 2592 1006 2649 et
1026 2584 1113 2651 unde
1133 2585 1165 2650 ei
1186 2594 1292 2650 aretro
1313 2592 1391 2651 sunt
1412 2609 1465 2651 xx.

360 2689 415 2754 eoi
431 2688 472 2753 de
594 2712 617 2753 u
631 2688 729 2753 unius
742 2688 827 2754 anni

198 2606 669 2949 uumffllffis
683 2793 777 2858 uenit
791 2800 826 2857 et
846 2792 1009 2880 cognoscit
1029 2793 1115 2880 quod
1133 2802 1309 2880 antequam
1330 2792 1467 2859 heberet

197 2904 285 2952 ΝΜ
361 2896 523 2983 quoddam
537 2897 734 2983 escambium
749 2897 837 2984 quod
850 2921 937 2963 nunc
951 2906 1043 2963 tenet
1057 2898 1171 2963 debuit
1185 2898 1318 2964 reddere
1329 2898 1467 2986 singulis

180 2951 324 3090 Q
361 3000 456 3066 annis
477 3024 530 3067 xx.
544 3002 599 3065 soi
616 3010 650 3067 et
672 3000 759 3088 quod
780 3009 888 3066 totum
911 3001 1009 3067 soluit
1030 3024 1087 3087 pre
1110 3002 1269 3079 manibus,
1291 3010 1342 3067 eet
1363 3002 1465 3067 nichil

160 3089 170 3097 ⁶
198 3092 344 3175 emp,
362 3104 438 3171 inde
461 3105 612 3182 ostendit,
636 3104 871 3191 cyrographum
897 3127 957 3169 nec
982 3106 1145 3190 scriptum.
1192 3106 1235 3169 Et
1260 3105 1338 3191 quia
1365 3106 1466 3171 breue

199 3184 263 3222 nme
271 3186 292 3222 et

198 3230 331 3317 ffiss‘u'
362 3228 427 3271 non
449 3205 593 3293 loquitur
614 3205 655 3271 de
676 3206 785 3293 aliquo
807 3214 1004 3285 tenemento,
1021 3229 1081 3271 neo
1103 3206 1211 3285 libero,
1225 3229 1285 3272 nec
1305 3207 1377 3285 aiio,
1392 3207 1467 3274 ideo

362 3312 600 3378 consideratum
625 3320 676 3377 est
701 3312 788 3398 quod
813 3311 971 3377 Ricardus
997 3310 1127 3397 quietus
1152 3310 1194 3377 de
1220 3311 1280 3377 hoc
1305 3311 1404 3377 breue
1431 3322 1466 3381 et

363 3414 546 3482 Willelmus
560 3416 595 3482 in
609 3414 834 3483 misericordia.

436 3695 466 3773 i

762 3828 834 3879 END
858 3828 901 3879 OF
923 3828 1114 4015 ῩΟῙιιῆό

404 4380 564 4419 cenum:
577 4378 689 4415 mmm)
700 4378 733 4412 ΒΥ
744 4378 767 4412 0.
776 4378 798 4413 J,
807 4376 878 4420 cndu,
887 4376 939 4411 m.
949 4364 971 4411 ἅ
983 4375 1052 4419 ΕΟΝΒ,
1061 4374 1091 4411 ΔΤ
1103 4374 1155 4411 THE
1167 4373 1322 4411 urlvtnst’rr
1334 4374 1420 4411 raum.
