3342 5217
542 9 777 70 mensuruus,
800 10 865 60 ro.
893 0 924 26 *³
975 48 983 71 ‚
1029 46 1035 59 .

332 206 372 247 err
394 184 491 248 conse
512 181 629 260 mutui,
652 186 686 246 et
708 189 906 268 cognoscunt
928 181 1014 268 quod
1039 181 1197 269 placitum
1226 181 1308 247 illud
1338 183 1446 248 secuti

205 358 208 365 ‚
333 289 465 352 fuerunt
479 309 581 373 usque
596 286 639 351 ed
653 284 908 371 prohibicionem
923 294 974 351 set
985 308 1152 372 nunquam
1164 295 1237 373 post
1248 287 1443 374 prohibicio

297 401 301 410 '
332 413 408 455 nem
423 388 555 475 sequuti
569 388 710 453 fuerunt.

169 500 315 586 {merop
398 495 442 558 Et
457 494 574 559 Petrus
588 515 647 579 per
661 499 864 557 attomotum
880 514 976 556 suum
991 494 1084 558 uenit
1099 501 1135 559 et
1156 494 1236 560 dicit
1258 495 1345 581 quod
1367 504 1444 581 post

169 594 319 689 ᾖοξιξάᾟῗ
331 598 585 685 prohibicionem
607 596 711 661 secuti
733 603 811 659 sunt
832 596 990 682 placitum
1013 604 1047 661 et
1069 597 1155 683 quod
1182 597 1329 663 debitum
1358 599 1445 664 illud

167 687 314 773 hi'nihmriiu'
332 727 397 768 non
411 703 600 780 debebatur,
614 725 675 767 noc
688 700 776 766 idem
788 701 905 765 Petrus
915 724 1060 787 unquam
1072 701 1240 767 conuictus
1249 701 1312 766 fuit
1323 702 1359 767 in
1370 704 1444 769 uite

168 781 304 913 &¹033ss
332 806 448 893 ipsius²
469 830 567 893 super
588 806 700 871 debito
722 805 787 883 illo,
808 827 868 870 nec
890 805 1038 870 debitum
1069 805 1150 870 illud
1180 807 1346 893 cognitum
1378 809 1444 873 fuit

168 885 290 1007 &pei
334 934 477 997 unquam
498 911 534 975 in
556 911 628 975 uite
648 909 751 995 ipsius
773 909 912 974 Galfn’di
935 918 993 975 etc.
1039 911 1084 974 Et
1106 910 1184 996 quic
1205 911 1353 976 debitum
1377 936 1442 977 non

333 1017 397 1081 fuit
426 1016 594 1103 cognitum
624 1014 802 1079 secundum
833 1014 921 1101 quod
950 1014 1132 1100 predictum
1162 1024 1214 1081 est
1242 1016 1368 1082 dictum
1391 1026 1444 1083 est

333 1122 457 1187 Abbati
479 1129 514 1185 et
537 1120 723 1185 Baldewino
745 1119 833 1205 quod
855 1120 1003 1184 decetero
1025 1142 1090 1184 non
1120 1128 1299 1205 sequantur
1328 1144 1444 1187 uersus

333 1228 440 1312 ipsum
470 1226 613 1303 Petrum,
642 1233 694 1289 set
723 1224 857 1290 heredes
887 1224 989 1311 ipsius
1018 1225 1208 1311 perquirant
1237 1226 1298 1290 sibi
1328 1250 1444 1293 uersus

333 1332 439 1417 ipsum
456 1332 590 1396 Petrum
605 1330 633 1395 si
648 1329 792 1395 uiderint
806 1327 967 1414 expedire.

210 1452 283 1514 811,
397 1432 579 1499 ⁸«Iohannes
600 1433 641 1498 de
664 1434 753 1498 Diua
773 1433 991 1497 summonitus
1017 1434 1081 1498 fuit
1109 1433 1153 1499 ed
1181 1434 1442 1521 respondendum

214 1552 277 1592 Kent
333 1538 481 1603 Juliene⁴
495 1537 536 1602 de
550 1536 670 1624 placito
685 1558 785 1622 quare
800 1558 865 1600 non
880 1536 1029 1621 equietot
1044 1559 1116 1601 eam
1132 1560 1245 1603 uersus
1265 1538 1443 1603 Ricardum

334 1642 438 1706 filium
469 1641 565 1728 seg*
594 1640 635 1705 de
665 1640 809 1705 semiciis
843 1649 877 1705 et
914 1642 1202 1708 consuetudinibus
1239 1665 1318 1729 quus
1354 1643 1444 1709 idem

334 1744 492 1809 Ricardus
506 1744 610 1831 exigit
624 1745 666 1809 ab
681 1766 721 1809 ea
735 1741 775 1808 de
791 1752 980 1808 tenemento
995 1744 1083 1831 quod
1104 1753 1198 1810 tenet
1219 1746 1254 1810 in
1276 1746 1444 1811 Moxstun’

332 1849 510 1926 ‘Huchcm
526 1856 560 1913 et
575 1846 662 1913 unde
677 1870 748 1912 eom
764 1847 932 1933 equietore
952 1847 1052 1913 debet
1074 1870 1112 1913 eo
1135 1848 1221 1935 quod
1244 1848 1369 1914 medius
1392 1860 1444 1915 est

334 1952 498 2030 intereos,
513 1959 548 2017 et
564 1949 648 2016 unde
664 1949 778 2015 eodem
792 1949 815 2014 J
817 1950 928 2015 uliene
943 1951 1065 2035 profert
1086 1960 1210 2016 certam
1232 1951 1377 2038 Philippi
1399 1952 1442 2018 de

335 2057 422 2122 Diue
443 2055 653 2121 antecessoris
674 2055 777 2141 ipsius
798 2054 958 2120 Johannis
980 2078 1043 2141 que
1067 2063 1209 2120 testatur
1238 2057 1324 2141 quod
1352 2066 1445 2122 tene-

336 2167 483 2233 mentum
506 2159 588 2223 illud
610 2158 725 2223 dotum
747 2158 812 2222 fuit
834 2157 869 2221 in
892 2158 1030 2221 liberum
1053 2158 1272 2245 maritagium,
1296 2168 1331 2223 et
1354 2160 1444 2225 unde

335 2264 406 2349 ipso
419 2262 500 2328 dicit
514 2262 599 2348 quod
614 2261 778 2347 predictus
792 2261 950 2327 Ricardus
965 2284 1037 2326 cem
1052 2261 1220 2349 distringit
1235 2284 1292 2348 pro
1306 2263 1446 2328 senricio

172 2390 264 2430 nouus
334 2364 463 2430 dimidii
477 2364 600 2441 militis,
615 2363 701 2428 unde
716 2362 803 2428 idem
819 2364 987 2429 «Iohannes
1002 2386 1072 2428 eom
1097 2364 1264 2449 aquietere
1285 2364 1385 2429 debet
1407 2372 1444 2430 et

172 2435 323 2571 ffiffi}
334 2493 437 2555 usque
466 2468 509 2533 od
538 2468 672 2532 tercium
705 2467 866 2546 heredem,
895 2477 931 2533 et
962 2468 1046 2533 unde
1075 2468 1224 2554 queritur
1260 2467 1346 2554 quod
1384 2490 1444 2554 per

173 2578 286 2665 ffiguffi
294 2626 315 2665 ,n
334 2573 572 2638 districcionem
586 2572 676 2640 illam
688 2580 721 2637 et
734 2594 790 2657 pro
801 2572 931 2637 defectu
944 2572 1046 2659 ipsius
1056 2573 1080 2638 J
1081 2573 1217 2639 ohannis
1228 2573 1444 2639 deterioretus

173 2672 305 2767 Qum
335 2685 386 2741 est
407 2684 477 2755 etc,
499 2684 534 2741 et
555 2675 734 2761 dampnum
756 2676 857 2741 habet
879 2676 921 2741 ad
944 2677 1124 2741 uslenciam
1148 2700 1176 2741 x.
1200 2698 1295 2742 marc.
1316 2686 1350 2741 et
1365 2677 1444 2743 inde

173 2766 324 2852 fflffim
335 2779 485 2865 producit
499 2786 628 2844 sectam

173 2859 239 2898 Μ’
401 2884 445 2947 Et
459 2883 626 2948 Johennes
641 2883 733 2947 uenit
748 2891 782 2947 et
796 2883 880 2948 bene
892 2884 1055 2971 cognoscit
1070 2884 1157 2969 quod
1180 2906 1252 2949 eom
1275 2884 1445 2970 aquietare

334 2985 434 3052 debet
455 2986 496 3051 de
518 2994 705 3051 tenemento
727 2985 783 3049 illo
805 2993 840 3050 et
862 2985 948 3071 quod
970 2986 1052 3051 illud
1073 2987 1188 3052 dotum
1211 2987 1275 3053 fuit
1296 2988 1332 3051 in
1347 2988 1446 3052 mari·

335 3092 472 3179 togium,
494 3098 528 3154 et
549 3090 632 3155 bene
654 3088 801 3154 defendit
824 3089 910 3175 quod
931 3098 1064 3176 propter
1085 3090 1249 3154 defectum
1266 3112 1362 3155 suum
1378 3113 1444 3155 non

335 3194 550 3282 distringitur,
578 3202 613 3259 et
642 3194 715 3259 ideo
744 3193 982 3259 consideratum
1014 3194 1100 3281 quod
1130 3194 1258 3260 uediat⁸
1279 3194 1386 3281 legem
1408 3217 1445 3259 se

335 3299 388 3383 xij.
419 3321 519 3363 manu
549 3306 584 3362 et
613 3298 726 3363 ueniet
754 3320 829 3362 cum
859 3299 932 3386 lege
961 3321 982 3363 c
1010 3298 1063 3363 die
1093 3306 1153 3364 etc.
1199 3298 1316 3363 Postea
1349 3298 1446 3363 uenit

335 3403 471 3468 Juliana
491 3426 549 3489 per
570 3409 773 3467 ettomctum
796 3424 893 3466 suum
916 3410 951 3467 et
972 3401 1115 3467 remittit
1139 3403 1253 3487 legem,
1268 3410 1302 3465 et
1317 3401 1445 3466 dictrrm

336 3516 387 3572 est
400 3507 424 3576 J
424 3506 544 3571 ohonni
558 3506 645 3592 quod
660 3506 808 3571 decetero
823 3505 1007 3592 acquietet⁹
1022 3528 1094 3571 eom
1109 3514 1170 3571 etc.

370 3713 452 3764 ¹Tho
468 3717 587 3764 executor
602 3717 699 3763 cannot
715 3727 761 3763 ene
775 3712 864 3763 unless
947 3711 1259 3776 ⁴supplydeoaont,h

337 3778 732 3831 thedebthssbeenreoorered
745 3778 863 3841 byjudg·
947 3776 1026 3841 Βθίθ,
1039 3778 1068 3829 Δ.

337 3848 410 3895 ment
425 3844 454 3893 in
471 3843 517 3893 the
533 3844 665 3895 teotetor’e
680 3843 796 3894 litetime.
829 3842 864 3893 So
947 3842 1074 3906 ⁶Suppry
1084 3850 1117 3901 et,
1130 3841 1161 3893 A.

336 3910 381 3962 Br.
395 3909 506 3962 twtb.
946 3906 1017 3959 ⁷Br.
1031 3908 1049 3959 f.
1064 3909 1105 3957 21.

371 3976 381 4005 ¹
398 3974 497 4038 Supply
510 3975 633 4037 Galsn'di,
644 3974 674 4022 A.
947 3972 958 4005 ⁸
974 3972 1045 4021 Oorr.
1056 3974 1158 4029 cedia,-
1177 3972 1248 4033 oad’,
1260 3971 1291 4023 A.

370 4040 381 4072 ³
397 4040 428 4088 A.
440 4053 475 4087 m.
487 4039 527 4087 21.
947 4036 958 4069 ⁹
975 4040 1095 4100 equiem,
1106 4037 1137 4089 A.
