3342 5217
503 441 642 503 snsrrr,
664 439 729 490 nn
754 426 849 500 1231,
872 438 934 489 ss
959 427 1008 488 15.
1240 426 1304 490 409

199 607 416 695 primogenite
435 617 470 674 et
491 607 594 673 Dere¹
616 615 724 672 totum
749 607 801 672 ius
823 606 911 693 quod
936 607 1123 672 habuerunt
1148 606 1183 671 in
1204 605 1305 670 eduo-
1318 619 1470 670 mtrem

199 711 328 777 cesione
350 711 495 798 predicte
517 711 651 778 ecclesie
674 709 832 797 Magistro
854 709 1019 774 Willelmo
1042 707 1109 774 filio
1133 709 1306 774 Absolonis

199 812 292 878 hstri
314 813 411 880 istius
433 812 572 880 Walteri
591 813 684 878 cuius
709 813 802 878 heres
825 811 895 898 ipse
914 818 966 876 est
987 833 1046 897 per
1066 823 1172 878 certes
1193 834 1306 876 earum

199 939 279 1003 qnss
298 919 419 1004 profert
434 925 469 982 et
484 939 547 1004 que
562 916 623 982 hoc
637 923 810 993 testantur,
825 923 861 979 et
874 914 961 1001 petit
980 913 1139 980 iudicium
1158 914 1187 980 si
1209 937 1308 1001 super

199 1023 260 1088 hoc
275 1022 394 1088 debeat
409 1022 515 1088 eidem
529 1022 553 1088 J
554 1020 675 1087 ehenni
689 1019 890 1107 respondere.

265 1127 308 1191 Et
336 1126 503 1192 lohannes
529 1127 587 1214 qui
611 1133 662 1192 est
687 1126 772 1190 infin
795 1131 919 1191 etatem
942 1122 1025 1188 bene
1049 1123 1197 1188 concedit
1220 1121 1307 1209 quod

1068 1249 1132 1314 que
1155 1226 1306 1292 obierunt
1318 1235 1467 1323 mml-

197 1335 267 1399 sine
291 1334 408 1400 herede
434 1334 475 1399 de
500 1357 544 1412 se,
567 1342 618 1408 set
641 1333 741 1398 nichil
767 1331 911 1397 ostendit
934 1331 1020 1418 quod
1042 1338 1114 1396 tote
1134 1330 1305 1395 eduocecio
1317 1331 1446 1417 {2⁸13ssss

197 1439 359 1525 pertinere
374 1439 493 1505 debeat
507 1440 550 1505 sd
569 1439 685 1525 ipsunt
731 1438 775 1502 Et
790 1437 863 1503 ideo
877 1435 956 1522 quis
970 1442 1020 1501 est
1035 1434 1119 1500 infre
1132 1443 1255 1500 etatem
1271 1443 1306 1499 et
1317 1423 1471 1510 llllffiffl

198 1565 263 1608 non
289 1552 398 1630 potest
419 1543 612 1632 respondere
634 1543 677 1608 sd
698 1550 803 1608 cartas
825 1563 886 1606 nec
908 1539 1052 1606 ostendit
1073 1539 1197 1625 aliquid
1219 1539 1305 1626 quod
1317 1517 1470 1651 Qu&

197 1654 269 1712 tote
291 1647 463 1713 nduoescio
486 1647 649 1734 pertineat
671 1645 852 1731 adipsum,
875 1643 1123 1720 consideratum
1146 1652 1196 1709 est
1219 1643 1305 1730 quod
1317 1657 1463 1744 gsmsssffl

197 1750 404 1815 consencisnt
418 1749 453 1814 in
468 1750 620 1816 clericum
635 1756 670 1814 et
684 1748 778 1813 illum
793 1747 954 1833 Episcopo
968 1754 1166 1832 presentent,
1181 1755 1215 1812 et
1230 1769 1304 1811 cum
1317 1750 1470 1836 ffifflfflw

196 1853 363 1918 «lohannes
387 1853 429 1918 ed
452 1862 575 1918 etatem
595 1852 782 1939 peruenerit
801 1850 995 1937 respondeat
1009 1849 1051 1915 nd
1066 1858 1180 1928 cedes,
1193 1859 1228 1916 et
1242 1850 1306 1916 nisi
1317 1808 1470 1939 mxl&

196 1957 280 2022 uelit
295 1957 475 2022 consentire
491 1956 740 2029 Considerntum
756 1953 908 2040 estquod
927 1977 993 2018 non
1012 1953 1245 2039 respondeatur
1264 1940 1470 2024 ediiffiii'm

196 2061 297 2127 breue
323 2060 401 2147 quie
429 2060 597 2126 ostendere
626 2082 692 2124 non
720 2066 829 2146 potest
858 2080 918 2123 nec
947 2057 1091 2122 ostendit
1120 2057 1207 2144 quod
1236 2065 1308 2124 tota

197 2165 369 2231 nduocecio
383 2164 426 2229 sd
439 2164 547 2250 ipsum
562 2164 735 2250 pertineat.

99 2291 105 2306 ·
138 2325 144 2338 .
263 2269 382 2335 Juratn
403 2268 503 2354 xxiiij.
524 2268 567 2333 ed
589 2266 848 2334 conuincendum
870 2265 925 2351 xij.
941 2264 1034 2330 uenit
1055 2265 1308 2352 recognitumsi
1362 2271 1428 2311 ΒΜ

198 2373 360 2438 Ranulfus
389 2373 482 2437 Brito
512 2380 546 2438 et
570 2371 731 2437 Erneldus
757 2371 798 2437 de
822 2370 1014 2435 Thureuille
1035 2368 1157 2435 iniuste
1181 2378 1216 2435 et
1237 2369 1307 2434 sine
1430 2448 1434 2455 ¹

198 2476 319 2542 iudicio
342 2476 589 2541 disseisinerunt
613 2475 793 2540 Mertinum
817 2475 984 2540 Abbntem
1010 2474 1052 2540 de
1078 2473 1308 2539 Messendene⁴

197 2581 239 2645 de
262 2580 363 2645 libem
384 2587 573 2644 tenemento
597 2601 654 2644 suo
678 2577 713 2643 in
738 2579 916 2644 Chaffunte
939 2586 1013 2664 post
1038 2578 1106 2644 ult'.
1152 2579 1196 2644 Et
1219 2579 1307 2644 unde

198 2685 261 2772 ipsi
276 2684 436 2750 Rennlfus
456 2691 491 2748 et
511 2683 688 2749 Erneldus⁶
703 2691 886 2770 queruntur
899 2683 986 2768 quod
1006 2683 1061 2770 xij.
1077 2683 1235 2750 iuratores
1250 2684 1307 2771 qui

198 2788 288 2874 prius
309 2787 503 2853 iurauerunt
524 2786 641 2851 falsum
664 2787 811 2852 lecerunt
833 2794 1083 2853 sacramentum.
1129 2786 1173 2851 Et
1194 2787 1307 2854 Abbss

197 2891 279 2956 dicit
304 2890 390 2977 quod
415 2890 580 2977 predictus
606 2891 767 2956 Renulfus
792 2889 900 2954 adhuc
929 2890 961 2955 ci
989 2891 1145 2956 deforcist
1172 2892 1226 2977 vij.
1250 2893 1306 2959 sol.
1318 2915 1472 3001 &septem

196 2993 344 3060 redditus
369 3017 450 3080 quos
475 2994 545 3080 ipse
568 3002 647 3058 tnnc
673 2994 879 3080 recuperauit
902 3017 962 3080 per
985 2996 1118 3060 assisam
1144 2996 1235 3061 illem
1259 2997 1307 3083 [et
1319 2973 1376 3057 quoi
1387 3010 1471 3056 rreum

118 3107 122 3114 '
196 3097 284 3184 petit
305 3097 462 3162 iudicium
482 3096 511 3161 si
530 3097 649 3162 debeat
668 3097 711 3162 ed
730 3097 791 3162 iur'
811 3097 1004 3183 respondere
1019 3106 1196 3185 antequem
1210 3101 1307 3186 plene
1319 3055 1433 3141 3¹53?

1319 3149 1373 3187 slent
1380 3159 1430 3188 reru

197 3201 351 3274 seisinam
366 3200 453 3266 sicut
467 3200 558 3266 illem
573 3199 817 3287 recuperauit'].
1295 3188 1395 3235 'mit‘-
1429 3158 1465 3197 μ’

262 3302 431 3375 Juretores
460 3302 574 3368 dicunt
602 3305 689 3389 quod
719 3304 858 3390 predicti
886 3305 1048 3371 Renulfus
1077 3313 1112 3370 et
1147 3307 1307 3374 Ilmnldns

197 3405 319 3470 iniuste
343 3412 377 3469 et
402 3404 472 3469 sine
495 3404 616 3470 iudicio
640 3404 887 3471 disseisinerunt
912 3406 1053 3471 eundem
1078 3408 1244 3480 Abbetem
1265 3410 1307 3475 de

117 3510 121 3522 “
196 3512 327 3576 cultura
341 3533 404 3597 que
419 3518 555 3575 uocetur
568 3510 601 3574 la
615 3509 827 3576 Denelende⁸.
872 3510 924 3574 De
938 3510 992 3596 vij.
1005 3510 1135 3576 uillsnis
1150 3520 1307 3578 eteorum

230 3683 241 3716 ¹
258 3683 515 3734 Materte-corrected
531 3683 588 3733 into
605 3683 675 3733 Dera
694 3683 728 3746 by
778 3681 927 3734 occasional
937 3687 1089 3734 annotator.

198 3748 244 3798 the
266 3749 411 3798 occasionsl
432 3751 581 3799 annotator.
614 3749 628 3797 I
650 3747 728 3799 think
809 3748 877 3811 “By
887 3748 932 3798 the
943 3749 1091 3800 ocesdonsl
1101 3754 1252 3801 annotator.

198 3814 258 3865 thot
268 3815 314 3864 the
324 3814 441 3863 mention
457 3814 486 3863 ol
500 3813 609 3864 Metillis
620 3829 672 3864 wss
683 3813 728 3864 the
810 3813 821 3848 ⁷
837 3813 955 3863 Inserted
965 3813 1000 3876 by
1011 3814 1055 3864 the
1065 3815 1211 3867 occasionol
1225 3832 1306 3867 snno-

198 3881 282 3929 Error
292 3878 395 3928 notioed
405 3877 434 3927 in
445 3878 491 3928 the
502 3879 612 3942 margin.
778 3881 848 3928 teter
863 3893 899 3927 on
915 3879 961 3928 the
977 3879 1053 3930 inner
1062 3880 1174 3942 margin.
1207 3883 1230 3931 A
1246 3883 1306 3931 mis·

230 3944 242 3976 ¹
259 3945 318 3993 Om.
329 3951 353 3992 et
364 3945 430 4006 quod
442 3951 466 3992 el
478 3943 509 4009 (l)
778 3943 838 4006 sing
853 3943 914 3994 verb
930 3959 992 4008 moy
1007 3945 1038 3994 be
1057 3945 1196 3996 conoeann
1215 3947 1244 3997 in
1260 3947 1307 3997 the

231 4007 300 4071 ’By
327 4009 372 4057 the
399 4008 545 4058 occasionnl
578 4011 726 4059 annotator.
777 4008 894 4071 binding.
932 4007 988 4058 The
1006 4009 1091 4060 Abbot
1112 4015 1226 4073 protests
1247 4012 1306 4062 thet
1413 4008 1418 4016 “

198 4073 213 4124 1
229 4071 263 4122 do
279 4076 326 4122 not
342 4073 420 4122 think
435 4073 494 4122 thot
514 4073 559 4123 the
575 4075 657 4123 Error
677 4087 727 4123 can
777 4077 851 4124 there
867 4074 962 4123 should
978 4075 1009 4122 be
1026 4089 1061 4123 no
1077 4076 1174 4125 sttnint
1190 4076 1258 4125 until
1272 4077 1306 4127 he

198 4139 266 4188 reler
282 4141 311 4187 to
327 4138 373 4186 the
390 4137 512 4188 decision.
546 4138 618 4188 John
634 4153 670 4188 on
684 4138 727 4188 his
777 4139 826 4188 bns
838 4139 917 4189 seisin
928 4140 958 4188 ol
967 4140 1003 4188 sll
1013 4139 1115 4190 thethe
1125 4141 1259 4192 recovered
1271 4143 1306 4205 by

199 4219 259 4254 own
276 4203 391 4263 shswing
407 4203 430 4252 is
446 4207 493 4252 not
513 4203 622 4253 entitled
638 4207 666 4253 te
683 4203 728 4254 the
778 4204 823 4253 the
833 4204 926 4254 resine.
1321 4230 1324 4233 ·

199 4267 439 4318 wholeedvowson.
472 4267 641 4320 saresb.
811 4269 894 4318 ⁸The
903 4269 978 4332 point
988 4269 1018 4318 ol
1032 4269 1193 4334 thisspecisl
1208 4271 1306 4322 verdict

232 4332 418 4395 ⁴hlissenden,
431 4333 526 4382 Bncks.
549 4333 662 4383 Monsst.
677 4333 728 4383 vol.
779 4333 802 4382 is
828 4336 857 4383 to
882 4334 951 4383 shew
979 4333 1036 4385 that
1063 4351 1113 4385 one
1138 4336 1253 4386 Riehnrd
1279 4338 1308 4387 ol

199 4401 224 4458 6,
237 4414 263 4462 p.
275 4400 332 4450 tlt.
780 4398 893 4447 Turville
912 4399 989 4448 mede
1011 4413 1027 4450 a
1048 4401 1119 4452 sslid
1141 4402 1190 4464 gift
1210 4407 1238 4452 to
1261 4403 1306 4453 the

232 4465 285 4514 ⁵ct
312 4464 443 4514 Ernaldm
474 4462 588 4514 inserted
622 4463 657 4528 by
685 4463 729 4514 the
779 4463 940 4527 Abbeywith
957 4465 1037 4528 lirery
1051 4467 1079 4516 of
1095 4465 1184 4524 selein,
1201 4482 1230 4518 so
1246 4468 1306 4519 thot
