3342 5217
352 385 415 448 120
661 395 802 458 musar,
824 396 890 448 11).
912 382 1008 459 1222,
1029 379 1093 447 aa}
1114 385 1145 459 β.

351 574 505 640 clericum
535 572 576 638 dc
599 572 720 659 placito
749 593 849 658 quare
878 581 1009 637 secutus
1035 581 1088 637 est
1116 571 1274 658 placitum
1301 570 1337 634 in
1366 569 1456 634 curia

352 673 574 741 cristianitatis
606 683 718 739 contra
747 683 807 740 etc.
836 674 879 739 de
907 674 1119 740 aduocacione
1148 673 1294 761 predicte
1323 674 1455 739 ecclesie

353 787 413 845 etc.
429 786 463 843 et
485 799 597 842 uersus
612 776 754 841 Priorem
769 776 810 842 dc
827 776 978 843 Toumar
991 785 1027 841 et
1040 776 1209 841 Decanum
1229 776 1270 841 de
1285 776 1455 863 Trigesyre
1509 845 1512 852 ,

353 881 394 947 dc
413 881 533 968 placito
556 901 655 966 quare
677 887 855 944 tenuerunt
876 879 1033 964 placitum
1056 879 1097 944 de
1118 878 1232 944 eodem
1254 887 1315 943 etc.
1337 887 1372 943 62
1393 878 1456 965 ipsi

352 1007 418 1050 non
433 991 594 1049 uenerunt
606 990 665 1050 etc
676 990 710 1048 et
720 991 911 1069 preceptum
922 982 986 1046 11112
997 983 1180 1048 uicecomiti
1193 983 1279 1069 quod
1290 982 1454 1048 6211661116

353 1098 405 1154 162
428 1089 623 1176 Episcopum
643 1088 879 1154 Exoniensem¹
902 1088 989 1174 quod
1009 1097 1093 1153 esset
1110 1095 1173 1154 626.
1197 1096 1232 1153 62
1251 1088 1299 1152 ibi
1322 1087 1456 1152 haberet

353 1215 407 1258 eos
436 1200 496 1258 etc.
523 1200 557 1257 62
586 1192 766 1257 uicecomes
793 1191 964 1257 mandauit
994 1191 1080 1277 quod
1114 1191 1282 1278 episcopus
1304 1214 1370 1255 non
1391 1191 1456 1255 fuit

351 1296 507 1362 inuentus
524 1305 561 1362 et
583 1297 656 1362 ideo
679 1296 763 1362 sicut
786 1296 876 1383 prius
898 1295 1066 1361 athachiet
1088 1317 1164 1360 eum
1182 1305 1242 1361 626.
1261 1295 1347 1381 quod
1369 1294 1414 1358 sit
1435 1315 1457 1358 a

352 1399 406 1465 die
421 1409 482 1466 etc.

417 1503 529 1568 Assisa
542 1503 634 1568 uenit
649 1504 854 1591 recognitum
872 1504 900 1569 si
922 1504 1080 1592 Magister
1092 1503 1277 1570 Willelmus
1293 1502 1334 1567 de
1349 1501 1456 1566 Hath-

353 1604 452 1670 feldia
485 1606 668 1670 auunculus
704 1606 864 1671 Johannis
899 1607 959 1671 filii
995 1606 1143 1694 Gregorii
1172 1607 1237 1671 fuit
1265 1605 1394 1671 saisitus
1422 1605 1458 1668 in

352 1708 512 1774 dominico
537 1732 595 1774 suo
619 1719 658 1775 ut
687 1710 728 1775 de
754 1713 847 1776 feodo
869 1711 910 1777 de
927 1713 954 1798 j.
976 1713 1119 1798 mesagio
1148 1720 1182 1776 et
1205 1711 1247 1775 xl.
1270 1709 1352 1774 acris
1373 1717 1458 1772 terre

352 1835 426 1877 cum
441 1812 649 1898 pertinenciis
664 1813 699 1878 in
714 1814 907 1878 Hathfeldia
928 1813 981 1878 die
1002 1837 1068 1900 qua
1087 1814 1170 1879 obiit
1190 1823 1225 1878 et
1247 1813 1275 1877 si
1292 1821 1352 1878 626.
1372 1812 1458 1898 quod

352 1915 555 2001 mesuagium
585 1924 619 1980 et
649 1939 746 2002 quam
776 1925 896 1982 terram
922 1917 1063 1982 Thomas
1088 1917 1174 1982 filius
1200 1916 1334 1981 chrici
1357 1923 1459 1991 tenet,

352 2021 410 2106 qui
439 2018 570 2085 uocauit
598 2018 674 2084 inde
704 2018 745 2082 ad
768 2028 948 2083 warantum
977 2019 1158 2084 Henricum
1187 2019 1292 2084 filium
1315 2017 1458 2083 Aucheri

351 2133 478 2212 patrem
515 2148 612 2190 suum
648 2124 706 2210 qui
742 2124 772 2190 ei
808 2125 1032 2190 warantizauit
1069 2135 1103 2190 62
1138 2125 1270 2190 11666612
1304 2124 1381 2190 inde
1416 2122 1459 2188 ad

352 2235 532 2293 warantum
547 2227 711 2292 Abbatcm
726 2227 766 2292 de
781 2228 945 2292 Wardena
959 2229 1016 2315 qui
1030 2228 1124 2294 uenit
1138 2236 1173 2294 et
1188 2229 1219 2293 61
1232 2226 1458 2293 warentizauit

352 2339 387 2396 et
416 2331 516 2396 nichil
544 2329 630 2395 dixit
655 2353 753 2417 quare
783 2330 884 2396 assisa
907 2341 1090 2397 remaneret
1111 2341 1172 2398 etc.
1195 2332 1282 2397 sicut
1306 2340 1400 2418 patet
1422 2331 1458 2395 in

353 2434 483 2500 rotulis'
497 2442 558 2500 etc.

418 2534 587 2598 duratores
623 2531 737 2598 dicunt
773 2532 860 2619 quod
888 2532 989 2597 tercio
1017 2533 1071 2597 die
1099 2542 1177 2598 ante
1206 2533 1333 2599 obitum
1362 2556 1457 2598 suum

353 2637 445 2702 dedit
474 2637 543 2724 ipse
573 2645 692 2702 terram
715 2636 805 2701 illum
828 2636 974 2723 predicto
997 2636 1121 2702 Abbati
1149 2660 1224 2702 cum
1247 2659 1377 2723 corpore
1400 2659 1458 2702 suo
1512 2713 1516 2718 ι

353 2741 431 2827 quia
459 2741 546 2805 idem
575 2739 759 2806 Willclmus
789 2739 906 2805 habuit
936 2741 1110 2827 quamdam
1138 2742 1276 2806 amicam
1305 2750 1459 2806 suamet

354 2853 472 2909 terram
501 2843 592 2908 illam
617 2842 708 2907 dedit
734 2841 841 2906 eidem
869 2841 971 2907 amice
995 2865 1053 2908 6116
1079 2851 1129 2908 set
1151 2843 1221 2930 ipse
1242 2852 1316 2930 post
1337 2844 1459 2909 donum

353 2947 435 3012 illud
457 2945 612 3011 remansit
637 2945 672 3010 in
700 2945 819 3010 saisina
843 2945 885 3010 de
911 2946 1024 3011 eadem
1048 2955 1142 3026 terra,
1168 2947 1322 3036 defuncta
1345 2956 1458 3011 autem

352 3051 457 3117 amica
485 3074 544 3116 sua
571 3050 659 3115 idem
683 3049 866 3115 Willelmus
894 3051 1050 3116 remansit
1074 3051 1109 3115 in
1134 3052 1253 3118 seisina
1281 3060 1316 3116 62
1341 3051 1459 3117 cecidit

353 3155 388 3220 in
414 3152 632 3240 egritudinem
654 3160 689 3217 et
710 3153 746 3217 in
767 3152 952 3240 egritudine
974 3154 1145 3220 mandauit
1167 3154 1236 3241 ipse
1258 3164 1363 3220 661266
1385 3176 1459 3219 61166

354 3279 417 3343 que
438 3257 572 3320 fuerunt
594 3255 629 3320 in
651 3255 796 3320 Abbatia
817 3255 858 3320 de
880 3256 1036 3321 Watham
1058 3265 1092 3322 et
1115 3258 1192 3344 quia
1213 3281 1278 3322 non
1297 3265 1460 3322 uenerunt

353 3360 433 3424 adeo
448 3359 513 3424 cito
528 3359 612 3422 sicut
627 3358 733 3423 uoluit
747 3358 838 3423 misit
852 3358 922 3445 ipse
942 3359 1020 3424 illuc
1039 3360 1081 3424 ad
1098 3361 1336 3446 properandum
1354 3368 1459 3424 cartas

354 3487 436 3540 suas,
451 3471 485 3527 62
508 3461 647 3547 quadam
669 3461 723 3526 dic
745 3461 837 3526 Lune
860 3461 954 3526 uenit
976 3461 1067 3526 Prior
1087 3462 1128 3526 de
1144 3463 1300 3527 Watham
1322 3470 1357 3526 et
1379 3461 1459 3526 tulit

353 3575 457 3632 cartas
486 3567 558 3631 11166
586 3573 621 3629 62
654 3564 867 3630 mandauerat
895 3565 986 3651 prius
1014 3565 1197 3651 predictum
1226 3565 1390 3630 Abbatem
1418 3572 1460 3629 ut

213 3705 226 3733 ο
256 3705 284 3743 qu
353 3673 395 3737 ab
418 3694 456 3736 eo
478 3671 646 3736 consilium
668 3670 803 3735 haberet
823 3677 858 3734 62
872 3670 984 3735 Abbas
1006 3671 1119 3735 eodem
1138 3670 1191 3735 die
1214 3671 1306 3736 Lune
1328 3693 1460 3758 presens

190 3751 329 3873 ῖξῗιῗῆἓίηο
353 3775 417 3839 fuit
439 3783 473 3840 et
495 3773 583 3839 idem
602 3772 786 3840 Willelmus
808 3772 900 3838 dedit
922 3773 953 3838 ei
975 3781 1095 3838 tonum
1117 3773 1208 3838 illam
1231 3796 1307 3838 cum
1329 3795 1459 3858 corpore

191 3847 237 3966 ,ξω
254 3937 324 3968 une-
353 3901 411 3942 suo
440 3887 475 3944 et
503 3887 608 3943 cartas
637 3901 711 3943 suas
735 3877 766 3942 61
791 3877 927 3942 tradidit
953 3885 987 3942 et
1011 3878 1112 3942 tercia
1133 3877 1186 3941 die
1212 3876 1294 3941 obiit
1317 3885 1352 3941 62
1374 3876 1459 3940 bene

191 3975 208 4014 6

218 3985 249 4014 ¹⁸⁵
354 3981 460 4046 sciunt
488 3981 575 4068 quod
604 3980 769 4045 Johannes
798 3989 849 4044 est
870 3980 1036 4066 proximus
1064 3980 1158 4043 heres
1186 3979 1257 4043 eius
1281 3986 1316 4043 et
1337 3977 1458 4064 quesiti

354 4086 381 4152 si
402 4087 585 4152 Willelmus
607 4085 724 4150 habuit
746 4085 934 4150 memoriam
957 4083 1085 4170 quando
1103 4084 1225 4148 donum
1246 4082 1323 4147 fecit
1345 4081 1460 4146 dicunt

386 4268 504 4320 ¹Simon
526 4267 555 4318 61
579 4267 680 4330 Apulia.
714 4267 765 4316 For
791 4281 879 4317 masne
961 4266 1146 4330 ’Probablya
1162 4265 1288 4317 reference
1305 4269 1332 4315 to
1348 4280 1383 4315 611
1400 4280 1459 4327 cyre

354 4349 457 4398 process
467 4333 571 4396 against
583 4348 598 4382 6
609 4333 677 4382 616111
689 4331 716 4384 16
728 4348 744 4384 6
759 4333 879 4397 personat
929 4332 986 4384 roll.

354 4399 441 4451 action
453 4415 493 4450 666
503 4399 548 4448 Β1.
561 4398 579 4448 t.
592 4399 639 4447 442
651 4397 675 4450 b.
