3342 5217
364 451 426 519 178
674 465 813 530 mmnr,
835 465 900 516 sn.
924 455 1017 530 1224,
1040 469 1103 519 nn
1127 458 1156 518 8.

362 635 650 727 recognoscendum
673 639 700 702 si
722 639 887 724 predictus
907 639 1064 705 Ricardus
1083 641 1246 726 quondam
1267 641 1320 706 uir
1339 649 1398 706 etc
1413 641 1465 706 die

362 752 421 808 etc
445 742 572 808 dotauit
602 765 674 808 eam
703 765 762 828 per
789 766 955 809 assensum
978 753 1037 810 etc
1060 745 1102 810 de
1125 746 1227 810 tercia
1247 753 1341 831 parte
1363 745 1467 810 tocius

363 857 447 913 terre
477 869 533 912 suo
563 854 598 912 et
627 855 749 912 cartam
778 869 871 912 suam
901 870 999 932 quam
1028 849 1099 934 ipsa
1127 848 1228 914 hebet
1254 850 1315 914 sub
1337 850 1467 914 nomine

362 951 507 1018 eiusdem
536 952 671 1016 Roberti
697 951 728 1016 ei
749 952 826 1016 fecit
848 960 909 1016 etc.
930 953 985 1016 uel
1007 953 1034 1016 si
1056 952 1186 1018 dotauit
1208 976 1280 1019 eam
1303 955 1343 1020 de
1366 954 1468 1020 tercia

363 1063 455 1142 parte
470 1054 655 1120 medietatis
670 1055 774 1119 tocius
789 1063 876 1119 terre
890 1055 975 1119 sicut
989 1055 1077 1120 idem
1092 1057 1255 1121 Robertns
1269 1056 1356 1123 dicit

427 1157 626 1246 Reginoldns
635 1157 785 1221 Decenus
794 1157 834 1222 de
847 1158 874 1221 F
874 1158 1033 1245 aonbrig'¹
1043 1168 1078 1223 et
1089 1159 1251 1224 liebertus
1259 1159 1300 1224 de
1311 1160 1469 1224 Dnntona

280 1267 310 1296 ⁰²
362 1261 535 1328 attachiati
556 1261 689 1325 fuerunt
710 1259 753 1325 ad
781 1259 1041 1346 respondendum
1064 1262 1188 1326 Thome
1211 1263 1339 1349 Beyuin
1368 1286 1467 1348 quare

362 1372 539 1430 tenuerunt
553 1363 710 1449 placitum
725 1362 760 1427 in
780 1363 870 1427 curia
889 1363 1113 1430 cristianitatis
1133 1365 1173 1430 de
1194 1365 1276 1430 laico
1297 1365 1390 1430 feodo
1409 1389 1468 1430 sno

361 1469 396 1534 in
411 1466 590 1534 Withfend'
605 1475 718 1531 contra
732 1475 791 1531 etc

426 1573 470 1637 Et
485 1571 546 1657 ipsi
561 1571 699 1636 ueniunt
715 1579 749 1635 et
764 1570 878 1636 dicunt
893 1571 979 1658 quod
993 1572 1034 1638 de
1048 1573 1139 1638 nullo
1153 1573 1235 1638 laico
1247 1573 1340 1638 feodo
1351 1579 1467 1638 tenerit

360 1674 517 1762 placitum
539 1673 639 1737 immo
661 1672 800 1758 quedam
823 1673 945 1738 femina
965 1675 1144 1740 locauerat'
1163 1676 1325 1761 quandam
1347 1684 1467 1740 terram

360 1779 401 1844 de
416 1778 510 1844 feodo
524 1778 669 1843 eiusdem
685 1777 807 1842 Thome
823 1785 858 1842 et
872 1777 907 1841 in
919 1779 1073 1843 extremis
1087 1801 1186 1865 egens
1197 1779 1322 1866 legauit
1333 1801 1467 1865 oropum

360 1907 457 1949 suum
472 1892 506 1948 et
521 1883 561 1947 de
572 1882 628 1946 illo
641 1889 837 1946 testamento
857 1881 863 1969 Ι
881 1891 1058 1947 tenuerunt
1069 1883 1234 1969 placitum.
1272 1884 1317 1948 Et
1327 1883 1468 1949 Thomas

359 2010 425 2052 non
453 1986 562 2074 potuit
591 1987 651 2050 hoc
680 1984 834 2050 dedicere.
881 1985 924 2049 Et
953 1986 1027 2050 ideo
1055 1985 1178 2051 iudices
1206 1987 1283 2051 inde
1304 1987 1410 2072 quieti
1431 1997 1467 2052 et

360 2091 499 2156 Thomas
513 2090 548 2154 in
563 2088 786 2154 misericordia

425 2192 557 2259 Jurata⁸
586 2193 680 2257 uenit
709 2214 768 2278 per
796 2214 987 2257 consensum
1016 2193 1162 2278 parcium
1190 2193 1219 2257 si
1244 2193 1406 2258 liedulfus
1426 2193 1467 2259 de

249 2309 261 2338 ⁰
290 2310 295 2337 ¹
360 2299 539 2385 Berkinges
558 2319 616 2383 per
637 2305 703 2361 tres
723 2318 823 2362 annos
843 2305 921 2361 ante
940 2305 1078 2361 mortem
1092 2319 1186 2361 suam
1200 2297 1293 2361 dedit
1307 2297 1410 2361 Priori
1424 2298 1466 2362 de

359 2403 565 2468 Theofordia⁴
582 2411 617 2467 et
638 2401 782 2467 eiusdem
803 2401 862 2466 loci
884 2403 1045 2466 canonicis
1063 2401 1311 2467 adnocacionem
1333 2404 1466 2469 ecclesie

359 2508 399 2572 de
415 2505 630 2582 Russewrthe‚
646 2513 680 2569 et
695 2505 723 2568 si
737 2512 827 2568 carta
841 2527 939 2591 quam
954 2504 1041 2569 idem
1061 2505 1153 2570 Prior
1167 2505 1268 2571 habet
1288 2506 1329 2571 de
1349 2505 1464 2572 eadem

358 2609 571 2676 aduocacione
591 2610 678 2674 facta
697 2609 761 2672 fuit
781 2630 840 2694 per
854 2609 1058 2673 uoluntatem
1073 2608 1175 2693 ipsius
1190 2609 1321 2674 deulfi
1336 2610 1371 2673 in
1386 2610 1467 2697 ligia

358 2722 521 2800 potestate
542 2735 602 2777 sua
622 2712 676 2776 uel
698 2734 772 2788 non,
788 2712 866 2797 quia
886 2721 954 2776 tam
974 2711 1249 2798 predictusPrior
1263 2735 1361 2798 qnam
1377 2713 1466 2779 Gile·

358 2820 470 2884 bertus
504 2817 545 2883 de
579 2818 758 2902 Berlinges
787 2817 875 2882 inter
903 2839 984 2903 quos
1012 2818 1169 2903 placitum
1199 2823 1250 2882 est
1278 2816 1320 2881 de
1350 2818 1465 2883 eadem

357 2921 570 2987 aduocacione
585 2926 763 3005 posuerunt
779 2941 813 2983 se
828 2918 863 2982 in
877 2918 1019 2983 iuratam
1034 2919 1132 2982 illam.

423 3027 467 3091 Et
490 3025 646 3091 Oshertus
669 3022 793 3088 Giffard
822 3032 857 3086 et
879 3023 1037 3088 Ricardus
1062 3022 1104 3087 de
1125 3022 1337 3088 Dickewrthe
1360 3032 1465 3089 testes

357 3130 517 3194 nominati
536 3129 571 3193 in
594 3135 683 3192 certa
705 3126 816 3190 iurat’⁶
838 3126 952 3190 dicunt
977 3125 1064 3212 qnod
1085 3125 1184 3190 nichil
1206 3125 1314 3190 sciunt
1335 3110 1466 3212 quando

357 3242 447 3300 carta
460 3233 546 3298 facta
560 3232 623 3296 fuir
643 3253 702 3295 nec
723 3230 941 3293 interfuerunt
961 3230 1018 3294 ubi
1038 3231 1125 3294 facta
1144 3229 1216 3304 fnit,
1230 3237 1281 3293 set
1304 3229 1466 3297 Osbertus

356 3338 436 3403 dicit
456 3338 542 3423 quod
561 3335 711 3400 interfuit
733 3334 790 3398 ubi
813 3333 930 3399 Comes
953 3334 1114 3398 Werenne
1135 3333 1226 3396 illam
1248 3333 1466 3410 confirmauit,

357 3452 391 3507 et
421 3442 577 3507 Ricardus
606 3439 686 3504 dicit
715 3437 801 3524 quod
830 3437 931 3501 nichil
954 3437 1030 3502 inde
1052 3436 1114 3501 scit
1135 3436 1198 3500 nisi
1221 3444 1353 3501 tantum
1375 3439 1465 3524 quod

356 3546 488 3631 quidam
509 3545 680 3610 canonicus
698 3543 738 3607 de
755 3540 868 3608 eadem
883 3542 978 3606 domo
992 3541 1076 3606 dixit
1091 3541 1123 3605 ei
1138 3539 1224 3627 quod
1238 3541 1302 3604 fuit
1317 3541 1464 3607 nomina-

355 3663 410 3716 tus
425 3650 519 3716 testis
534 3651 567 3714 in
582 3657 677 3713 carta
720 3647 763 3710 Et
778 3669 889 3710 omncs
904 3646 961 3710 alii
975 3645 1053 3710 iur'⁶
1069 3643 1183 3708 dicunt
1197 3644 1284 3729 quod
1299 3643 1466 3729 predictus

357 3754 515 3819 Radulfus
529 3777 594 3818 non
608 3751 699 3817 dedit
714 3752 761 3816 eis
775 3751 941 3816 ecclesiam
956 3751 1047 3814 illam
1066 3749 1101 3812 in
1123 3747 1203 3835 ligia
1222 3755 1385 3833 potestate
1404 3771 1466 3814 sua

356 3879 415 3923 nec
431 3879 584 3942 umquem
600 3855 679 3919 scire
694 3863 872 3939 potuerunt
887 3853 973 3939 quod
993 3851 1155 3917 Radulfns
1168 3851 1258 3915 illam
1277 3860 1401 3916 cartam
1416 3853 1465 3918 eis

356 3960 491 4025 fecisset.

422 4063 465 4126 Et
495 4063 572 4146 quia
593 4069 729 4145 uterque
752 4081 863 4124 eorum
885 4059 995 4144 posuit
1009 4081 1044 4122 se
1066 4081 1164 4144 super
1185 4066 1287 4123 testes
1308 4067 1344 4123 et
1364 4081 1465 4146 snper

388 4225 397 4257 ¹
415 4225 576 4288 Fambridge.
932 4222 951 4270 f.
964 4223 1021 4272 898.

388 4291 471 4340 ¹'I'he
498 4289 616 4340 testctn'x
642 4303 696 4338 was
722 4288 801 4336 lcssee
828 4285 881 4336 and
963 4285 1105 4335 ⁴M0nast.
1118 4285 1169 4334 vol.
1182 4285 1205 4343 5,
1217 4299 1243 4347 p.
1255 4283 1312 4334 141.

356 4355 525 4418 boqueathed‚
536 4370 564 4405 as
575 4356 597 4404 it
608 4369 699 4413 seems,
712 4353 756 4402 the
767 4352 881 4414 growing
962 4351 974 4382 ⁸
990 4350 1117 4410 Probably
1127 4352 1219 4400 iurati.

356 4436 424 4483 crop.
963 4415 975 4447 ⁸
990 4418 1123 4465 iuratores.

388 4485 399 4518 ⁸
415 4485 479 4536 This
501 4499 559 4536 case
578 4483 600 4534 is
623 4481 690 4534 cited
706 4483 740 4546 by
757 4481 879 4541 Bracton,
