3342 5217
454 445 775 507 circummisso.
800 431 895 506 1230,
916 443 980 493 aa
1006 431 1141 493 14-15.
1284 430 1349 499 377

189 621 195 632 '
242 618 368 684 dictum
390 619 567 685 terminum
589 617 643 682 uel
664 623 751 692 ante,
774 621 808 680 et
830 613 933 679 eciam
955 612 983 677 si
1004 611 1170 697 predictus
1191 612 1349 677 Ricardus

244 721 386 808 aliquem
409 719 557 785 lcoffauit
579 718 620 783 de
643 717 752 804 aliquo
777 715 864 802 quod
888 722 1005 802 tangat
1027 713 1127 778 finem
1153 713 1246 778 illum
1275 722 1350 800 post

243 823 343 888 tinem
358 823 480 888 factum
494 821 549 887 uel
564 843 628 887 non
643 820 721 907 quia
735 817 819 884 tam¹
835 825 894 884 etc
912 827 946 883 et
970 817 1216 904 inquisicionem
1236 818 1348 883 uenire

245 927 342 993 faciat
356 934 415 992 etc
431 948 490 1012 per
504 925 616 990 literas
630 931 690 988 etc.
706 931 740 988 et
755 945 814 1009 per
828 922 909 988 duos
923 931 984 990 etc

187 1083 194 1097 .
308 1028 482 1094 'Ricardus
511 1027 597 1092 filius
627 1027 733 1092 Mosae
763 1024 812 1091 et⁸
842 1026 899 1091 elii
927 1027 1119 1092 summoniti
1144 1027 1278 1092 fuerunt
1306 1026 1349 1093 ed
1384 1035 1481 1077 Mu&

243 1129 501 1218 respondendum
524 1129 688 1194 Willelmo
714 1127 849 1214 Wymer
877 1150 976 1213 quare
1005 1128 1069 1214 ipsi
1093 1127 1285 1194 iurauerunt
1313 1136 1349 1194 et

243 1233 348 1299 iurare
368 1234 515 1298 lecerunt
534 1232 680 1297 homines
700 1230 741 1296 de
760 1231 902 1297 Stafford
924 1230 1011 1318 quod
1032 1231 1073 1296 de
1094 1239 1202 1296 cetero
1223 1231 1348 1314 nullam

242 1345 364 1402 sectam
378 1338 521 1402 facerent
535 1335 578 1400 ad
592 1333 777 1399 molendina
791 1356 850 1398 sua
864 1333 905 1398 de
921 1333 1096 1399 staffordia
1110 1341 1221 1398 contra
1234 1356 1348 1420 pacem

242 1441 336 1506 Dom.
366 1439 467 1528 Regis
492 1447 527 1504 et
553 1461 652 1526 quare
681 1439 819 1503 clamare
850 1440 996 1505 laccmut
1018 1447 1130 1504 contra
1151 1460 1264 1524 pacem
1286 1446 1346 1503 etc
1358 1451 1480 1538 2033qu

242 1544 278 1609 in
292 1545 359 1609 loro
373 1544 414 1610 de
430 1543 606 1610 Stailordr'a
618 1542 748 1607 nomine
763 1543 859 1607 Dom.
874 1544 974 1630 Regis
994 1543 1080 1629 quod
1095 1543 1123 1608 si
1138 1543 1211 1629 quis
1224 1553 1345 1608 sectam
1358 1510 1503 1631 ffiffigld

242 1650 362 1714 faceret
377 1648 418 1714 ad
433 1646 618 1712 molendina
631 1647 733 1733 ipsius
750 1646 909 1712 Willelmi
928 1647 1082 1733 predicta,
1102 1648 1212 1712 omnia
1229 1648 1347 1713 catalla
1358 1638 1503 1732 ffiffl*

242 1752 385 1839 ipsorum
414 1752 456 1817 cd
485 1773 566 1838 opus
595 1752 689 1816 Dom
720 1751 821 1838 Regis
855 1758 1008 1837 caperent
1042 1759 1077 1816 et
1117 1750 1346 1816 nichilominus
1357 1714 1507 1828 &ilidii

242 1877 374 1942 corpora
387 1878 447 1920 sua
460 1854 495 1920 in
510 1855 640 1941 prisona
653 1854 866 1919 detruderent
881 1861 940 1919 etc
952 1861 992 1924 ¹et
1006 1862 1128 1919 sectam
1148 1852 1347 1940 producunt⁴

241 1967 293 2024 set
307 1959 415 2024 minue
429 1956 666 2025 sufficientem⁶.

308 2062 352 2127 Et
381 2060 538 2127 Ricardus
562 2068 596 2125 et
621 2069 732 2125 omnes
757 2059 814 2125 alii
840 2060 979 2126 ueniunt
1005 2069 1039 2126 at
1061 2061 1144 2126 bene
1166 2060 1345 2127 defendunt

243 2163 522 2250 quodnunquam
544 2171 656 2228 contra
677 2185 790 2250 pacem
813 2164 908 2230 Dom.
930 2164 1031 2251 Regis
1052 2164 1158 2229 iurare
1185 2165 1347 2230 fecerunt⁸

241 2289 303 2333 nec
331 2268 463 2332 clamari
492 2268 638 2332 fecerunt
666 2289 708 2332 ne
737 2267 885 2355 predicta
911 2277 1001 2334 secta
1036 2269 1130 2335 fieret
1166 2277 1201 2335 et
1236 2278 1344 2335 totum

241 2370 430 2436 defendunt.

308 2475 352 2540 Et
367 2474 445 2562 quia
464 2474 628 2560 predictus
643 2474 825 2540 Willelmus
841 2476 964 2541 nullam
979 2484 1100 2541 sectam
1114 2476 1263 2563 producit
1280 2499 1344 2562 que

241 2577 381 2644 sufficiat
396 2577 482 2665 quod
496 2578 545 2642 ita
559 2579 602 2643 sit
620 2578 704 2643 sicut
727 2579 797 2665 ipse
820 2579 900 2644 dicit
921 2579 1167 2646 Consideratum
1188 2588 1238 2646 est
1257 2579 1345 2666 quod

241 2682 399 2749 Ricardus
413 2689 448 2747 et
467 2681 524 2747 alii
543 2682 619 2748 inde
639 2683 708 2748 sine
729 2683 782 2748 die
802 2691 836 2748 et
855 2685 1040 2749 Willelmus
1062 2685 1097 2751 in
1117 2684 1342 2750 misericordia.

241 2783 286 2848 Et
306 2783 489 2849 Willelmus
511 2783 631 2847 habeat
652 2783 751 2848 breue
772 2783 957 2849 uicecomiti
979 2784 1153 2851 Staffordie
1173 2785 1258 2873 quod
1278 2808 1344 2851 non

242 2887 392 2952 obstante
410 2883 503 2950 clam'
529 2883 659 2971 siqual
679 2886 765 2950 facta
785 2885 849 2950 fuit
868 2886 949 2972 quin
971 2909 1082 2952 omnes
1102 2888 1159 2975 qui
1181 2888 1344 2952 noluerint

241 2997 419 3076 sequantur
432 2989 475 3054 sd
489 2988 635 3076 predicta
648 2989 840 3054 molendina

182 3151 189 3164 .
305 3093 433 3159 ⁸Assisa
453 3093 548 3158 uenit
568 3094 774 3182 recognitum
795 3093 868 3179 quis
889 3094 1066 3159 aduocatos
1088 3103 1232 3181 temporo
1254 3096 1343 3181 pacis
1468 3147 1473 3157 .

241 3196 443 3284 presentauit
457 3196 608 3262 ultimam
622 3219 791 3283 personam
805 3196 848 3261 ad
863 3197 1029 3262 ecclesiam
1042 3198 1083 3262 de
1095 3198 1268 3263 Elkeduna
1279 3221 1342 3285 que

241 3308 346 3378 uacat,
361 3299 453 3364 cuius
468 3299 713 3390 aduocacionem
729 3299 829 3386 Hugo
848 3300 935 3364 filius
956 3301 1087 3366 Redulfi
1107 3302 1226 3366 clamat
1245 3303 1287 3367 ad
1307 3325 1341 3367 se

240 3403 403 3491 pertinere
432 3402 560 3468 racione
591 3411 675 3467 terre
697 3410 732 3467 et
754 3402 882 3467 heredis
903 3403 1043 3489 Agnetis
1065 3403 1130 3468 filie
1153 3403 1284 3468 Radulfi
1306 3405 1343 3469 in

240 3527 341 3570 manu
366 3527 426 3570 sua
451 3503 620 3570 existentis
650 3526 762 3569 uersus
792 3503 936 3569 Priorem
959 3505 1000 3570 de
1029 3505 1264 3592 Bridlingtoue,
1286 3507 1344 3594 qui

240 3607 335 3673 uenit
356 3629 414 3693 per
434 3615 637 3672 attornatum
659 3629 755 3671 auum
777 3614 812 3671 et
833 3608 986 3695 cognouit
1008 3608 1094 3694 quod
1116 3610 1278 3674 Robertus
1300 3610 1342 3677 de

240 3711 457 3797 Muschaump
492 3733 574 3776 auus
608 3711 753 3798 predicte
784 3711 924 3799 Agnetis
952 3713 1155 3798 presentauit
1191 3715 1341 3779 ultimam

239 3833 410 3900 personam
446 3811 488 3894 ad
515 3812 661 3878 eandem
698 3813 866 3878 ecclesiam
902 3813 1026 3879 scilicet
1062 3814 1264 3880 Willelmum
1301 3817 1342 3882 de

240 3916 440 3983 Muschaunt
464 3915 737 3982 Archidiaconum
766 3919 917 4004 Derebye
946 3918 1003 4004 qui
1025 3919 1141 3984 ultimo
1162 3919 1239 3984 inde
1260 3918 1343 3984 obiit

240 4026 449 4108 persona,set
464 4019 641 4106 postillam
660 4021 937 4108 presentaciouem
956 4021 1048 4087 dedit
1069 4022 1156 4087 idem
1180 4023 1343 4092 Robertus

272 4199 283 4232 ¹
299 4197 413 4248 Because
430 4197 494 4248 both
515 4199 612 4261 pertice
633 4199 699 4252 have
717 4205 766 4266 put
847 4202 914 4252 'No
926 4202 1027 4253 further
1037 4203 1190 4266 particulare
1200 4203 1229 4254 in
1241 4205 1271 4255 Α.

240 4265 395 4316 themselves
406 4263 608 4328 onouinquest.
841 4266 859 4300 Ὃ
874 4270 961 4317 iurare
966 4270 1084 4333 sesemet
1094 4269 1192 4321 altered
1202 4271 1261 4322 into
1270 4274 1341 4324 iura·

273 4329 329 4378 ’A
344 4343 379 4378 m.
391 4330 424 4378 30
433 4329 459 4378 d.
815 4340 913 4391 nonant,
927 4335 958 4382 Δ.

273 4395 284 4426 ³
300 4393 432 4453 Thirteen,
444 4394 474 4443 A.
847 4397 859 4430 ²
876 4397 926 4455 Sic,
939 4398 968 4447 A.

272 4458 444 4510 ⁴Anleohee
451 4461 603 4524 producunt.
850 4462 1033 4514 ἈΔΕΜ
