3342 5217
484 416 627 480 armar,
650 417 714 468 so.
738 405 832 480 1229,
856 417 919 468 aa
943 405 992 470 13.
1229 401 1291 470 271

186 587 310 672 profert
325 586 436 653 literas
451 588 652 654 Eboriensis¹
674 589 919 676 Archiepiscopi
940 613 1004 677 que
1027 597 1192 656 testantur
1210 589 1297 677 quod

189 689 336 775 predicta
350 691 509 777 Dyonisia
528 713 587 777 per
602 701 703 756 testes
719 693 897 778 legitimos²
910 693 1146 758 Archidiacono
1161 693 1297 779 Noting’
1332 775 1335 783 .

187 791 229 856 de
266 815 363 857 causa
395 794 595 858 matrimonii
632 794 719 860 inter
754 795 863 882 ipsum
893 804 928 860 et
961 796 1144 882 predictum
1174 796 1298 881 Philip·

186 921 268 984 pum
292 907 504 984 cognoscente
534 899 733 964 sufficienter
761 899 914 986 probauit
936 901 1023 986 quod
1044 901 1152 966 dictus
1174 900 1298 986 Philip-

185 1025 250 1089 pus
264 1003 318 1067 die
335 1003 367 1067 S.
382 1001 513 1066 Andree
534 1001 680 1087 pmximo
700 1009 777 1066 ante
797 1023 948 1090 guerram
969 1003 1056 1067 inter
1070 1004 1099 1069 J.
1116 1005 1241 1091 Regem
1263 1011 1299 1068 et

186 1108 325 1172 barones
348 1128 422 1171 suos
447 1129 520 1170 cum
548 1105 620 1191 ipsa
645 1106 808 1170 contraxit
833 1107 1077 1171 matrimonium
1103 1107 1193 1171 Data
1217 1115 1299 1192 aput

187 1211 320 1277 Suwell'
342 1211 407 1297 viij.
433 1211 496 1275 kal.
519 1210 652 1275 Januar.
677 1209 904 1296 pontificatus⁸
925 1232 1010 1273 anno
1035 1210 1129 1296 xiiij0.
1174 1210 1300 1275 Profert

187 1313 292 1378 eciam
307 1313 387 1378 alios
403 1313 513 1377 literas
525 1319 678 1398 patentes
689 1310 792 1396 ipsius
803 1309 1049 1396 Archiepiscopi
1061 1333 1124 1396 que
1136 1319 1299 1375 testantur

188 1410 276 1497 quod
305 1411 375 1496 ipse
405 1409 577 1475 mandauit
607 1410 643 1474 P.
672 1408 902 1494 Wyntoniensi
925 1408 1085 1495 Episcopo
1107 1410 1195 1496 quod
1224 1433 1299 1475 cum

187 1515 277 1580 idem
304 1513 490 1600 Philippus⁴
514 1513 549 1577 in
579 1512 726 1577 archid*
748 1512 885 1599 Noting'
905 1521 1064 1598 tanquam
1084 1514 1137 1578 uir
1163 1522 1198 1578 et
1218 1537 1300 1579 uxor

187 1617 365 1704 aliquando
390 1615 633 1682 cohabitassent
658 1613 914 1679 Archidiaconus
936 1613 1082 1678 eiusdem
1104 1615 1166 1680 loci
1187 1616 1300 1680 uolens

188 1721 277 1805 quod
307 1743 404 1806 super
432 1719 640 1784 matrimonio
669 1717 756 1782 inter
786 1740 841 1782 eos
870 1725 1035 1782 contracto
1072 1726 1111 1782 ut
1148 1718 1300 1784 dicebant

189 1825 324 1889 ecclesie
339 1825 432 1889 fieret
446 1823 545 1910 plena
563 1822 654 1900 fides,
672 1821 828 1908 predictis
851 1821 1004 1908 Philippo
1026 1830 1061 1887 et
1081 1822 1238 1909 Dyonisie
1258 1823 1300 1887 ad

189 1926 394 2013 probandum
421 1925 667 1991 matrimonium
691 1925 793 1989 inter⁶
816 1933 1020 1990 contractum
1050 1925 1139 1990 diem
1168 1924 1300 2012 prefixit

189 2053 256 2116 quo
271 2030 469 2096 adueniente
484 2029 729 2094 matrimonium
744 2029 833 2093 inter
851 2051 906 2093 eos
928 2037 1133 2094 contractum
1151 2028 1300 2116 legitime

188 2155 250 2218 per
263 2139 365 2197 testes
380 2132 470 2196 omni
485 2131 675 2217 exceptione
690 2131 828 2195 maiores
844 2130 1072 2217 probauerunt.

258 2236 301 2300 Et
316 2235 394 2322 quia
407 2235 551 2338 Ismania
566 2235 729 2320 cognoscit
744 2234 830 2320 quod
846 2234 917 2319 ipsa
932 2235 996 2298 fuit
1019 2235 1214 2321 desponsata
1226 2244 1301 2321 post
1330 2261 1334 2267 ·

190 2348 323 2424 tempus
349 2361 413 2424 quo
438 2338 510 2424 ipsa
538 2337 696 2423 Dyonisia
718 2337 825 2402 eidem
847 2336 999 2424 Philippo
1021 2339 1085 2403 fuit
1107 2338 1302 2424 desponsata

189 2443 278 2507 sicut
303 2441 379 2506 roc’⁷
403 2450 454 2506 est
477 2464 535 2528 per
561 2442 786 2507 testimonium
809 2442 912 2527 ipsius
941 2442 1185 2530 Archiepisoopi
1214 2444 1301 2529 quod

190 2547 264 2632 ipsa
292 2544 436 2609 Ismenia
456 2567 521 2608 non
547 2545 678 2622 dedicit,
702 2545 950 2610 Consideratum
973 2554 1023 2610 est
1045 2547 1131 2632 quod
1153 2547 1302 2634 Dionisia

189 2647 268 2712 inde
298 2647 412 2732 quieta
440 2655 474 2711 et
504 2655 616 2711 teneat
645 2647 756 2711 dotem
786 2647 917 2712 nomine
946 2649 1049 2734 ipsius
1086 2650 1230 2737 Philippi
1266 2660 1302 2716 et

189 2750 338 2815 Ismania
365 2751 401 2815 in
423 2749 649 2826 misericordia,
675 2757 710 2814 et
732 2750 934 2835 prohibitum
957 2759 1008 2815 est
1030 2751 1061 2815 ei
1083 2775 1125 2816 ne
1146 2763 1303 2839 sequatur

189 2853 332 2940 amplius
368 2853 527 2940 placitum
567 2853 602 2918 in
640 2855 730 2918 curia
756 2854 999 2920 *cristianitatis
1041 2865 1155 2921 contra
1196 2857 1301 2942 ipsam

190 2958 383 3045 Dyonisiam
420 2981 480 3022 nec
517 2965 630 3022 contra
666 2959 746 3023 alios
781 2959 910 3022 racione
947 2959 1033 3023 dotis
1076 2960 1301 3045 perquirendo.

189 3062 325 3149 Plegins
340 3062 426 3148 quod
440 3085 505 3126 non
520 3071 734 3149 prosequetur
748 3063 889 3149 amplius
904 3064 1021 3128 Petrus
1036 3063 1122 3128 filius
1136 3064 1259 3128 Arturi.

104 3188 131 3247 '.
257 3165 362 3230 ⁸Ada⁹
377 3165 417 3230 de
434 3166 465 3231 S.
484 3166 587 3230 Elena
601 3167 687 3251 petit
702 3188 815 3230 uersus
831 3166 996 3232 Othonem
1016 3167 1122 3232 filium
1143 3167 1300 3233 Willelmi

188 3267 233 3354 xj.
249 3266 321 3332 libr.
337 3267 566 3353 sterlingorum
579 3290 658 3354 quas
670 3267 701 3332 ei
716 3267 815 3333 debet
830 3276 865 3332 et
879 3268 1000 3332 iniuste
1015 3268 1143 3333 detinet
1157 3278 1196 3334 ut
1211 3269 1300 3334 dicit.

188 3373 236 3438 Et
251 3371 339 3436 unde
360 3371 448 3436 idem
470 3371 658 3458 dicitquod
681 3372 844 3437 Henricus
864 3371 906 3436 de
929 3372 961 3436 S.
986 3372 1090 3436 Elena
1112 3381 1206 3458 pater
1222 3397 1301 3438 suus

185 3475 284 3542 cuins
311 3475 404 3539 heres
428 3474 498 3560 ipse
525 3483 576 3539 est
599 3475 747 3540 denarios
768 3475 841 3539 illos
863 3475 895 3538 ei
917 3476 1130 3554 acomodauit‚
1152 3485 1187 3540 et
1215 3477 1301 3563 petit

185 3588 230 3644 ut
246 3578 334 3641 filius
345 3585 379 3641 et
393 3576 487 3641 heres
497 3576 599 3663 ipsius
611 3577 746 3642 Henrioi
762 3585 796 3641 et
811 3579 933 3663 profert
944 3578 1091 3665 taylliam
1104 3588 1138 3644 et
1151 3579 1301 3666 producit

186 3691 314 3752 sectam
330 3704 393 3768 que
409 3689 550 3746 testatur
564 3681 650 3767 quod
665 3681 714 3746 ita
727 3680 875 3746 denarios
889 3681 961 3746 illos
976 3682 1007 3746 ei
1021 3682 1127 3748 debet.

259 3788 304 3852 Et
320 3786 408 3852 Otho
427 3809 486 3872 per
505 3793 709 3850 ottomatum
731 3807 827 3849 suum
850 3785 943 3849 uenit
966 3793 1000 3849 et
1022 3786 1168 3851 defendit
1190 3795 1303 3851 contra

186 3913 269 3958 eum
295 3899 330 3955 et
353 3897 466 3954 contra
488 3896 610 3953 sectam
634 3886 720 3974 quod
742 3887 843 3951 nichil
866 3887 898 3951 ei
920 3887 1019 3952 debet
1040 3897 1075 3952 et
1096 3889 1182 3975 quod
1208 3898 1302 3976 pater

223 4096 235 4129 ¹
251 4097 275 4145 E
278 4097 425 4156 ternomio,
438 4094 469 4144 A.
804 4091 815 4127 ⁴
832 4093 931 4157 supply
941 4101 966 4143 ct
977 4095 1104 4155 nuncia,
1118 4093 1150 4144 Δ.

222 4162 236 4194 ¹
253 4161 352 4224 Supply
362 4175 453 4218 coram,
465 4159 496 4210 Δ.
804 4161 815 4192 ⁸
831 4159 988 4218 Arctidioc'‚
999 4160 1037 4220 A;
1058 4161 1297 4217 archidiaconatu„

223 4227 237 4260 ²
253 4227 353 4288 Supply
363 4228 412 4282 oui,
424 4225 454 4273 A.
478 4225 577 4275 Walter
591 4224 722 4288 Graywas
804 4223 815 4256 ⁶
832 4225 932 4288 Supply
943 4241 991 4285 eos,
1004 4225 1034 4274 h

186 4290 336 4344 umnam
354 4293 382 4340 to
399 4291 469 4340 York
487 4292 519 4342 27
534 4289 625 4340 March
644 4291 720 4349 12163
805 4289 816 4323 ⁷
834 4289 920 4350 SicA3
931 4291 1301 4354 recopm‘tumorrecordomm.

186 4354 359 4468 conseorpped
371 4353 464 4418 bishop
475 4357 504 4404 of
513 4355 660 4406 worcester
674 4355 722 4406 oth
804 4355 816 4453 ἓ
832 4354 863 4470 ἓ.
875 4369 911 4468 up.
924 4356 965 4404 1³.

187 4426 250 4476 Oct.
263 4423 295 4469 12
330 4455 337 4468 .
852 4420 876 4468 ic
911 4455 918 4468 .
