3342 5217
518 344 661 406 musar,
683 344 747 393 an.
774 331 868 406 1231,
890 344 953 394 nn.
979 334 1028 394 15.
1258 333 1322 396 393

215 517 296 582 duos
310 539 410 582 annos
425 523 503 581 aute
525 523 663 580 mortem
683 515 784 602 Regis
806 515 957 580 Ricardi¹
972 524 1007 581 et
1021 523 1135 602 postea
1149 539 1276 604 semper
1289 527 1325 584 et

214 624 354 688 maxime
384 622 514 709 quando
540 622 742 686 Normannia
767 623 896 708 perdita
921 623 984 688 fuit
1009 632 1045 688 et
1069 622 1145 689 inde
1171 624 1265 710 ponit
1289 647 1324 690 se

214 749 311 812 super
325 727 472 812 patriam.
510 727 556 790 Et
571 724 738 812 quesitus'
753 725 781 789 si
796 725 890 790 Dom.
903 727 974 790 Rex
990 727 1053 790 luit
1068 726 1143 791 inde
1155 727 1191 792 in
1206 727 1325 793 saisina

214 831 293 896 dicit
322 831 409 917 quod
439 839 584 916 tempore
614 829 715 916 Regis
740 829 872 894 Ricardi
897 853 955 916 per
979 831 1111 916 aliquod
1136 840 1266 918 tempus
1290 841 1325 898 et

214 943 359 1020 tempore
382 934 482 1021 Regis
505 932 673 1008 lobannis,
688 941 723 996 et
744 931 874 1018 quando
896 932 1099 998 Normannia
1117 934 1246 1019 perdita
1260 935 1324 1001 fuit

214 1037 293 1102 fuit·
308 1039 378 1124 ipse
394 1038 557 1104 Gerardus
572 1045 606 1102 et
622 1036 783 1100 Nicholaa
796 1035 831 1099 in
851 1035 971 1100 seisina
990 1045 1025 1101 et
1045 1047 1216 1124 postquam
1239 1039 1322 1104 Nor-

214 1143 347 1207 mannia
370 1142 500 1228 perdita
521 1141 594 1219 luit,
609 1148 660 1206 set
681 1150 794 1226 postea
816 1138 946 1225 quando
968 1140 1060 1206 Dom
1085 1142 1155 1206 Rex
1178 1143 1266 1227 cepit
1288 1143 1323 1206 in

214 1269 348 1310 manum
363 1267 456 1310 suam
472 1253 592 1309 terram
607 1243 848 1309 Romanorum⁴
862 1244 950 1329 oepit
964 1245 1034 1330 ipse
1049 1254 1168 1310 terram
1183 1246 1274 1311 illam
1288 1247 1323 1311 in

214 1371 347 1414 manum
371 1371 463 1413 suam
490 1357 539 1412 set
565 1347 705 1433 simplici
730 1348 850 1413 saisina
874 1356 909 1412 et
934 1357 1048 1434 postea
1072 1349 1201 1435 quando
1226 1350 1324 1416 sciuit

214 1451 389 1516 ueritatem
414 1449 557 1515 reddidit
583 1449 661 1536 ipsis
692 1459 811 1514 terram
841 1451 940 1517 illam.
1001 1452 1044 1517 Et
1073 1453 1213 1538 petunt⁸
1238 1455 1324 1539 quod

214 1555 307 1620 Dom.
323 1555 394 1620 Rex
410 1554 508 1620 faciat
522 1554 598 1619 inde
619 1554 865 1640 inquisicionem
887 1556 915 1620 si
935 1555 1077 1621 uoluerit
1098 1565 1149 1622 set
1172 1557 1324 1623 Oliuerus

212 1659 298 1744 petit
313 1659 400 1745 quod
414 1681 479 1722 non
494 1658 538 1724 sit
553 1659 732 1724 disseisitns
747 1658 810 1724 nisi
825 1680 884 1744 per
897 1659 1062 1724 iudicium

278 1764 386 1828 Datus
416 1762 539 1829 osteis
565 1763 634 1828 dies
660 1771 720 1830 etc.
766 1764 809 1827 Et
835 1763 1002 1828 sciendum
1028 1764 1114 1848 quod
1140 1765 1324 1832 Willelmus

213 1869 305 1934 Brito
320 1869 414 1934 uenit
433 1891 540 1934 coram
560 1868 746 1934 iusticiariis
762 1892 802 1934 ex
818 1878 911 1955 parte
926 1870 1020 1935 Dom.
1036 1869 1136 1958 Regis
1150 1879 1189 1936 ut
1204 1872 1324 1938 dicitur

212 1982 247 2038 et
262 1972 346 2037 dixit
361 1972 448 2058 quod
463 1973 636 2038 inuentum
651 1971 751 2038 estin
766 1974 873 2037 rotulo
892 1973 934 2038 de
953 1974 1109 2038 scaccario
1132 1974 1219 2060 quod
1240 1983 1323 2039 tem-
1369 1977 1375 1986 '

212 2100 289 2162 pore
312 2077 354 2142 H.
378 2078 478 2163 Regis
501 2077 559 2162 qui
580 2099 667 2142 nunc
689 2085 740 2141 est
761 2078 825 2142 fuit
848 2085 935 2142 terra
960 2077 1017 2143 illa
1041 2078 1077 2142 in
1103 2101 1202 2143 manu
1228 2079 1320 2144 Dom.

212 2179 312 2265 Regis
327 2179 412 2244 sicut
426 2186 554 2244 escaeta
569 2201 627 2244 sua
641 2179 690 2243 ita
704 2179 790 2264 quod
805 2178 984 2244 uicecomes
999 2179 1165 2265 respondit
1180 2181 1221 2245 ad
1236 2203 1323 2246 scac-

211 2283 334 2348 carium
361 2283 402 2347 de
429 2282 571 2347 exitibus
595 2282 733 2348 duorum
748 2305 924 2359 annorum,
946 2291 981 2347 et
1003 2292 1116 2369 postea
1137 2283 1231 2350 Dom.
1250 2284 1321 2350 Rex

210 2384 302 2449 illam
318 2385 456 2450 tradidit
471 2384 563 2450 Dom.
581 2385 739 2450 Nicholae
755 2385 794 2450 de
814 2385 911 2470 Haya
929 2384 972 2448 ad
992 2385 1197 2450 uoluntatem
1218 2409 1318 2452 suam.

211 2487 256 2551 Et
276 2487 354 2572 quia
373 2488 468 2552 Dom.
489 2488 561 2552 Rex
584 2488 658 2552 uult
684 2487 770 2573 quod
795 2486 971 2572 unicuique
996 2487 1126 2553 iusticia
1150 2489 1321 2555 exibeatur

209 2599 400 2678 preceptum
430 2600 480 2656 cst
510 2591 694 2656 uicecomiti
724 2590 810 2676 quod
839 2612 946 2655 coram
967 2589 1018 2656 W.
1044 2590 1085 2654 de
1112 2591 1259 2678 Ralegha
1284 2601 1319 2658 et

211 2695 374 2760 Willelmo
398 2694 438 2759 de
463 2695 577 2760 Insula
600 2695 772 2760 conuenire
796 2695 894 2760 faciat
916 2695 969 2780 xij.
991 2702 1060 2760 tam
1080 2696 1201 2760 milites
1221 2719 1318 2782 quam

209 2798 289 2863 alios
311 2798 351 2864 de
374 2798 521 2863 uiseneto
544 2798 584 2863 de
605 2799 819 2885 Dudingtona
836 2796 925 2883 apud
939 2797 1186 2884 Dudingtonam
1201 2808 1260 2864 etc
1277 2798 1318 2864 ad

208 2902 501 2990 recognoscendum
523 2925 621 2988 super
642 2911 881 2968 sacramentum
903 2924 999 2966 suum
1021 2902 1049 2966 si
1071 2902 1255 2968 Willelmus
1277 2904 1317 2969 de

208 3005 339 3069 Humaz
367 3026 452 3068 anno
481 3015 516 3070 et
542 3004 594 3070 die
622 3027 685 3091 quo
711 3004 744 3069 N
747 3003 915 3068 ormannia
942 3005 1071 3090 perdita
1096 3005 1169 3080 fuit,
1194 3005 1258 3070 fuit
1282 3007 1317 3070 in

207 3107 328 3173 seisina
341 3108 381 3173 de
402 3109 547 3195 predicto
569 3110 712 3174 manerio
734 3109 787 3174 uel
808 3109 835 3174 si
855 3109 1018 3174 Gerardus
1032 3108 1073 3173 de
1088 3109 1269 3176 Kaunuilla
1283 3119 1318 3177 ot

208 3211 369 3277 Nicholaa
383 3235 465 3276 uxor
479 3213 548 3278 eius
563 3221 642 3278 tunc
663 3214 795 3278 fuerunt
810 3213 845 3277 in
860 3212 978 3277 saisina
993 3212 1032 3278 de
1048 3212 1193 3297 predicto
1207 3235 1316 3278 mane·

207 3317 256 3380 rio
279 3325 314 3381 et
337 3339 423 3380 anno
449 3317 504 3381 et⁸
525 3325 671 3403 tempore
694 3317 794 3404 Regis
817 3317 948 3382 Ricardi
970 3326 1004 3383 et
1028 3325 1142 3403 postea
1166 3317 1250 3382 sicut
1276 3318 1316 3383 de

207 3427 301 3504 parte
316 3441 376 3483 sua
390 3442 453 3506 que
469 3442 523 3486 eos
537 3419 748 3506 contingebat
763 3420 803 3484 de
820 3421 1001 3485 hereditate
1018 3443 1080 3507 que
1100 3419 1164 3484 fuit
1186 3420 1317 3486 Ricardi

206 3523 248 3588 de
269 3524 366 3610 Haya
388 3524 490 3610 patris
512 3525 656 3611 ipsarum
679 3525 838 3590 Nicholae
860 3525 952 3589 Julie
974 3532 1009 3588 et
1030 3524 1168 3589 Isabelle
1191 3534 1260 3589 tam
1282 3526 1316 3589 in

205 3626 329 3712 Anglia
349 3650 448 3712 quam
468 3627 503 3691 in
519 3627 721 3692 Normannia
741 3650 801 3712 per
821 3626 952 3692 finalem
974 3625 1175 3690 concordiam
1197 3626 1315 3691 factam

204 3728 294 3793 inter
307 3728 489 3813 predictum
506 3729 685 3794 Gerardum
701 3729 894 3794 Nicholaam
910 3737 944 3792 et
959 3726 1133 3814 participes
1147 3750 1229 3793 suos.

85 3851 98 3864 ¹
146 3899 153 3912 ,
272 3832 434 3898 Robertus
449 3833 490 3898 de
506 3833 654 3898 Hattona
665 3842 699 3898 et
711 3833 768 3898 alii
778 3833 969 3900 summoniti
983 3834 1115 3897 luerunt
1129 3831 1171 3896 ad
1185 3854 1314 3918 respon·

238 3975 248 4008 ¹
267 3975 343 4026 Some
354 3975 438 4025 words
453 3990 496 4026 are
512 3975 629 4036 wanting
645 3977 672 4024 to
689 3976 734 4025 the
785 3974 885 4024 seizure
901 3975 930 4023 of
950 3973 1003 4023 this
1019 3989 1113 4024 monor
1132 3990 1174 4024 see
1189 3975 1250 4026 Rot.
1273 3977 1313 4027 01.

204 4042 281 4091 effect
303 4040 361 4091 that
381 4041 479 4090 Gerard
498 4041 526 4090 ol
548 4040 659 4090 Oamvill
681 4041 734 4090 and
784 4040 834 4091 vol.
850 4055 869 4088 1.
880 4055 906 4102 p.
920 4041 960 4097 79,
972 4044 1049 4102 entry
1060 4039 1081 4088 1.

203 4107 248 4156 his
262 4105 321 4155 wile
337 4121 401 4156 were
418 4105 547 4165 scissam
564 4105 609 4155 the
627 4105 690 4156 time
707 4107 737 4156 ol
817 4105 827 4136 ⁵
845 4105 961 4153 Willism
971 4104 1129 4165 Longsword
1141 4105 1194 4154 and
1206 4106 1312 4156 Idonea.

203 4171 328 4222 Richsrd.
818 4169 829 4202 ⁰
843 4170 895 4218 For
905 4177 930 4218 et
941 4185 1007 4218 carro
1018 4178 1043 4218 et
1053 4169 1114 4218 read
1129 4179 1154 4220 ct
1170 4179 1228 4220 aare
1245 4174 1312 4220 scili-

237 4237 249 4269 ⁹
265 4235 382 4286 Willism
391 4234 559 4299 Longrword.
786 4242 832 4286 cet.
867 4235 914 4284 See
925 4234 990 4284 Osse
1005 4235 1054 4284 564
1066 4235 1150 4285 where
1166 4235 1212 4286 tha
1227 4237 1313 4299 jurors

238 4302 249 4334 ³
267 4301 319 4350 Sic.
786 4301 843 4364 give
854 4299 922 4349 their
933 4299 1038 4349 verdict.

236 4367 248 4399 ⁴
265 4367 336 4416 Oorr.
357 4367 563 4417 Norrncrrnoram.
601 4365 637 4416 As
653 4370 679 4416 to
692 4365 735 4416 the
