3342 5217
413 469 646 530 urossnnuns,
668 467 733 519 sn.
758 455 852 532 1229,
874 469 937 518 nn
962 456 1098 519 13-14.
1242 457 1306 521 293

199 642 224 707 J
226 642 369 706 ohannes
392 661 454 728 per
474 649 676 707 attornstum
701 649 815 726 postea
837 641 1010 727 pleniteuit
1038 641 1073 705 in
1099 641 1188 706 curis
1212 641 1305 708 Dom

200 748 302 836 Regis
330 757 365 814 et
389 749 488 814 finem
512 749 590 813 fecit
615 747 703 834 apud
727 747 953 812 Bedefordism
979 747 1066 812 unde
1089 747 1117 812 si
1145 747 1203 812 ulii
1231 770 1306 814 eum

199 853 430 938 inplacitarent
451 851 514 938 ipsi
538 845 691 918 Wsrinus
713 859 748 916 et
773 851 933 916 Keterins
952 851 1109 916 deberent
1133 851 1164 916 ei
1186 859 1306 916 terram

200 955 290 1020 illam
305 955 511 1021 warentizare
527 964 565 1020 ut
580 954 715 1020 heredes
729 953 831 1039 ipsius
850 953 872 1018 ,J
875 953 1011 1018 ohannis
1029 962 1063 1018 ot
1082 953 1111 1018 si
1130 976 1227 1040 super
1246 954 1306 1019 hoc

200 1059 322 1127 debent
337 1060 527 1146 respondere
543 1061 653 1126 dicent
668 1059 765 1124 uliud.
1009 1131 1013 1140 ¹

267 1165 310 1229 Et
331 1165 483 1230 Wsrinus
498 1175 533 1231 et
548 1163 708 1230 Katerina
722 1186 780 1250 per
794 1171 998 1228 sttornstum
1013 1163 1153 1227 ueniunt
1168 1170 1203 1227 et
1221 1162 1305 1228 bene

199 1274 397 1352 cognoscunt
426 1275 548 1331 csrtsm
578 1265 668 1330 illem
697 1273 732 1330 et
761 1287 826 1328 uon
856 1264 1012 1328 dedicunt
1041 1264 1127 1350 quod
1165 1265 1224 1330 teli
1252 1265 1305 1331 die

199 1369 331 1434 seffatus
346 1370 410 1434 suit
424 1369 464 1436 de
480 1370 626 1456 predicta
639 1377 735 1445 terre,
750 1376 801 1434 set
816 1368 912 1433 dicit¹
936 1368 1023 1454 quod
1038 1369 1125 1434 idem
1140 1368 1306 1436 Johaunes

199 1474 309 1539 tenuit
323 1474 364 1539 de
380 1474 493 1539 eodem
514 1474 644 1539 Abbsto
664 1481 698 1538 et
719 1473 846 1538 desiout
865 1473 942 1538 inde
960 1473 1025 1538 suit
1049 1473 1145 1538 homo
1166 1473 1306 1539 Abbatis

198 1598 264 1640 non
279 1577 388 1662 potuit
402 1576 478 1641 inde
502 1576 631 1640 feoffare
651 1575 834 1660 predictum
858 1574 1025 1639 Abbstem
1046 1575 1173 1640 desicut
1197 1577 1306 1641 tenuit

198 1679 240 1746 de
270 1703 308 1746 eo
334 1689 369 1746 et
393 1681 479 1767 quod
503 1681 590 1746 idem
616 1679 783 1746 Johannes
808 1680 963 1745 nonfuit
992 1703 1122 1766 compos
1149 1681 1202 1746 sui
1229 1681 1308 1768 quis

198 1805 367 1870 nunquam
383 1792 495 1870 postea
511 1783 651 1848 surrexit
669 1781 710 1847 de
731 1783 814 1848 lecto
834 1805 893 1846 suo
913 1790 948 1846 et
967 1781 1040 1847 ideo
1063 1782 1305 1849 seoffnmentum

198 1887 282 1952 illud
297 1911 361 1953 non
376 1888 475 1954 debet
490 1889 537 1953 eis
552 1909 665 1952 nocere
682 1895 716 1952 et
730 1895 851 1974 petunt
865 1886 1031 1953 iudicium.

266 1993 310 2057 Et
332 1992 446 2058 Abbss
471 1991 551 2056 dicit
576 1991 663 2078 quod
688 1991 753 2056 suit
775 2013 905 2077 compos
934 1991 985 2055 sui
1010 1999 1045 2055 et
1067 1991 1154 2077 quod
1182 1992 1306 2057 nullam

198 2096 427 2160 infirmitatem
444 2095 560 2160 habuit
575 2094 639 2159 nisi
653 2093 740 2180 quod
755 2094 819 2159 fuit
833 2093 1063 2181 gutturnosus'
1077 2103 1112 2159 et
1126 2094 1206 2160 dicit
1220 2095 1307 2182 quod

197 2199 326 2264 remisit
341 2199 448 2264 eidem
462 2199 486 2263 J
486 2197 607 2263 ohanni
621 2197 661 2262 de
677 2197 847 2284 arreragiis
862 2195 991 2261 seruioii
1006 2197 1058 2261 sui
1077 2197 1204 2262 racione
1218 2198 1307 2265 illius

198 2301 400 2367 feoffamenti
414 2324 516 2387 usque
536 2301 579 2366 sd
603 2301 759 2366 ducentes
784 2322 917 2376 marone,
940 2309 975 2365 et
996 2301 1082 2386 petit
1099 2301 1258 2368 iudicium
1277 2305 1306 2369 si

197 2405 319 2470 debeat
333 2428 430 2492 super
444 2406 503 2470 hoo
518 2404 719 2490 respondere.

266 2511 383 2575 Postea
418 2533 524 2574 eornm
561 2509 691 2574 domino
728 2509 818 2595 Rege
855 2509 943 2595 apud
979 2509 1305 2576 westmonasterium

198 2637 308 2680 coram
336 2613 473 2680 Justio’·
495 2623 530 2678 et
560 2613 689 2680 Comite
718 2611 906 2678 Maresonllo
934 2621 969 2678 et
997 2614 1070 2679 eliis
1098 2615 1306 2702 magnatibus

197 2726 362 2782 uenerunt
378 2715 530 2782 Wnrinus
545 2717 659 2780 Basset
674 2724 708 2780 et
724 2716 884 2781 Katerins
899 2725 934 2782 et
948 2725 1169 2803 cognouerunt
1183 2727 1305 2783 curtum

197 2823 225 2887 J
225 2822 361 2886 ohannis
376 2822 416 2887 de
432 2821 545 2885 Monte
560 2820 667 2886 Aouto
682 2821 784 2906 patris
801 2821 904 2907 ipsius
925 2823 1081 2887 Keterine
1101 2823 1193 2888 ouius
1212 2823 1305 2888 heres

199 2925 273 3010 ipse
298 2933 348 2990 est
371 2924 411 2990 de
434 2925 640 2989 feoffsmento
670 2933 704 2990 et
734 2925 835 2990 nichil
864 2926 1015 2990 dicebant
1044 2935 1156 2991 contra
1184 2935 1306 2992 onmem

198 3029 293 3094 illam
321 3029 385 3094 nisi
413 3037 543 3094 tantum
574 3029 659 3115 quod
689 3031 812 3094 factum
842 3030 905 3095 fuit
934 3040 1078 3116 tempore
1108 3030 1307 3096 infirmitatis

198 3133 304 3220 ipsius
332 3134 491 3200 Johsnnis
513 3142 547 3198 et
569 3133 736 3221 cognitum
759 3135 822 3199 fuit
844 3135 931 3220 quod
952 3135 1016 3200 fuit
1037 3156 1166 3220 compos
1191 3134 1242 3198 sui
1272 3142 1306 3199 et

196 3238 284 3302 bone
300 3239 452 3303 memorie
468 3238 596 3324 quando
610 3245 700 3302 osrts
714 3237 771 3302 ills
785 3238 931 3302 confecta
944 3237 1016 3302 fuit.
1058 3236 1305 3303 Considerstum

197 3348 252 3405 est
280 3339 366 3426 quod
395 3339 508 3405 Abbss
540 3349 594 3406 eat
623 3340 699 3407 inde
729 3340 798 3405 sine
828 3340 881 3405 die
911 3349 946 3404 et
975 3339 1061 3425 quod
1089 3341 1242 3406 Wsrinus
1270 3351 1305 3407 et

198 3445 362 3510 Knterins
381 3445 482 3510 nichil
508 3445 638 3532 onpisnt
666 3467 725 3531 per
752 3445 852 3510 breue
882 3467 977 3509 suum
1006 3452 1042 3509 et
1070 3445 1155 3531 quod
1184 3445 1305 3512 donum

196 3547 245 3614 sit
259 3548 383 3613 stabile.

130 3728 139 3744 ι
267 3652 406 3715 Thomas
443 3648 656 3715 Norwicensis
693 3650 871 3736 Episcopus
907 3651 1124 3716 summonitus
1159 3651 1224 3716 fuit
1262 3652 1305 3717 sd
1380 3675 1393 3705 ⁰

197 3755 459 3842 respondendum
489 3754 630 3819 Roberto
659 3754 726 3819 filio
748 3753 888 3818 Walteri
916 3753 956 3817 de
978 3754 1097 3839 placito
1119 3778 1217 3841 quare
1239 3779 1304 3821 non

196 3857 333 3924 admisit
356 3857 506 3934 clericum
536 3879 632 3922 suum
660 3856 703 3922 ed
729 3855 896 3921 eeclesiam
924 3855 965 3920 de
996 3856 1235 3943 Berningehsm
1262 3857 1304 3922 sd

196 3961 476 4052 presentseionem
505 3961 606 4045 ipsius
631 3960 767 4025 Roberti
789 3960 882 4024 ouius
903 3961 1036 4026 ecclesie
1058 3960 1304 4026 sduoosoionem

196 4066 289 4133 idem
318 4065 479 4130 Robertus
508 4066 712 4151 recuperauit
741 4087 847 4131 coram
877 4064 1062 4129 iusticiariis
1088 4065 1176 4151 apud
1197 4065 1304 4130 West-
1356 4058 1358 4063 ’

196 4167 432 4236 monasterium
461 4190 574 4232 uersus
603 4168 815 4234 Eustachium
838 4169 878 4233 de
901 4167 1139 4255 Berningehnm
1162 4177 1196 4233 et
1218 4169 1304 4235 unde

235 4369 314 4421 ¹Sio.
776 4370 876 4433 Burgh.
906 4371 1302 4436 Observethsthereissjudg-

234 4437 245 4468 ³
263 4437 310 4486 Sos
320 4434 451 4496 Duosuge,
484 4435 526 4484 He
536 4433 588 4484 hsd
599 4451 615 4486 s
627 4435 716 4496 goitre.
778 4439 851 4486 ment
869 4452 953 4486 coram
974 4453 1030 4500 reae
1047 4440 1186 4500 apponius
1206 4453 1239 4488 on
1254 4438 1303 4490 'the

235 4505 246 4534 ²
263 4499 390 4562 Probably
397 4502 548 4550 duriciorio
555 4519 565 4558 ,·
585 4501 685 4551 Hubert
695 4501 727 4551 de
779 4503 807 4550 de
820 4503 898 4552 banco
908 4501 965 4551 roll.
