3342 5217
1143 74 1180 105 Ν.

404 392 470 465 70⁶
636 390 1163 469 mcnmas‚nn.1224,an
1183 392 1280 455 8-9.

281 584 356 649 918.
469 578 647 650 ‘Martinus
660 578 749 647 filias
761 577 922 647 Wfflelmi
935 578 1085 666 queritur
1101 578 1189 666 qnod
1208 577 1366 645 Bonemie
1379 578 1517 645 lom·

283 679 350 723 Μ
402 684 532 755 tuden
552 693 589 751 et
609 705 692 749 uxor
710 682 784 751 aius
803 681 973 747 Amistena
994 688 1031 747 et
1052 682 1251 747 Benedictus
1274 690 1310 747 et
1330 682 1432 768 Josep
1453 682 1516 747 filii

402 788 475 857 eius
502 784 690 853 oaeidenmt
724 784 930 852 willelmum
965 794 1094 872 panem
1129 808 1227 853 suum
1261 786 1298 851 in
1333 786 1518 851 ebdomada

401 890 550 980 proxima
562 896 638 977 post
650 888 867 955 Pentecosten
880 886 917 953 in
929 886 1027 953 domo
1037 888 1183 955 eiusdem
1195 890 1352 955 Bonemie
1362 889 1518 976 nequiter

401 1003 438 1062 at
455 994 493 1059 in
511 990 632 1059 felonia
649 999 686 1057 et
703 990 793 1077 quod
811 990 873 1057 hoe
892 990 1040 1057 feeenmt
1059 991 1095 1057 in
1109 1014 1189 1079 paee
1203 992 1299 1059 Dom.
1313 994 1415 1081 Regis
1429 1004 1466 1059 et
1479 994 1516 1059 in

401 1094 522 1165 felonia
534 1094 630 1161 offert
643 1092 858 1160 disrationare
873 1114 987 1159 uersus
1001 1116 1078 1159 eum
1092 1094 1178 1161 sieut
1198 1094 1381 1161 cristianus
1399 1118 1516 1161 nemus

399 1200 425 1265 J
424 1198 525 1267 ndeos
539 1206 638 1286 prout
651 1196 743 1263 euris
755 1196 1021 1263 eonsideranerit.

465 1303 512 1371 Et
533 1302 689 1369 Bonamie
713 1302 809 1369 uenit
831 1311 868 1369 et
893 1302 1040 1369 defendit
1064 1322 1123 1388 pm
1144 1325 1179 1367 se
1205 1310 1240 1369 et
1265 1326 1365 1369 uxore
1389 1326 1450 1369 sua
1478 1314 1515 1368 et

400 1406 509 1496 pueris
523 1407 591 1475 maia
604 1414 742 1474 mortem
757 1406 916 1473 Willelmi
935 1415 970 1473 et
993 1406 1145 1473 feloniam
1165 1415 1201 1473 et
1220 1414 1327 1473 totum
1347 1408 1389 1473 de
1412 1408 1515 1473 uerbo

400 1512 436 1579 in
450 1512 588 1578 uerbum
601 1510 687 1577 sieut
700 1512 724 1578 J
724 1510 829 1577 udeus
848 1532 962 1577 uersus
982 1510 1181 1577 Oristianum
1200 1518 1236 1576 et
1259 1511 1342 1577 bene
1365 1510 1515 1577 defendit

400 1614 488 1705 quod
521 1638 561 1682 eo
593 1614 648 1681 die
681 1637 747 1703 quo
779 1615 869 1681 idem
903 1612 1088 1682 Willelmus
1122 1615 1205 1681 obiit
1234 1637 1300 1679 non
1328 1614 1393 1681 fuit
1422 1614 1513 1681 idem

400 1717 586 1787 willelmus
613 1718 650 1785 in
678 1718 774 1785 domo
802 1740 864 1784 sua
892 1738 953 1785 nec
982 1717 1116 1783 domum
1145 1740 1237 1783 suam
1275 1718 1422 1785 intrauit
1467 1716 1515 1785 Et

398 1820 547 1909 quesitus
565 1820 726 1909 quomodo
744 1843 779 1887 se
799 1842 938 1909 purgare
954 1821 1096 1887 uoluerit
1110 1820 1151 1887 ds
1165 1828 1270 1887 morte
1285 1830 1320 1887 et
1333 1820 1379 1886 si⁸
1390 1842 1513 1907 ponere

399 1926 483 1995 uelit
509 1948 608 2014 super
635 1926 691 2013 xij.
722 1927 844 2014 legales
873 1925 998 1991 uicinos
1032 1925 1211 1991 Oristianos
1239 1934 1274 1991 et
1303 1924 1357 2010 xij.
1386 1926 1513 1992 Judeos

398 2030 523 2097 uicinos
536 2028 718 2117 dicitquod
731 2052 797 2095 non
811 2030 887 2096 uult
900 2050 1020 2117 ponere
1034 2052 1070 2095 se
1089 2051 1187 2115 super
1205 2029 1348 2116 aliquam
1368 2030 1511 2099 iuratam

398 2142 511 2201 contra
532 2132 719 2199 libertatem
738 2154 832 2199 anam
852 2154 951 2220 quam
971 2132 1035 2221 ipsi
1054 2132 1154 2199 Jndei
1174 2132 1299 2201 habent
1313 2156 1372 2221 per
1385 2142 1511 2201 cartam

398 2238 523 2306 domini
536 2237 637 2325 Regis
651 2238 675 2302 J
676 2236 695 2303 ,⁴

465 2344 509 2409 Et
522 2342 694 2431 inquisitio
707 2342 767 2409 fiat
780 2364 840 2429 per
854 2341 1033 2409 Oriatianos
1047 2350 1082 2408 et
1096 2342 1119 2407 J
1120 2341 1220 2408 ndeos
1234 2341 1307 2409 etn‘

340 2502 348 2521 ,
462 2444 664 2511 ‘Willelmus
691 2444 734 2510 da
762 2444 948 2511 Heideuieo
977 2466 1035 2531 per
1063 2452 1266 2511 attornatum
1296 2466 1393 2511 suum
1423 2444 1512 2531 petit

340 2580 346 2595 ·
398 2568 511 2615 uersus
536 2546 712 2615 Rieardum
737 2547 779 2615 da
807 2547 974 2615 Geldicote
995 2549 1021 2636 j.
1048 2548 1128 2635 uirg.
1152 2556 1238 2615 tene
1263 2571 1338 2615 cum
1367 2556 1449 2635 pent
1474 2548 1511 2613 in

398 2649 565 2719 Caldieote
584 2658 624 2717 ut
643 2650 695 2717 ins
714 2672 812 2717 suum
831 2651 916 2717 etin
931 2673 1030 2738 quam
1045 2650 1133 2717 idem
1147 2650 1306 2717 Ricardus
1320 2672 1385 2715 non
1407 2650 1510 2715 habet

397 2756 577 2845 ingressum
591 2754 656 2821 nisi
665 2776 725 2843 per
734 2754 874 2822 Alieiam
886 2778 949 2843 que
961 2756 1025 2821 fuit
1036 2778 1117 2821 uxor
1128 2754 1278 2821 Maurieii
1287 2755 1329 2821 de
1339 2754 1509 2823 Oaldioote

397 2884 461 2949 que
475 2882 548 2927 eam
567 2858 678 2926 tenuit
697 2859 732 2925 in
752 2859 862 2927 dotem
883 2860 924 2927 de
944 2860 1027 2927 dono
1046 2859 1150 2947 ipsius
1169 2859 1320 2926 Maurieii
1343 2858 1508 2946 qnondam

396 2962 462 3031 uiri
485 2962 538 3031 aui
561 2962 718 3029 auunculi
741 2962 845 3050 ipsius
868 2962 1026 3031 Willelmi
1051 2963 1144 3029 euius
1168 2963 1263 3029 heres
1287 2964 1357 3050 ipse
1385 2972 1438 3028 est
1468 2972 1509 3029 ut

397 3066 487 3134 dicit

462 3170 506 3235 Et
534 3168 692 3236 Ricardus
720 3168 815 3235 uenit
843 3178 879 3236 et
906 3168 1054 3237 defendit
1082 3170 1134 3236 ius
1162 3192 1259 3236 suum
1294 3170 1436 3237 habendi
1471 3171 1507 3237 in

395 3272 556 3342 dominico
575 3279 611 3339 et
629 3272 717 3360 quod
735 3274 863 3339 nullum
883 3273 1064 3361 ingressum
1079 3273 1179 3340 habet
1193 3296 1253 3360 per
1265 3272 1407 3339 Aliciam
1426 3274 1508 3360 quia

394 3376 583 3465 priusquam
605 3376 712 3443 Alieia
733 3376 877 3464 aliquam
900 3378 1010 3443 dotem
1033 3377 1150 3444 habuit
1174 3378 1243 3465 ipsa
1269 3386 1389 3443 terram
1411 3376 1505 3442 illam

395 3480 512 3545 habuit
544 3486 580 3545 et
612 3478 654 3546 de
682 3479 861 3547 medietate
889 3480 979 3547 illius
1008 3490 1093 3548 terre
1122 3490 1218 3547 uocat
1248 3480 1291 3546 ad
1319 3488 1503 3545 wmnntnm

394 3581 570 3649 Ricardum
592 3582 634 3649 de
658 3580 843 3649 Paltintena
867 3592 901 3649 et
925 3582 967 3649 de
992 3584 1058 3650 alin
1081 3584 1259 3649 medietate
1283 3584 1377 3671 ponit
1401 3606 1436 3649 se
1466 3584 1503 3649 in

394 3708 546 3773 magnam
559 3684 694 3753 assisam
708 3694 767 3752 ete
783 3694 818 3753 et
832 3686 919 3773 petit
938 3688 1190 3775 recognieionem
1211 3687 1282 3753 fieri
1301 3696 1413 3753 utmm
1432 3687 1504 3773 ipe

394 3788 500 3855 mains
525 3786 577 3854 ius
597 3788 719 3854 habeat
740 3790 874 3855 tenendi
896 3790 985 3857 illam
1007 3792 1048 3857 de
1070 3792 1140 3878 ipso
1160 3790 1325 3856 Willelmo
1345 3790 1399 3856 nel
1421 3790 1506 3856 Wil-

427 3974 610 4099 ῑῗιιιιΛιΑᾱ.
974 3978 1502 4095 1ιζιιῑιΙιίιΙιιιιιΙοιιιΙιιιιιΙΙιιέΙίιίιει

426 4104 600 4169 ‘ltflpplytt
1007 4108 1504 4173 'Indaigttssnchrisfimd

426 4140 658 4235 ‘Retouin-
674 4170 923 4239 amintam
974 4174 1064 4225 tvaim
1074 4173 1503 4238 summitatum-na

396 4234 470 4285 lwl
503 4184 1064 4303 Aoomdingtothatmmsofmmo
1114 4238 1444 4303 ιιωΒωιιιιῄῑιιἙς
1467 4256 1504 4290 no

396 4296 657 4351 thiethmanhe
685 4302 740 4352 διν
766 4302 924 4355 monldba
973 4304 1465 4401 jungamini-mma

396 4363 924 4432 allovadtopmgahimaalfbyoath
1007 4368 1104 4419 ΙιιιΔ.
1105 4368 1367 4427 semmam

394 4432 594 4493 manerem
609 4446 716 4487 mn
705 4434 923 4497 talanppoes.
