3342 5217
386 16 450 79 614
594 26 829 86 mensuruus,
850 8 1034 85 A.u.'1233,
1055 24 1120 74 aa
1144 6 1279 79 17-18.

384 202 471 290 quod
492 208 623 267 secutus
644 199 709 265 fuit
727 198 886 285 placitum
906 198 939 263 in
956 198 1046 263 curia
1060 197 1285 263 cristianitatis
1298 196 1339 263 de
1354 198 1492 265 aduoca-

385 308 474 373 tione
505 306 627 391 capelle
656 304 697 370 de
727 303 921 390 Toppecroft
950 301 1037 367 unde
1067 302 1185 367 Daniel
1216 304 1246 367 le
1277 303 1386 368 Goher
1414 304 1496 369 tulit

385 411 547 498 quoddam
567 407 748 474 indicauit¹.
793 408 839 473 Et
860 429 957 494 super
979 407 1039 472 hoc
1060 416 1222 473 uenerunt
1243 408 1401 473 attornati
1423 431 1497 495 pre-

385 514 472 579 dicte
486 511 594 579 Alicie·
612 520 647 577 et
666 518 846 598 posuerunt
866 533 901 576 se
921 510 955 575 in
977 510 1140 596 quandam
1160 510 1414 597 inquisicionem,
1430 512 1498 576 scil.

385 616 414 679 si
438 614 573 680 ccclesia
594 611 635 677 de
657 611 882 698 Bedingeham
903 611 990 676 unde
1013 609 1099 677 idem
1123 612 1280 699 Magister
1301 612 1499 677 Vincencins

385 726 436 784 est
464 739 600 804 persona
628 715 693 780 fuit
721 714 834 779 saisita
862 714 903 780 de
940 714 1073 781 decimis
1110 716 1260 781 omnibus
1294 716 1418 802 capelle
1457 714 1498 779 de

385 822 594 909 Toppescroft
623 819 710 885 unde
735 818 901 906 predictus
927 819 1044 885 Daniel
1069 820 1149 886 dicit
1174 844 1208 885 se
1234 843 1302 885 esse
1326 842 1497 905 personam

385 950 512 1013 semper
526 948 628 1012 usque
644 924 685 989 ad
699 934 830 1010 tempus
844 924 947 1011 ipsius
959 925 1106 990 Danielis
1116 926 1182 991 scil.
1194 948 1296 1012 usque
1308 924 1349 990 ad
1364 932 1498 1009 tempus

386 1054 450 1119 quo
471 1032 541 1117 ipse
563 1030 627 1095 fuit
648 1029 724 1093 inde
747 1052 891 1115 persona,
906 1036 941 1094 et
963 1030 1040 1116 qnia
1060 1030 1129 1115 ipse
1152 1030 1305 1117 spoliauit
1326 1032 1496 1096 ecclesiam

384 1158 477 1199 suam
493 1133 533 1198 dc
545 1132 768 1219 Bodingeham
783 1132 858 1197 ideo
872 1132 1077 1219 inplacitauit
1093 1156 1168 1197 eum
1183 1133 1217 1197 in
1232 1134 1322 1199 curia
1335 1134 1497 1199 cristiani·

385 1238 463 1302 tatis
492 1244 551 1301 etc
612 1235 656 1299 Et
684 1257 783 1320 snper
810 1234 871 1299 hoc
900 1235 993 1300 uenit
1022 1234 1145 1322 Symon
1174 1237 1215 1302 de
1245 1238 1408 1303 Beinuilla
1438 1261 1497 1324 pro

384 1340 530 1427 predicta
545 1339 650 1404 Alicia
665 1348 700 1404 ct
714 1338 795 1405 dicit
810 1340 896 1426 quod
911 1340 982 1426 ipsa
995 1363 1060 1405 non
1074 1341 1184 1427 posuit
1200 1364 1235 1407 se
1250 1366 1347 1429 super
1360 1343 1498 1429 inquisi-

383 1444 509 1509 cionem
524 1452 584 1509 etc.
629 1444 674 1507 Et
695 1442 813 1507 Daniel
835 1442 986 1508 similiter
1008 1444 1065 1529 qui
1087 1445 1166 1509 tulit
1186 1446 1285 1511 breue
1308 1445 1500 1532 dicitquod

384 1571 449 1612 non
471 1548 579 1633 posuit
601 1569 635 1611 se
657 1546 693 1611 in
714 1546 894 1632 predictam
916 1548 1169 1634 inquisicionem
1214 1549 1259 1614 Et
1278 1550 1351 1614 ideo
1370 1549 1498 1614 dictum

386 1659 436 1715 est
459 1650 616 1737 Magistro
639 1650 812 1715 Vincentio
832 1650 919 1737 quod
938 1651 1091 1737 procedat
1110 1651 1146 1716 in
1166 1652 1254 1717 curia
1274 1652 1500 1717 cristianitatis

385 1763 421 1819 et
437 1754 524 1841 quod
538 1755 658 1819 habeat
673 1754 773 1820 breue
788 1755 830 1819 ad
845 1754 968 1820 iudices
983 1763 1043 1821 etc

324 1917 331 1929 ,
450 1858 566 1944 'Hugo
595 1857 636 1923 de
666 1858 821 1923 Neouilla
850 1867 884 1923 et
914 1860 1076 1924 Beatricia
1106 1883 1187 1925 uxor
1214 1860 1284 1925 eius
1312 1860 1420 1924 Alicia
1457 1859 1499 1925 de

321 1996 326 2007 ·
386 1962 578 2050 Beudenges
600 1970 635 2027 et
656 1963 823 2028 Johannes
846 1964 993 2028 Branche
1016 1972 1050 2029 et
1072 1964 1224 2029 Johanna
1245 1986 1326 2029 uxor
1346 1964 1417 2028 eius
1441 1986 1501 2049 per

385 2072 566 2129 attornatos
591 2088 666 2130 suos
687 2074 807 2152 petunt
832 2088 946 2131 uersus
972 2066 1168 2132 Robertum⁸
1195 2067 1390 2153 Episcopum
1422 2066 1498 2132 Sar-

387 2169 605 2233 risbiricnsem
620 2177 687 2235 tres
701 2178 810 2255 partes
827 2171 965 2236 manerii
984 2170 1025 2237 de
1048 2171 1300 2258 Godhalminges
1320 2194 1395 2236 cum
1414 2179 1498 2257 pert

386 2281 425 2338 ut
439 2274 491 2338 ius
505 2296 601 2338 suum
616 2295 675 2359 per
689 2275 788 2340 breue
804 2274 845 2339 de
866 2282 961 2341 recto.
1008 2276 1052 2340 Et
1074 2275 1252 2362 Episcopus
1272 2298 1331 2362 per
1352 2284 1499 2341 attorna-

387 2387 459 2443 tum
481 2402 576 2443 suum
599 2379 693 2443 uenit
715 2387 750 2443 et
770 2379 853 2445 dicit
874 2378 960 2465 quod
981 2402 1046 2444 non
1070 2381 1128 2445 wlt
1151 2380 1198 2445 eis
1221 2379 1412 2466 respondere
1436 2381 1501 2445 nisi

386 2484 476 2548 curia
497 2483 749 2549 considerauerit
768 2484 846 2570 quia
865 2485 1032 2550 Johannes
1053 2508 1118 2550 non
1139 2486 1326 2550 nominatur
1346 2486 1381 2549 in
1403 2485 1502 2549 breui

386 2594 421 2651 et
436 2586 493 2672 qui
507 2586 717 2672 desponsauit
731 2587 911 2674 predictam
926 2588 1111 2653 Johannam
1131 2597 1204 2675 post
1223 2589 1322 2653 breue
1342 2587 1500 2673 impetra-

387 2688 482 2755 tum⁴.
528 2689 608 2753 Dies
624 2690 721 2755 datus
740 2698 790 2755 est
810 2691 858 2755 eis
878 2700 937 2756 etc
984 2692 1028 2755 Et
1047 2692 1215 2757 sciendum
1229 2691 1315 2777 quod
1329 2691 1353 2757 J
1354 2690 1501 2781 ohannes

386 2794 427 2859 de
444 2793 699 2881 Bauelingeham
715 2804 750 2860 et
764 2818 846 2859 uxor
860 2818 919 2861 sua
933 2818 997 2860 non
1013 2803 1168 2861 secuntur
1182 2794 1223 2860 de
1238 2802 1330 2881 parte
1345 2817 1413 2861 sua

452 2896 647 2961 'Eustachia
661 2897 702 2963 de
717 2897 865 2964 Ardeme
880 2899 1001 2984 optulit
1016 2921 1050 2963 se
1065 2898 1121 2984 iiij.
1136 2897 1190 2964 die
1205 2920 1317 2963 uersus
1332 2898 1501 2985 Rogarem

387 2999 428 3065 de
444 2999 694 3087 Whilhingtona
706 3001 748 3066 de
763 3002 884 3087 placito
898 3000 985 3088 quod
1004 3000 1120 3067 reddat
1140 3024 1168 3067 x.
1185 3022 1307 3067 marcas
1326 3024 1407 3087 quas
1427 3002 1503 3087 ipsa

389 3104 565 3170 Eustachia
579 3105 722 3170 reddidit
736 3129 794 3192 pro
809 3128 848 3171 eo
868 3106 1009 3171 Radulfo
1024 3106 1258 3171 Molendinario
1278 3114 1314 3171 et
1328 3105 1507 3171 coneus*

389 3231 447 3294 pro
461 3208 545 3295 pleg'
560 3208 663 3294 ipsius
681 3208 810 3296 hogeri,
825 3218 865 3274 ut
884 3209 965 3275 dicit
985 3218 1044 3276 etc
1091 3210 1135 3274 Et
1154 3210 1300 3297 Rogerus
1319 3232 1385 3273 non
1405 3210 1504 3275 uenit

389 3320 458 3389 etc,
481 3320 515 3375 et
537 3312 646 3397 plures
668 3312 746 3378 fecit
767 3311 914 3392 defaltas,
935 3314 984 3379 ita
1005 3313 1092 3401 quod
1114 3322 1302 3401 preceptum
1326 3315 1391 3379 fuit
1413 3314 1503 3381 uice·

389 3415 500 3480 comiti
515 3416 601 3501 quod
616 3416 825 3505 distringeret
840 3440 916 3483 eum
931 3441 989 3504 per
1009 3428 1138 3497 terram,
1154 3428 1189 3484 et
1208 3418 1387 3484 uicecomes
1407 3442 1503 3485 man-

388 3518 483 3585 dauit
504 3518 591 3605 quod
612 3543 678 3584 non
700 3521 764 3586 fuit
785 3521 950 3599 inuentus,
974 3530 1008 3587 et
1033 3521 1112 3588 alies
1138 3530 1296 3588 testatum
1322 3522 1388 3587 fuit
1413 3524 1503 3609 qnod

422 3671 544 3722 1Daniel
559 3687 655 3735 parson
672 3673 702 3723 ot
721 3673 766 3724 the
783 3674 875 3737 chapel
891 3676 920 3726 ol
969 3674 1024 3729 MS.
1038 3675 1057 3726 l.
1069 3676 1125 3727 130.

390 3736 521 3801 repeton,
539 3738 568 3786 of
582 3736 667 3788 which
681 3738 752 3789 Aliae
768 3740 792 3789 ia
813 3744 917 3803 patron,
1001 3739 1013 3771 ¹
1028 3742 1058 3791 A.
1070 3756 1106 3790 m.
1119 3740 1182 3793 14u

390 3802 657 3863 hnsbronghtawrit
673 3803 701 3853 ol
715 3806 846 3855 Indtcacit
863 3806 916 3869 (Br.
1002 3805 1272 3869 ³1sobertssinghm

392 3868 410 3916 l.
423 3868 509 3945 40le
524 3871 552 3917 to
567 3867 682 3931 prohibit
695 3869 807 3919 vincent
823 3884 919 3934 parson
1002 3870 1071 3923 ⁴Br.
1091 3872 1110 3921 l.
1127 3872 1210 3923 mab.
1244 3871 1299 3921 The
1315 3870 1368 3935 day
1383 3872 1407 3923 ia
1424 3876 1499 3937 giren

393 3931 421 3982 nl
440 3931 602 4008 Bedmghnm
617 3934 772 3997 proceeding
790 3935 817 3984 in
840 3936 920 3985 Gourt
970 3936 1205 3998 loriudgment,h.

392 3996 525 4047 Christian
542 3998 582 4048 lor
597 3999 643 4048 the
655 3998 734 4049 tithes
744 4000 773 4049 ol
787 4000 918 4063 Toporolt.
1002 4000 1013 4033 ⁶
1028 4001 1058 4052 A
1072 4016 1108 4051 m.
1123 4000 1190 4053 lld.

392 4062 444 4111 For
465 4061 556 4111 earlier
576 4064 743 4126 proceedings
770 4079 813 4114 see
841 4066 919 4114 below
1002 4065 1236 4123 ‘aconensem
