3342 5217
236 1853 383 1917 722.

240 3418 379 3483 723.

1096 5 1396 65 Tmm'rr,
1441 5 1570 53 ΑΛ).
1622 0 1807 66 1225,
1852 4 1980 53 aa.
2027 0 2083 54 9.
2575 0 2700 56 553

619 177 706 241 Et
738 176 982 244 Oecilia
1010 175 1171 242 dicit
1200 174 1373 263 quod
1402 174 1629 241 dotata
1667 176 1795 241 fuit
1835 175 1989 242 inde
2033 176 2132 242 ita
2173 175 2345 263 quod
2388 175 2701 242 concessit

486 281 550 346 ei
578 282 998 347 medietatem
1030 281 1240 348 tocius
1278 291 1449 347 terre
1491 303 1617 368 que
1664 281 1727 347 ei
1769 280 2088 347 accideret
2132 290 2201 346 et
2243 282 2386 368 ipsa
2429 281 2702 346 Matillis

487 395 711 472 postea
740 386 1003 453 demisit
1030 411 1099 454 se
1130 387 1211 453 (16
1243 395 1416 453 terra
1443 386 1558 452 illa
1587 395 1656 453 et
1686 386 1865 451 illam
1899 384 2080 451 dedit
2122 384 2331 451 eidem
2380 385 2700 451 Giliberto

485 489 582 554 ita
610 488 783 575 quod
814 490 995 555 Prior
1025 488 1452 555 Norwicensis
1481 489 1778 576 capitalis
1807 489 2106 554 dominus
2128 489 2302 575 cepit
2323 488 2699 576 homagium

484 595 688 683 ipsius
734 596 1040 662 Giliberti
1082 597 1165 662 ad
1205 596 1596 683 peticionem
1627 595 1833 682 ipsius
1862 594 2205 660 Matillidis
2235 602 2304 660 et
2332 593 2483 659 inde
2513 594 2700 681 ponit

485 723 552 765 se
583 722 777 786 super
806 700 1087 765 iuratam
1120 706 1187 765 et
1219 699 1463 766 Cecilia
1492 698 1808 764 similiter.

617 804 706 869 Et
744 803 891 870 ideo
930 812 1310 892 preceptum
1352 812 1453 869 est
1498 803 1869 869 uicecomiti
1913 802 2086 890 quod
2127 825 2339 868 coram
2369 825 2446 868 eo
2475 803 2700 869 uenire

487 908 683 973 faciat
751 908 859 994 xij.
922 916 1042 973 etc.
1104 917 1173 973 et
1232 931 1349 994 per
1418 929 1641 972 eorum
1704 915 1821 973 etc.
1889 906 2241 995 diligenter
2299 906 2588 993 inquirat
2646 907 2701 972 si

487 1011 658 1076 idem
706 1013 1063 1078 Gilibertus
1106 1012 1211 1078 die
1258 1020 1377 1078 etc.
1420 1012 1528 1077 uel
1574 1033 1886 1098 umquam
1932 1021 2158 1098 postea
2199 1012 2417 1077 tenuit
2461 1021 2698 1077 terram

486 1116 663 1180 illam
695 1116 764 1180 in
793 1115 978 1181 feodo
1008 1116 1106 1181 ita
1145 1115 1317 1203 quod
1359 1138 1502 1180 eam
1544 1115 1768 1181 dotare
1809 1116 2026 1202 potuit
2069 1115 2150 1181 de
2194 1116 2547 1181 medietate
2591 1118 2699 1181 uel

486 1242 613 1284 non
644 1228 713 1284 et
749 1220 805 1285 si
846 1221 1137 1307 predicta
1181 1220 1455 1286 Matillis
1499 1229 1711 1286 mater
1753 1220 2041 1286 eiusdem
2088 1221 2393 1286 Giliberti
2439 1221 2702 1287 demisit

484 1345 552 1387 se
582 1322 663 1387 de
696 1331 869 1389 terra
897 1325 1012 1389 illa
1040 1325 1136 1390 ita
1178 1324 1350 1411 quod
1396 1324 1578 1389 Prior
1622 1324 2054 1389 Norwicensis
2097 1324 2180 1389 ad
2223 1324 2611 1411 peticionem
2655 1325 2664 1414 Ι

484 1427 623 1492 61118
665 1428 840 1514 oepit
883 1428 1258 1516 homagium
1302 1429 1507 1516 ipsius
1549 1428 1854 1494 Giliberti
1891 1428 1996 1493 uel
2028 1450 2174 1506 non,
2206 1428 2362 1514 quia
2390 1436 2525 1493 tam
2558 1438 2696 1508 etc„

485 1545 554 1603 et
605 1537 1098 1624 inquisicionem
1145 1537 1325 1602 illam
1371 1536 1631 1602 habeat*
1656 1536 1776 1601 tali
1819 1536 1925 1602 die
1970 1559 2086 1623 per
2128 1536 2381 1602 litteras
2426 1545 2545 1604 etc.
2589 1540 2698 1603 uel

486 1666 696 1709 coram
741 1643 1112 1709 iusticiariis
1156 1644 1211 1707 si
1254 1643 1433 1729 prius
1468 1643 1547 1708 'in
1592 1651 1811 1729 partes
1849 1644 1992 1709 illas
2029 1642 2329 1709 uenerint
2358 1642 2441 1709 ad
2469 1644 2698 1711 assises

485 1770 653 1813 noue
684 1747 1016 1812 disseisine
1048 1755 1164 1812 etc.
2621 1806 2630 1815 .

617 1851 635 1883 ¹
653 1851 868 1917 Adam
899 1852 1073 1916 filius
1104 1849 1385 1917 Deodati
1426 1851 1670 1937 optulit
1700 1874 1767 1916 se
1796 1851 1954 1937 iiijw.
1988 1850 2093 1915 die
2125 1872 2351 1916 uersus
2383 1850 2695 1940 Karolum

485 1954 565 2019 de
597 1955 962 2021 Gernemue
994 1964 1062 2020 et
1092 1955 1369 2021 Aliciam
1400 1978 1666 2021 uxorem
1698 1955 1837 2021 eius
1877 1955 1958 2021 de
1994 1954 2232 2041 placito
2262 1977 2460 2041 quare
2490 1958 2698 2022 secuti

483 2069 638 2125 sunt
698 2059 1010 2146 placitum
1064 2060 1131 2124 in
1186 2060 1364 2126 curia
1414 2059 1864 2125 cristianitatis
1916 2059 1998 2125 (16
2045 2060 2207 2124 laico
2259 2060 2442 2125 feodo
2493 2060 2697 2146 ipsius

482 2159 798 2225 Willelmi
836 2160 905 2223 in
952 2159 1342 2245 Hundelby²
1372 2166 1596 2224 contra
1626 2166 1747 2225 etc.
1778 2167 1847 2224 et
1888 2181 2116 2224 uersus
2153 2158 2694 2226 Archidiaconum

483 2264 862 2330 Bedefordie
908 2272 977 2330 et
1021 2264 1496 2330 Cancellarium
1544 2263 1963 2352 Cantebrigie
2010 2272 2079 2329 et
2124 2264 2575 2331 Precentorem
2615 2265 2697 2330 de

484 2365 927 2455 Beuerlegha⁸
956 2367 1038 2433 de
1069 2367 1308 2454 placito
1345 2390 1543 2454 quare
1585 2376 1940 2433 tenuerunt
1984 2368 2299 2454 placitum
2343 2369 2426 2434 de
2471 2370 2697 2435 eodem

481 2480 598 2557 etc.
691 2472 778 2536 Et
829 2472 1047 2536 nullus
1099 2493 1320 2537 eorum
1373 2471 1559 2536 uenit
1608 2481 1678 2536 et
1731 2472 2087 2537 uicecomes
2135 2471 2476 2537 mandauit
2525 2474 2697 2560 quod

485 2577 763 2643 Karolus
815 2585 883 2642 et
926 2577 1141 2642 Alioia
1182 2583 1451 2642 manent
1495 2576 1564 2640 in
1589 2576 1814 2642 ‘Lenn’
1863 2585 1931 2642 et
1979 2575 2177 2641 nichil
2226 2577 2471 2642 habent
2515 2587 2699 2645 extra

484 2682 703 2760 Lenn',
734 2682 849 2746 ubi
895 2682 1093 2747 breue
1138 2681 1325 2746 Dom.
1356 2680 1558 2768 Regis
1601 2703 1733 2745 non
1776 2679 2156 2746 admittitur
2169 2680 2210 2759 ⁴,
2241 2688 2310 2746 et
2339 2681 2698 2750 uicecomes

484 2785 902 2873 Cantebrigie
934 2784 1275 2849 mandauit
1305 2784 1478 2870 quod
1508 2783 1756 2850 iudices
1785 2784 2000 2850 clerici
2024 2793 2178 2849 sunt
2202 2792 2270 2849 et
2292 2808 2421 2850 non
2451 2785 2698 2853 habent

481 2891 719 2955 laicum
778 2888 1058 2966 feodum,
1113 2897 1182 2953 et
1240 2888 1386 2954 ideo
1446 2888 1829 2954 mandatum
1890 2896 1989 2954 est
2050 2888 2449 2955 Officialibus
2508 2890 2691 2956 Dom.

483 2992 912 3058 Norwicensis
941 2990 1114 3077 quod
1135 2990 1532 3079 distringant
1562 2990 2103 3057 Archidiaconum
2129 2999 2198 3056 et
2222 2990 2693 3059 Cancellarium

482 3098 654 3183 quod
694 3097 827 3162 sint
871 3096 990 3161 tali
1030 3095 1137 3160 die
1169 3106 1307 3174 etc„
1338 3106 1408 3161 et
1436 3096 1739 3162 similiter
1782 3095 2163 3162 mandatum
2209 3106 2310 3161 est
2356 3098 2695 3164 Gaufrido⁶

482 3203 748 3289 Elyensi
791 3203 1018 3267 Electo
1062 3201 1235 3286 quod
1280 3201 1629 3289 distringat
1673 3200 2036 3288 predictum
2085 3202 2532 3267 Precentorem
2573 3211 2690 3269 etc.

484 3315 553 3370 et
583 3306 846 3371 interim
876 3313 1209 3370 remaneat
1239 3304 1320 3370 de
1352 3304 1591 3369 Karolo
1621 3313 1690 3370 et
1719 3305 1946 3371 Alicia.

612 3412 634 3445 ⁰
653 3410 973 3476 Radulfus
1018 3408 1099 3473 de
1151 3408 1638 3475 Saunderlande
1693 3409 1989 3495 queritur
2038 3409 2210 3495 quod
2262 3409 2585 3477 Henricus
2631 3411 2693 3475 le

549 3596 565 3627 ¹
601 3595 660 3644 A.
685 3610 754 3646 m.
784 3595 890 3654 8d;
925 3595 986 3643 B.
1011 3609 1080 3646 m.
1112 3597 1158 3645 7.
1705 3594 1727 3626 ⁴
1762 3594 2030 3657 Isuppose
2062 3594 2169 3643 this
2205 3598 2260 3644 to
2295 3610 2448 3645 mean
2485 3595 2600 3646 that
2635 3596 2692 3646 in

546 3660 569 3691 ²
593 3662 743 3722 feodo
758 3662 983 3723 predicti
1007 3661 1115 3709 Ade
1133 3663 1189 3709 in
1207 3662 1367 3709 Lenn.
1389 3661 1447 3709 A.
1471 3660 1529 3710 B.
1638 3659 1793 3722 Lynn
1830 3659 1918 3709 the
1956 3673 2139 3722 mayor
2169 3659 2267 3709 has
2301 3660 2391 3709 the
2427 3664 2605 3710 return
2639 3662 2697 3712 of

483 3725 716 3775 Blander
759 3726 858 3775 due
896 3729 953 3775 to
996 3725 1087 3775 the
1126 3726 1327 3788 copyist
1365 3724 1537 3775 whose
1639 3723 1798 3786 writs,
1845 3739 1901 3773 so
1939 3724 2056 3773 that
2098 3724 2188 3774 the
2227 3728 2365 3774 town
2405 3724 2451 3776 is
2491 3726 2692 3778 outside

482 3806 573 3854 eye
594 3791 640 3839 is
664 3790 852 3904 cauggt
869 3791 936 3853 by
959 3790 1179 3904 anathor
1201 3805 1318 3841 case
1348 3805 1417 3839 on
1447 3790 1537 3840 the
1638 3789 1729 3885 the
1752 3789 2337 3905 sderffi'izgur‘ciwcixtioni
2359 3855 2369 3867 ·
2434 3856 2478 3904 Β
2543 3856 2590 3907 G
2652 3858 2677 3907 f

484 3871 787 3972 samaa-grem
803 3870 1131 3981 maella,
1194 3920 1254 3969 A.
1292 3920 1352 3969 B.
1435 3920 1537 3969 Not
1640 3919 1749 3981 frey
1780 3857 2065 3980 dguglirghs
2088 3869 2541 3986 ffectecduiiinMasy,
2573 3872 2693 3973 οἷστι-

484 3987 727 4049 Beverley
769 3986 861 4037 but
906 3985 1165 4037 Barnwell
1211 4000 1337 4038 near
1392 3985 1537 4037 Cam·
1640 3984 1873 4035 secrated
1894 3986 1951 4034 in
1973 3985 2125 4043 June,
2153 3986 2297 4035 1225.
2378 4013 2387 4023 ·

484 4051 676 4118 bridge.
1707 4049 1728 4082 ⁰
1763 4050 1821 4104 A,
1846 4065 1916 4099 m.
1943 4049 2046 4111 8d3
2088 4050 2148 4099 B.
2175 4066 2243 4101 m.
2274 4050 2367 4105 7d.

2818 1459 2930 1508 [1022]

2818 1872 2933 1911 Norr.

2816 3408 2882 3509 2³}

2883 3410 2929 3509 ,aa

3191 4510 3266 4579 A
