3342 5217
354 389 416 455 366
563 405 795 465 urcxsmuas,
819 403 883 454 aa.
909 390 1001 464 1230,
1023 405 1087 453 sn.
1111 391 1246 452 14-15.

353 577 548 666 Magistrum
576 577 798 644 Alexandrum
827 575 955 643 Dorset'
984 577 1025 643 de
1051 577 1171 664 placito
1199 597 1299 662 quare
1328 582 1458 640 secutus

353 693 403 749 est
432 683 588 770 placitum
618 683 653 748 in
682 683 771 748 curia
800 682 1023 748 cristianitatis
1055 682 1096 747 de
1124 681 1206 747 laico
1235 681 1328 746 feodo
1356 679 1457 766 ipsius

353 786 509 851 Willelmi
524 795 636 852 contra
650 785 903 873 prohibicionem
919 793 979 850 eta

187 890 315 978 {2322ss
416 888 461 954 Et
491 890 647 977 Magister
669 890 856 955 Alexander
876 913 941 954 non
972 890 1065 955 uenit
1096 899 1131 955 et
1160 889 1277 955 habuit
1305 888 1393 954 diem
1421 888 1455 952 in

187 985 339 1072 ml}
351 994 453 1060 baneo
475 1003 513 1060 ut
533 995 732 1060 satisfaceret
752 995 859 1060 eidem
873 995 1037 1060 Willelmo
1057 1003 1092 1059 et
1112 1002 1225 1081 postea
1240 993 1331 1059 uisus
1344 992 1408 1057 fuit
1421 992 1456 1056 in

186 1077 326 1212 §sslffill
352 1101 441 1166 curia
469 1109 504 1165 et
534 1101 665 1166 recessit
694 1101 763 1166 sine
794 1101 929 1166 licencia
954 1110 989 1167 et
1010 1100 1084 1166 ideo
1105 1100 1139 1165 in
1162 1098 1380 1165 misericordia
1399 1118 1456 1184 pro

186 1219 263 1259 eorde
351 1212 540 1291 contemptu
556 1205 651 1282 curie,
667 1214 701 1270 et
715 1205 908 1270 mandatum
923 1213 973 1270 est
988 1204 1172 1270 uicecomiti
1191 1202 1356 1268 Londonie
1371 1199 1456 1288 quod

351 1307 615 1396 distringateum
630 1331 688 1395 per
703 1317 804 1374 terras
820 1306 1160 1395 etcatallasuaquod
1179 1307 1259 1372 sita
1271 1305 1325 1372 die
1340 1314 1399 1371 etc
1414 1305 1456 1370 ad

350 1412 609 1501 respondendum
624 1413 730 1479 eidem
744 1413 909 1478 Willelmo
923 1420 982 1477 etc

230 1537 303 1602 465,
417 1517 625 1603 ¹Preceptum
648 1517 713 1582 fuit
734 1516 919 1581 uicecomiti
939 1514 1026 1602 quod
1046 1523 1132 1580 esset
1151 1536 1258 1579 coram
1272 1512 1457 1579 iusticiariis

236 1637 293 1676 surr-
352 1631 539 1688 ostensurus
560 1643 659 1708 quare
682 1621 788 1686 Eliam
804 1620 845 1686 de
860 1620 1066 1687 Orawestolre
1085 1629 1121 1686 et
1136 1620 1338 1686 Willelmum
1352 1619 1456 1684 filium

352 1748 447 1790 suum
470 1723 557 1809 cepit
579 1731 613 1788 et
633 1722 848 1808 inprisonauit
870 1723 1016 1809 eoquod
1037 1723 1144 1789 noluit
1165 1724 1270 1788 facere
1292 1720 1457 1787 lohanne¹

351 1827 392 1894 de
407 1826 549 1892 Aldham
564 1825 813 1892 consuetudines
828 1835 864 1891 et
877 1834 967 1892 recta
980 1827 1118 1892 senricia
1132 1850 1195 1914 que
1216 1827 1248 1893 ei
1268 1827 1372 1892 facere
1391 1848 1455 1891 non

351 1931 467 1997 debuit
481 1932 568 1997 unde
583 1931 670 1996 idem
686 1931 776 1996 Elias
790 1931 870 1997 tulit
884 1931 984 1997 breue
999 1932 1092 1997 Dom
1109 1931 1209 2018 Regis
1224 1940 1283 1997 etc.

416 2035 461 2100 Et
475 2036 498 2101 J
499 2035 640 2100 ohannes
655 2035 696 2100 de
711 2035 913 2101 Gattesdena
926 2036 1106 2102 uicecomes
1120 2036 1213 2101 uenit
1229 2044 1264 2101 et
1277 2035 1358 2102 dicit
1371 2034 1457 2122 quod

352 2137 484 2225 quidam
518 2137 685 2203 Johannes
721 2138 807 2202 lilius
842 2137 914 2203 Ade
945 2138 985 2203 de
1015 2138 1158 2203 Aldham
1188 2138 1267 2203 tulit
1295 2137 1457 2224 quandam

351 2243 483 2308 assisam
498 2242 612 2307 mortis
626 2241 835 2306 antecessoris
850 2264 963 2306 uersus
977 2241 1179 2307 Willelmum
1194 2241 1235 2307 de
1253 2241 1457 2308 Orawestoke

353 2346 393 2411 de
412 2347 437 2432 j.
453 2346 533 2432 uirg.
551 2353 635 2410 terre
655 2367 729 2409 cum
749 2353 830 2430 pert.
852 2345 888 2409 in
908 2344 1113 2411 Orawestolre
1133 2369 1240 2411 coram
1259 2345 1353 2411 Dom
1369 2345 1401 2411 S.
1416 2344 1457 2410 de

353 2449 496 2535 Segreue
526 2456 560 2512 et
589 2447 682 2512 sociis
711 2447 778 2512 suis
799 2469 859 2533 per
880 2470 978 2534 quam
1001 2447 1141 2512 iuratam
1163 2448 1368 2535 recuperauit
1388 2448 1458 2534 ipse

352 2553 502 2618 seisinam
532 2573 625 2616 suam
653 2573 767 2616 uersus
796 2551 937 2616 eundem
961 2551 1172 2629 willelmum,
1194 2551 1244 2617 ita
1272 2551 1358 2639 quod
1385 2573 1457 2638 pre·

352 2665 484 2742 ceptum
499 2655 562 2720 fuit
577 2655 608 2720 ei
623 2654 709 2742 quod
724 2654 830 2720 eidem
842 2653 866 2719 J
866 2655 987 2720 ohanni
1001 2655 1042 2720 de
1057 2655 1170 2720 eadem
1182 2663 1269 2720 terra
1279 2656 1457 2741 plenariam

352 2760 503 2825 saisinam
523 2758 641 2824 habere
662 2759 790 2824 faceret.
835 2758 880 2823 Et
900 2759 1059 2845 cumipse
1075 2760 1212 2826 balliuos
1230 2783 1304 2825 suos
1318 2760 1459 2825 misisset

352 2863 440 2950 apud
461 2861 665 2929 Grauestoke
685 2861 728 2926 ad
748 2860 975 2946 exequendum
989 2870 1180 2948 preceptum
1194 2862 1290 2927 Dom.
1305 2862 1405 2949 Regis
1424 2871 1459 2927 et

352 2968 394 3032 ad
416 2966 598 3033 faciendum
621 2965 727 3030 eidem
749 2964 893 3030 Johanni
913 2965 1066 3031 saisinam
1086 2966 1127 3031 de
1147 2966 1261 3032 eadem
1281 2976 1375 3045 terra
1396 2967 1459 3054 ipsi

352 3071 466 3136 balliui
495 3071 546 3136 sui
575 3071 773 3135 inuenerunt
801 3069 963 3155 predictos
993 3069 1098 3135 Eliam
1129 3078 1163 3134 et
1195 3070 1395 3135 Willelmum
1424 3079 1461 3135 et

352 3174 460 3260 plures
482 3172 561 3238 alios
583 3172 629 3238 eis
648 3172 844 3249 resistentes,
859 3173 908 3237 ita
927 3172 1013 3259 quod
1032 3181 1224 3260 preceptum
1243 3173 1337 3239 Dom.
1358 3173 1460 3262 Regis

353 3279 469 3365 exequi
480 3300 544 3343 non
553 3284 740 3363 potuerunt,
750 3285 883 3362 propter
893 3278 978 3364 quod
990 3277 1054 3363 ipsi
1064 3277 1247 3364 predictum
1257 3278 1459 3344 Willelmum

353 3391 388 3448 et
411 3383 517 3447 Ellam
540 3390 697 3467 ceperunt
719 3390 753 3445 et
776 3403 829 3446 eos
851 3381 887 3445 in
908 3382 1039 3468 prisona
1059 3381 1274 3447 detinuerunt
1295 3382 1459 3448 occasione

352 3485 499 3572 predicta
512 3493 546 3550 et
560 3506 626 3549 non
640 3483 704 3548 alio
718 3482 821 3548 modo.

419 3590 463 3655 Et
493 3589 580 3654 Elias
609 3588 702 3653 uenit
731 3597 766 3652 et
795 3587 876 3653 dicit
905 3587 991 3673 quod
1025 3596 1250 3654 tenementum
1279 3589 1361 3655 illud
1395 3591 1461 3655 suit

354 3695 492 3760 liberum
521 3699 746 3757 tenementum
777 3713 873 3756 suum
895 3699 931 3755 et
953 3691 1040 3776 quod
1062 3691 1149 3757 idem
1171 3691 1338 3758 lohannes
1357 3692 1459 3758 nichil

240 3814 292 3865 [a]
354 3797 429 3863 inde
452 3795 657 3882 recuperauit
679 3795 756 3882 quia
774 3794 779 3881 1
799 3795 869 3882 ipse
891 3795 957 3860 fuit
978 3794 1013 3860 in
1035 3795 1154 3862 saisina
1175 3797 1215 3862 de
1237 3796 1351 3862 eadem
1373 3805 1461 3862 terra

355 3900 407 3966 et'
421 3908 639 3966 antecessores
659 3899 725 3963 sui³
740 3899 830 3964 illam
846 3899 960 3964 multis
974 3901 1175 3986 temporibus
1189 3911 1224 3967 et
1238 3911 1311 3988 post
1326 3903 1459 3968 assisam

354 4005 452 4082 illam,
474 4003 575 4068 donec
598 4001 746 4090 predicta
767 4003 790 4067 J
791 4001 919 4068 ohanna
938 4004 1106 4092 ‘exigebat
1125 4014 1202 4071 ante
1224 4005 1460 4093 autumpnum⁴

388 4230 573 4308 ¹31¹l·¹⁶.‘l·
933 4231 1206 4298 madoaoonjectnral
1216 4234 1391 4287 emendation.
1632 4254 1633 4267 ¹

388 4298 400 4330 ²
416 4295 581 4359 Drstmgursh
591 4295 660 4346 Joan
672 4297 738 4347 from
750 4296 830 4346 John.
967 4297 1006 4330 Η
1021 4307 1080 4348 ante
1099 4307 1262 4362 commensus
1273 4304 1390 4365 proxim
1402 4316 1461 4366 pre-
1632 4272 1634 4345 l

387 4361 428 4396 Η
443 4369 502 4410 ante
519 4364 631 4416 mam.
648 4361 679 4411 Δ.
712 4361 768 4410 Tha
784 4361 883 4424 copyist
934 4366 1034 4413 teritum
1045 4366 1168 4428 eciyebct,
1179 4367 1210 4416 A.

357 4427 466 4479 omitted
487 4431 592 4476 masam
611 4427 663 4478 and
683 4427 726 4478 the
744 4431 883 4480 amotatot
