3342 5217
392 385 456 450 238
568 383 708 472 [Hilory
731 385 797 452 aad
819 385 946 462 saara,
969 401 1034 451 Ab.
1059 388 1153 464 1228,
1174 402 1236 450 aa
1262 385 1325 470 12]

391 569 512 649 worth’,
527 569 708 657 Wydonem
729 571 769 636 de
790 571 992 649 Wateruilla,
1007 571 1194 636 §Iohannem
1217 573 1247 636 le
1268 571 1342 658 cyr,
1357 571 1501 635 lauren-

391 671 477 735 cium
500 671 540 736 de
563 673 613 758 By
747 672 991 760 ¹Reginaldum
1009 674 1114 738 filium
1130 674 1257 738 Acelini
1271 674 1312 738 de
1333 674 1502 739 Ouertona

391 774 613 841 Theobaldum
628 777 669 842 de
684 778 791 842 Lecke
807 786 842 842 et
861 778 1044 842 Walterum
1067 778 1109 844 de
1127 779 1309 856 Niwetona,
1327 779 1369 843 ad
1389 801 1500 866 recog-

389 880 595 959 noscendum,
610 881 637 945 si
653 881 789 968 Egidius
804 880 857 946 del
873 881 986 946 Merck
997 890 1171 967 postquam
1183 881 1308 946 dimisit
1322 882 1501 967 Radulpho

390 981 430 1046 de
456 983 625 1048 Koreuilla
648 984 690 1048 od
716 983 843 1048 firmam
868 993 916 1047 v¹¹
942 993 976 1048 et
1001 985 1076 1070 xvij.
1103 1007 1193 1049 acras
1212 995 1298 1049 terre
1320 1007 1395 1049 cum
1417 997 1500 1070 pert.

389 1084 424 1148 in
449 1085 641 1151 Oestretona
663 1085 814 1150 uendidit
836 1086 973 1151 eandem
996 1095 1116 1151 terram
1139 1086 1245 1151 eidem
1269 1086 1443 1172 Radulpho
1465 1099 1502 1151 et

389 1196 511 1253 cartam
534 1211 632 1275 quam
655 1189 848 1275 Radulphus
869 1189 945 1253 inde
971 1189 1072 1254 habet
1102 1190 1134 1254 ei
1163 1190 1241 1254 fecit
1271 1190 1355 1255 circa
1378 1192 1499 1255 festrmr

389 1292 603 1358 Pentecosten
633 1316 718 1359 anno
747 1295 840 1380 regni
869 1294 969 1380 Regis
998 1294 1134 1358 Henrici
1159 1294 1209 1372 x⁰.,
1235 1296 1288 1359 uel
1313 1317 1387 1373 non,
1411 1296 1499 1360 unde

389 1397 553 1483 predictus
568 1397 705 1484 Egidius
719 1397 772 1462 del
795 1398 907 1462 Merck
924 1397 1005 1462 dicit
1025 1398 1112 1484 quod
1132 1420 1299 1484 nunquam
1322 1399 1353 1464 ei
1375 1409 1500 1463 cartam

388 1500 478 1564 illam
508 1501 585 1566 fecit
614 1501 654 1565 de
685 1503 899 1578 feoffamento,
928 1502 1029 1566 immo
1054 1502 1144 1566 illam
1174 1503 1266 1568 dedit
1295 1503 1428 1589 Nigello
1456 1503 1499 1567 de

388 1604 629 1669 Amundeuilla.

453 1711 617 1774 Iuratores
632 1708 746 1773 dicunt
760 1709 824 1773 scil.
842 1709 947 1794 primo
962 1717 1027 1774 tres
1042 1718 1142 1774 testes
1154 1710 1240 1796 quod
1252 1710 1335 1774 bene
1349 1709 1499 1774 recolunt

388 1813 475 1899 quod
497 1814 662 1899 predictus
691 1813 884 1899 Redulphus
913 1814 1087 1900 aliquando
1116 1815 1209 1878 uenit
1238 1814 1281 1879 ad
1309 1837 1364 1878 eos
1386 1822 1421 1878 et
1442 1836 1499 1877 eos

388 1916 516 2001 rogauit
531 1915 617 2002 quod
632 1923 740 1980 essent
756 1924 857 1980 testes
871 1915 906 1980 in
926 1924 1016 1980 carta
1033 1917 1091 1981 illa
1109 1925 1160 1981 sot
1181 1926 1305 1981 cartam
1327 1938 1496 2003 nunquam

387 2021 541 2084 uiderunt
556 2043 615 2085 nec
629 2020 827 2084 audiuerunt
845 2043 905 2085 neo
924 2021 1145 2086 interfuerunt
1167 2022 1226 2086 ubi
1245 2022 1332 2086 facta
1351 2021 1416 2086 fuit
1436 2044 1498 2086 uec

388 2125 445 2190 ubi
459 2125 491 2189 ei
506 2125 656 2190 saisinam
677 2125 762 2188 fecit.
808 2125 853 2188 Et
875 2147 986 2190 omnes
1007 2125 1165 2190 iuratores
1186 2125 1244 2189 alii
1265 2125 1389 2201 dicunt,
1409 2125 1497 2210 quod

387 2237 477 2292 carta
491 2227 547 2292 illa
561 2250 626 2292 nou
641 2229 705 2292 fuit
720 2227 856 2292 factaad
871 2227 1048 2292 terminum
1063 2228 1247 2314 predictum
1262 2250 1322 2292 nec
1336 2227 1451 2292 audita
1461 2229 1497 2292 in

387 2331 555 2396 hundredo
567 2332 620 2395 uel
636 2331 801 2408 comitatu,
817 2339 868 2395 set
882 2331 1011 2395 sifacta
1026 2331 1090 2395 fuit
1104 2331 1192 2395 facta
1206 2330 1271 2395 fuit
1285 2339 1361 2416 post
1375 2332 1496 2396 festum

388 2435 419 2500 S.
436 2435 532 2500 Mich.
548 2435 693 2518 proximo
707 2436 902 2521 preteritum
916 2445 1089 2522 postquam
1107 2436 1195 2501 idem
1217 2436 1355 2523 Egidius
1375 2445 1496 2501 terram

386 2538 476 2602 illam
491 2537 582 2602 dedit
597 2538 741 2624 predicto
756 2539 897 2624 Nigelb,
916 2549 968 2603 set
986 2539 1070 2604 bene
1090 2540 1198 2604 sciunt
1218 2540 1304 2626 quod
1326 2539 1367 2604 de
1390 2540 1496 2604 tribus

388 2639 503 2727 uirgat.
534 2650 618 2706 terre
649 2641 726 2706 fecit
754 2642 786 2706 ei
815 2651 938 2707 cartam
967 2643 1008 2708 de
1037 2644 1243 2709 seoffamento
1268 2645 1496 2729 permultum

387 2752 517 2828 tempus
553 2753 637 2809 aute.
682 2746 727 2809 Et
764 2744 837 2822 ideo
873 2746 1112 2811 consideratum
1145 2755 1196 2812 est
1224 2747 1312 2833 quod
1341 2747 1495 2833 Nigellus

386 2847 591 2932 recuperauit
608 2846 759 2912 seisinam
779 2869 872 2911 suam
892 2857 927 2912 et
948 2848 1142 2934 Radulphus
1163 2849 1198 2912 in
1220 2848 1439 2913 misericordia
1460 2857 1495 2912 et

386 2949 588 3014 custodiatur
602 2958 636 3014 et
651 2950 848 3036 dampnatur
863 2959 952 3015 carta
966 2952 1065 3016 saluis
1076 2961 1188 3016 tamen
1199 2950 1305 3017 eidem
1320 2951 1496 3038 Radulpho

386 3056 491 3122 tribus
502 3057 616 3143 uirgat.
630 3065 714 3121 terre
729 3057 892 3143 predictis,
906 3080 987 3143 quas
1002 3058 1091 3143 prius
1106 3057 1229 3123 habuit
1266 3058 1312 3122 Et
1327 3057 1495 3144 Baldewy-

386 3181 448 3222 nus
462 3158 503 3223 de
518 3159 584 3224 Ver
599 3181 683 3224 unus
698 3182 738 3224 ex
754 3161 893 3225 testibus
907 3160 942 3224 in
957 3159 1175 3224 misericordia
1188 3183 1247 3246 pro
1261 3160 1391 3225 defalta

330 3313 337 3328 .
453 3259 643 3343 PRobertus
680 3260 934 3324 Archidiaconus
970 3261 1063 3325 uenit
1097 3270 1132 3324 et
1168 3261 1315 3326 defendit
1352 3261 1422 3325 uim
1460 3272 1496 3325 et

301 3375 332 3403 ¹·
386 3361 539 3427 iuiuriam
563 3371 597 3427 et
616 3363 795 3449 dampnum
819 3387 869 3428 xx.
891 3387 1071 3428 marcarum
1091 3374 1125 3428 et
1148 3374 1256 3429 totum
1277 3363 1318 3428 de
1340 3365 1441 3428 uerbo
1459 3365 1496 3428 in

387 3467 524 3532 uerbum
539 3475 574 3531 et
589 3467 674 3553 quod
690 3491 858 3554 nunquam
873 3467 1041 3532 deseisiuit
1056 3489 1141 3544 eum,
1156 3476 1190 3532 et
1205 3467 1285 3532 dicit
1301 3467 1388 3553 quod
1405 3468 1494 3532 idem

386 3573 599 3660 Radulphus]

246 3749 249 3756 ¹
290 3705 312 3735 er
451 3677 613 3742 Robertus
627 3674 1218 3741 Archidiaeonusattachiatusfuitad
1232 3674 1493 3760 respondendum

385 3779 558 3865 Radulpho
573 3781 614 3846 de
628 3779 799 3846 Ledecuub’
814 3781 981 3866 capellano
995 3802 1095 3865 quare
1110 3778 1283 3843 cumidem
1299 3778 1494 3864 Radulphus

384 3890 458 3968 post
473 3893 610 3948 mortem
625 3885 648 3949 J
649 3883 764 3948 ocelini
779 3883 887 3948 fratris
901 3882 953 3947 sui
968 3883 1060 3947 cuius
1080 3883 1173 3946 heres
1192 3882 1262 3968 ipse
1282 3891 1333 3946 est
1350 3905 1385 3947 se
1400 3891 1495 3948 tenet

385 3986 419 4050 in
440 3987 589 4052 domibus
612 3996 646 4052 et
670 3997 758 4054 terra
781 4010 845 4074 que
867 3987 1001 4052 fuerunt
1023 3988 1124 4073 ipsius
1147 3987 1313 4063 Josoelini,
1327 3987 1495 4073 predictus

385 4089 547 4154 Robertus
573 4091 607 4154 in
633 4091 782 4156 domibus
805 4090 898 4154 illum
926 4091 1052 4155 obsedit
1082 4099 1116 4155 et
1142 4100 1255 4176 postea
1283 4089 1395 4155 domos
1420 4091 1493 4156 illas

385 4193 561 4278 prostrauit
576 4203 609 4258 et
624 4195 803 4281 asportauit
819 4204 931 4259 contra
946 4218 1057 4281 pacem
1073 4203 1107 4260 et
1119 4218 1267 4260 coronam
1278 4194 1371 4259 Dom
1383 4195 1494 4281 Regis,

418 4368 427 4399 ¹
444 4366 570 4425 Ablank;
588 4367 632 4418 the
644 4382 721 4418 name
732 4367 891 4418 unflnishod.
962 4366 1017 4416 'l'he
1029 4367 1112 4416 words
1128 4365 1220 4417 within
1235 4365 1266 4428 []
1283 4362 1379 4414 should
1394 4363 1426 4413 be
1440 4362 1493 4412 dis·

418 4433 428 4463 ²
445 4433 499 4483 The
512 4432 610 4495 copyist
623 4435 712 4484 makes
727 4449 742 4484 a
755 4434 818 4484 salse
835 4439 909 4483 start.
962 4432 1089 4494 regarded.
