3342 5217
519 483 668 545 ramur,
690 483 754 533 an.
780 469 872 545 1222,
895 461 958 534 sm
980 470 1010 533 2.
1253 467 1315 532 169

216 657 316 722 assisa
337 655 526 721 remaneat¹.
580 653 660 720 Dies
681 653 778 720 datus
799 663 851 720 est
872 661 932 720 etc.
955 653 997 720 ad
1026 652 1316 740 recognoscendum

216 759 245 824 si
265 758 430 844 predictus
452 757 592 822 Thomas
612 756 666 822 die
688 779 753 843 quo
774 763 898 822 cartam
917 756 1007 821 illam
1027 756 1104 821 fecit
1123 763 1183 820 etc
1199 755 1317 820 habuit

216 869 339 926 etatem
354 860 438 926 etin
452 859 570 926 seisina
586 859 651 924 fuit
669 859 711 924 de
731 867 818 924 terra
837 881 896 924 sua
917 867 956 924 ut
977 858 1073 922 homo
1092 858 1191 923 statis
1212 859 1266 923 uel
1287 858 1316 922 si

216 973 296 1029 tunc
310 964 374 1028 fuit
387 963 423 1028 in
438 961 583 1028 custodia
597 971 656 1028 etc

155 1127 164 1141 ‚
280 1066 454 1154 'Magister
467 1065 630 1131 Hemicus
644 1065 685 1130 de
707 1065 811 1132 Cerne
829 1065 917 1150 petit
935 1086 1049 1130 uersus
1068 1063 1252 1129 Johannem
1273 1065 1316 1130 de

217 1167 385 1254 Gampeny
406 1167 492 1254 quod
522 1167 620 1232 faciat
649 1167 681 1232 ei
711 1167 909 1232 escambium
936 1166 980 1231 ad
1007 1165 1189 1231 ualenciam
1217 1167 1316 1232 unius

216 1270 344 1357 uirgato
365 1277 450 1335 terre
472 1292 547 1334 cum
572 1269 781 1356 pertinenciis
809 1267 845 1333 in
873 1267 985 1347 Deon'‚
1007 1291 1105 1354 quam
1133 1268 1316 1334 Willelmus

216 1373 369 1460 Berefray
397 1372 433 1436 iu
462 1370 552 1437 curia
579 1371 702 1436 domini
731 1371 831 1458 Regis
860 1393 966 1436 coram
989 1370 1174 1437 iusticiariis
1199 1371 1316 1436 ultimo

214 1475 445 1541 itinerantibus
459 1475 613 1540 clamauit
628 1497 740 1540 uersus
755 1475 896 1540 eundem
910 1475 1089 1540 Henricum
1104 1499 1162 1562 per
1183 1476 1315 1542 assisam

214 1583 329 1647 mortis
357 1580 565 1646 antecessoris
594 1587 654 1646 ete
677 1587 712 1644 22
740 1579 827 1644 unde
853 1579 937 1644 idem
963 1581 1125 1646 Henricus
1145 1581 1180 1645 in
1202 1581 1314 1646 eadem

214 1685 305 1750 curia
326 1683 457 1749 uocauit
474 1682 655 1768 predictum
677 1682 861 1748 Johannem
882 1682 924 1747 ad
943 1691 1123 1748 warantum
1137 1693 1198 1750 etc.
1213 1683 1270 1770 qui
1284 1685 1316 1750 21

215 1787 439 1854 warentizauit
464 1795 525 1852 etc.
555 1796 589 1852 et
618 1808 716 1873 quam
746 1795 866 1852 terram
896 1786 983 1851 idem
1012 1787 1178 1852 Johannes
1203 1797 1317 1874 postea

214 1892 325 1958 amisit
339 1913 397 1978 per
410 1889 588 1977 predictam
603 1891 734 1956 assisam
749 1888 822 1956 etc.⁸

154 2056 162 2072 ,
280 1995 472 2062 ‘Osebertus
484 1995 525 2060 de
535 1995 765 2060 Wrachesham
777 1995 863 2081 petit
877 2017 990 2060 uersus
1000 1994 1199 2060 Willelmum
1210 1995 1313 2061 filium
1372 2002 1426 2042 Μ·

214 2099 366 2187 Hugonis
383 2099 470 2186 quod
491 2098 588 2164 122122
608 2099 639 2164 21
657 2097 906 2164 consuetudines
928 2106 964 2163 et
985 2107 1074 2162 recta
1094 2097 1230 2162 seruicia
1250 2120 1315 2184 qus

214 2205 247 2270 21
268 2206 371 2270 facere
391 2204 489 2270 debet
509 2203 548 2268 de
569 2202 669 2268 libero
684 2209 871 2268 tenemento
885 2223 944 2267 suo
958 2201 1044 2287 quod
1064 2201 1104 2266 de
1119 2223 1158 2266 eo
1171 2209 1264 2266 tenet
1278 2202 1314 2266 in

214 2309 391 2374 Tatestona
404 2316 443 2373 ut
457 2306 492 2372 in
507 2307 664 2394 homagiis
679 2315 713 2371 et
727 2306 857 2371 relsuiis
868 2313 927 2370 etc.
940 2304 1026 2370 unde
1038 2303 1125 2369 idem
1137 2304 1314 2371 Osebertus

214 2412 359 2478 ostendit
381 2411 468 2498 quod
486 2420 702 2476 antecessores
721 2409 772 2474 sui
792 2409 951 2475 dederunt
972 2416 1091 2474 terram
1110 2409 1201 2474 illam
1222 2418 1313 2474 ante·

214 2513 393 2579 sessoribus
407 2512 551 2578 eiusdem
566 2511 723 2578 Willelmi
736 2511 772 2575 in
787 2511 925 2576 liberum
939 2510 1147 2597 maritagium
1162 2511 1211 2577 ita
1228 2512 1314 2598 quod

214 2616 303 2681 idem
323 2615 506 2680 Willeimus
527 2615 593 2679 iam
615 2621 666 2679 est
688 2613 807 2678 tercius
829 2614 922 2679 heres
943 2620 978 2678 22
999 2612 1060 2678 hac
1080 2614 1207 2679 racione
1228 2615 1315 2701 petit

214 2718 303 2804 quod
316 2717 414 2783 faciat
430 2717 461 2782 ei
475 2715 662 2802 homagium
678 2723 712 2780 et
727 2715 870 2802 assignet
884 2716 916 2780 ei
930 2715 1104 2780 seruicium
1117 2738 1221 2781 suum

280 2821 326 2884 Et
348 2819 529 2884 Willelmus
551 2819 644 2884 uenit
666 2827 700 2883 et
721 2818 884 2905 cognoscit
905 2817 991 2903 quod
1014 2840 1129 2884 reuera
1148 2827 1236 2885 terra
1256 2820 1315 2886 illa

214 2923 280 2988 fuit
295 2922 502 3008 maritagium
517 2921 602 2986 sicut
616 2921 797 3007 predictum
813 2928 864 2985 est
881 2929 933 2984 set
951 2919 1032 2985 dicit
1051 2920 1138 3006 quod
1158 2931 1209 2986 est
1229 2922 1315 2987 infra

213 3034 339 3093 etatem
354 3035 389 3091 et
403 3027 438 3090 in
452 3026 598 3091 custodia
611 3025 734 3090 domini
748 3024 848 3112 Regis
863 3032 898 3088 et
912 3023 998 3110 petit
1012 3023 1168 3090 iudicium
1188 3025 1216 3091 si
1236 3035 1313 3092 ante
1324 3038 1455 3124 §domm

214 3139 339 3196 etatem
353 3152 445 3196 suam
460 3129 578 3195 debeat
597 3129 674 3194 inde
695 3129 887 3215 respondere
907 3136 942 3194 et
964 3129 1140 3194 Osebertus
1162 3130 1222 3197 hoc
1240 3154 1312 3218 cog·
1324 3096 1456 3226 oms,

213 3233 320 3299 noscit
342 3242 376 3298 et
397 3233 469 3298 ideo
491 3232 610 3298 habeat
638 3239 762 3298 etatem
790 3253 884 3297 suam
912 3240 949 3296 et
978 3231 1155 3298 Osebertus
1182 3234 1314 3300 interim
1325 3225 1422 3320 affl
1445 3225 1497 3264 ¹¹¹·

213 3337 496 3423 aquietettenam
510 3337 600 3402 illam
614 3335 884 3402 deseruicioillo.
1324 3318 1391 3360 ω’·

154 3511 160 3521 ,
280 3439 458 3504 ‘Robertus
472 3439 514 3504 (12
530 3440 653 3526 Esseby
664 3440 785 3526 optulit
799 3462 833 3504 se
845 3439 937 3525 iiijto
949 3438 1002 3505 die
1014 3461 1126 3505 uersus
1139 3440 1314 3527 Wiganum
1372 3465 1435 3506 rm

213 3546 257 3612 de
277 3545 370 3610 Mara
389 3545 429 3610 de
449 3545 569 3632 placito
590 3545 677 3631 quod
698 3544 812 3610 reddat
834 3543 867 3609 21
887 3565 944 3609 sex
966 3543 1111 3630 uirgatas
1132 3552 1218 3610 terre
1239 3568 1314 3610 cum

212 3646 422 3736 pertinenciis
436 3647 472 3712 in
488 3647 767 3735 Oeniogswurthe'
782 3670 863 3734 quas
876 3648 996 3712 clamat
1011 3657 1050 3712 ut
1067 3647 1119 3712 ius
1137 3671 1233 3714 suum
1254 3659 1314 3716 etc.

212 3762 249 3818 et
278 3753 314 3817 in
343 3774 423 3838 quas
452 3752 539 3818 idem
560 3752 719 3840 Wiganus
747 3775 813 3816 non
841 3751 942 3817 habet
970 3750 1151 3839 ingressum
1173 3752 1236 3818 nisi
1257 3776 1316 3840 per

212 3853 410 3921 Matillidem
431 3856 559 3921 Trussel
581 3857 743 3942 quondam
763 3878 896 3922 uxorem
918 3855 1055 3942 predicti
1069 3857 1202 3944 Wigani
1222 3859 1315 3924 cuius

244 4050 310 4101 ¹Et
337 4052 393 4100 ideo
419 4052 501 4100 assisa
527 4059 660 4101 recurrent.
701 4051 738 4099 122
820 4047 878 4098 ¹13.
889 4062 925 4098 m.
937 4051 961 4099 8.

212 4120 302 4167 iuram
322 4117 504 4165 ueniatadie
523 4117 646 4165 221222.
665 4117 737 4164 ino.
819 4112 1026 4176 ⁸(tomprornise
1041 4114 1165 4165 andssns.
1197 4114 1314 4166 william

210 4182 470 4245 uept.dsvti5'primo
487 4179 738 4230 memoratorium
788 4179 1244 4232 otYorkhasanoteoitheterms.
1277 4181 1309 4232 B.

210 4254 237 4296 22
249 4261 299 4309 per
310 4247 436 4308 predictos
453 4253 533 4295 testes.
568 4247 604 4294 nt
620 4247 665 4294 isti
679 4251 739 4293 sunt
820 4243 831 4275 ⁴
848 4244 878 4292 B.
890 4259 926 4292 m.
938 4247 962 4296 7.

210 4315 336 4360 iuratores
345 4311 400 4373 [ten
408 4311 517 4373 namesl.
529 4311 657 4360 idemdias
665 4311 738 4359 datm
820 4309 833 4340 ⁸
849 4309 896 4359 822
905 4309 950 4357 Br.
961 4309 981 4358 1.
992 4310 1024 4358 21
1035 4308 1061 4358 b.

210 4384 248 4426 m
271 4378 309 4425 eta
325 4383 350 4425 et
367 4383 426 4425 tuac
442 4378 547 4424 ueniam
563 4377 598 4423 ad
614 4389 738 4435 recopnoa-
821 4372 880 4422 1Β.
892 4373 991 4423 med„
1025 4374 1313 4435 Sseabovacssaltt.

209 4441 323 4496 22221222,
335 4439 366 4490 Β.
400 4438 557 4489 Thisseems
571 4443 599 4489 2ο
616 4439 740 4489 solvstha
822 4439 1045 4501 'Hemiupwnta
1055 4439 1087 4490 B.

210 4506 376 4556 annotator’s
387 4504 476 4556 doubt.
511 4505 558 4556 See
568 4504 612 4554 Br.
625 4505 643 4555 1.
655 4505 738 4554 2421).
