3342 5217
352 445 417 508 412
658 457 797 519 hisrau,
819 457 884 508 an.
910 443 1003 518 1231,
1025 457 1088 506 aa
1115 444 1162 505 15.

351 638 551 694 uocauerunt
565 629 641 695 inde
656 629 698 694 ad
713 638 893 695 warantum
908 629 1091 715 predictum
1110 629 1134 695 J
1134 619 1294 692 ohannem
1314 636 1350 692 et
1370 627 1458 692 idem

349 731 373 797 J
374 731 517 796 ohannes
540 731 671 796 uocauit
691 731 767 798 inde
791 732 834 797 ad
854 739 1036 798 warantum
1055 731 1191 796 Petrum
1210 731 1252 796 de
1267 730 1355 794 Malo
1369 731 1458 795 Lacu

350 841 385 898 et
406 834 579 900 Isahellam
602 857 735 900 uxorem
758 834 835 900 eius
882 835 926 899 Et
956 834 1015 920 qui
1042 856 1131 899 nunc
1157 833 1296 898 ueniunt
1321 855 1380 919 per
1407 841 1458 898 at-

349 943 494 1000 tornatos
519 945 653 1002 suaset
679 937 793 1002 dicunt
819 937 906 1024 quod
930 936 1033 1002 nichil
1059 936 1183 1001 habent
1208 935 1249 1001 de
1275 936 1459 1000 hereditate

349 1039 486 1105 Roberti
512 1040 552 1106 de
578 1041 766 1106 Turneham
795 1050 927 1128 propter
956 1041 1043 1128 quod
1072 1040 1279 1106 warentizare
1308 1039 1459 1106 debeant.

351 1140 396 1207 Et
416 1141 528 1208 Abbas
548 1144 696 1229 quesitus
716 1144 756 1209 de
771 1144 865 1208 cuius
884 1142 1003 1208 seisina
1025 1143 1112 1229 petit
1131 1151 1251 1207 terram
1271 1143 1362 1207 illam
1379 1142 1460 1206 dicit

351 1245 437 1331 quod
448 1245 488 1310 de
500 1246 619 1312 seisiua
629 1248 759 1334 propria
770 1256 916 1334 tempore
927 1246 1028 1334 Regis
1038 1246 1069 1312 J.
1082 1254 1121 1311 ut
1135 1246 1176 1312 de
1191 1247 1275 1311 douo
1290 1244 1460 1310 Michaelis

351 1351 392 1417 de
422 1353 606 1418 Turneham
637 1360 672 1417 et
701 1352 741 1416 de
767 1351 1013 1417 confirmacione
1039 1350 1177 1416 Roberti
1199 1350 1241 1416 de
1264 1349 1461 1425 Turneham‚

351 1463 386 1520 et
415 1455 499 1521 bene
528 1456 609 1521 dicit
638 1456 725 1542 quod
750 1456 819 1542 ipsc
846 1455 997 1522 feodatus
1022 1455 1087 1520 luit
1112 1462 1289 1541 autequam
1314 1454 1462 1540 predicta

351 1559 514 1624 Beatricia
527 1560 663 1625 haberet
678 1559 754 1624 inde
769 1553 914 1646 aliquam
928 1559 1089 1624 seisinam.

417 1661 462 1727 Et
473 1662 497 1728 J
497 1662 639 1728 ohannes
649 1661 730 1728 dicit
745 1661 831 1748 quod
847 1662 986 1748 predicti
1000 1662 1118 1726 Petrus
1133 1668 1168 1726 et
1183 1660 1324 1725 lsabella
1336 1659 1461 1724 habeut

350 1764 437 1830 unde
463 1765 669 1830 warantizare
700 1773 856 1851 poterunt
886 1765 952 1830 scil
975 1764 1223 1830 aduocacionem
1244 1762 1389 1828 Abbacie
1418 1761 1460 1826 de

350 1869 497 1956 Begham
518 1875 552 1933 et
571 1869 658 1955 petit
678 1869 765 1955 quod
785 1867 984 1935 escambium
1004 1869 1035 1935 ci
1056 1870 1115 1934 fiat
1135 1868 1176 1933 de
1196 1867 1344 1954 predicta
1357 1865 1461 1931 aduo-

351 1970 478 2038 cacioue
493 1979 528 2036 et
542 1971 570 2036 si
582 1971 671 2036 curia
682 1970 935 2038 considerauerit
946 1972 1033 2059 quod
1044 1973 1121 2038 inde
1132 1969 1331 2036 escambium
1340 1969 1460 2034 habere

351 2099 416 2140 nun
437 2075 555 2141 debeat
577 2075 669 2162 punit
692 2099 726 2141 se
746 2077 781 2140 in
804 2099 956 2164 magnam
975 2076 1110 2141 assisam
1129 2083 1242 2139 utrum
1264 2073 1335 2158 ipse
1353 2071 1461 2136 maius

351 2178 402 2242 ius
417 2177 536 2244 habeat
551 2178 586 2242 in
601 2188 688 2244 terra
702 2179 760 2243 illa
779 2201 821 2244 an
842 2179 1007 2266 predictus
1026 2178 1146 2242 Abbas.
1190 2177 1234 2241 Et
1248 2175 1360 2240 Abbas
1374 2174 1462 2260 petit

351 2280 518 2346 iudicium.
562 2282 606 2346 Et
628 2283 705 2369 quia
727 2281 938 2347 conuinctum
959 2290 1010 2347 est
1031 2281 1117 2368 quod
1137 2279 1275 2367 predicti
1290 2279 1407 2343 Petrus
1425 2287 1462 2341 et

353 2383 493 2450 Isabella
515 2383 616 2450 nichil
638 2385 762 2450 habent
785 2385 825 2450 de
851 2384 1034 2450 hereditate
1053 2384 1190 2450 Roberti
1210 2382 1252 2447 de
1274 2381 1462 2446 Turneham

353 2495 487 2575 propter
508 2489 595 2574 quod
617 2489 751 2556 debeat¹
775 2489 992 2568 warentizare,
1012 2497 1047 2554 et
1067 2489 1145 2575 quia
1163 2487 1328 2574 predictus
1349 2485 1462 2550 Abbas

354 2593 459 2680 primo
488 2595 587 2681 petiit
616 2602 737 2660 terram
767 2595 858 2661 illam
888 2617 1003 2660 uersus
1036 2594 1199 2681 predictos
1232 2594 1397 2680 Rogemm
1426 2598 1462 2654 et

356 2697 551 2762 Matillidem
574 2707 609 2764 et
631 2699 671 2764 de
694 2699 814 2764 seisina
837 2723 898 2764 sua
920 2700 1050 2786 pmpria
1071 2700 1176 2764 multo
1198 2707 1343 2784 tempore
1369 2705 1463 2762 ante-

355 2822 453 2885 quam
468 2799 607 2886 predicti
622 2801 722 2887 Hugo
737 2809 771 2866 et
786 2802 951 2867 Beatricia
961 2801 1190 2888 inplacitarent
1202 2801 1287 2886 ipsos
1297 2799 1461 2885 Roget-um

355 2912 390 2967 et
413 2902 619 2981 Matillidem,
646 2903 895 2970 consideratum
922 2904 1086 2992 estquod
1115 2904 1227 2969 Abbas
1256 2901 1463 2988 recuperauit

355 3006 507 3072 seisinam
523 3006 564 3072 de
579 3007 725 3093 predicto
739 3008 871 3074 redditu
886 3031 1001 3074 uersus
1019 3009 1203 3095 predictum
1222 3007 1407 3073 iohannem
1428 3014 1464 3068 et

355 3111 378 3175 J
379 3110 523 3176 ohannes
538 3111 585 3175 eis
600 3110 698 3175 faciat
713 3112 912 3177 escambium
927 3112 969 3177 ad
984 3112 1219 3188 ualenciam‚et
1233 3109 1411 3176 satisfaciat
1421 3107 1463 3172 de

355 3214 504 3279 ualencia
517 3214 671 3300 predictis
686 3214 821 3301 Hugoni
837 3222 871 3279 et
887 3215 1048 3280 Beatricie
1063 3215 1091 3279 si
1106 3214 1227 3280 habeat
1241 3212 1338 3278 uude.

298 3379 305 3394 ,
420 3317 532 3382 Abbas
547 3317 588 3382 de
602 3316 804 3382 Rerefordia²
819 3319 941 3404 optulit
956 3341 991 3383 se
1005 3318 1077 3404 iiij²⁰
1091 3317 1145 3382 die
1159 3339 1272 3382 uersus
1286 3317 1464 3404 Hugonem

356 3419 397 3484 de
421 3419 581 3484 Berneual
608 3426 642 3483 et
668 3419 877 3484 Helewisiam
903 3443 1037 3485 uxorem
1062 3420 1133 3484 eius
1158 3420 1200 3485 de
1228 3417 1348 3505 placito
1376 3417 1467 3503 quod

356 3523 566 3587 warentizent
589 3521 620 3586 ei
636 3522 662 3607 j.
684 3522 766 3608 uirg.
788 3531 873 3587 terre
895 3545 971 3587 cum
992 3530 1072 3609 pert.
1095 3521 1130 3586 in
1153 3522 1342 3609 Heregraue
1365 3543 1466 3606 quam

357 3633 448 3689 tenet
471 3625 567 3690 etde
590 3624 636 3688 eis
658 3633 769 3689 tenere
792 3625 911 3690 clamat
933 3634 968 3691 et
983 3625 1070 3690 uude
1095 3633 1217 3689 cartam
1240 3624 1402 3688 Johannia
1422 3623 1466 3688 de

357 3727 597 3792 Wistenestona
612 3728 720 3792 fratris
730 3727 832 3814 ipsius
844 3728 1018 3793 Helewisie
1029 3728 1130 3793 habet
1141 3737 1201 3793 etc.
1233 3727 1276 3791 Et
1288 3727 1388 3813 Hugo
1400 3749 1468 3791 non

357 3830 449 3894 uenit
459 3837 493 3894 et
507 3830 616 3915 plures
625 3829 702 3894 fecit
711 3830 857 3896 defaltas
889 3831 933 3894 Et
943 3830 1016 3895 ideo
1028 3829 1207 3895 uiceccmes
1218 3830 1338 3894 habeat
1350 3851 1468 3914 corpus

357 3933 426 3998 eius
437 3955 458 3996 a
472 3931 525 3996 die
541 3942 601 3998 etc.
613 3941 647 3998 et
662 3933 794 3999 interim
806 3943 973 4000 remaneat
987 3934 1145 4021 placitum
1158 3935 1193 3998 in
1207 3934 1364 3999 comitatu
1379 3934 1470 3998 iuter

357 4035 537 4100 Robertum
547 4035 651 4102 filium
663 4038 808 4124 predicte
820 4039 995 4104 Helewisie
1006 4047 1177 4125 petentem
1192 4046 1226 4103 et
1237 4038 1345 4124 ipsum
1356 4038 1469 4102 Abba-

356 4149 424 4204 tem
441 4147 608 4205 tenentem
623 4141 664 4206 de
679 4141 805 4207 duabus
820 4143 968 4229 partibus
983 4153 1068 4209 terre
1082 4144 1228 4230 predicte
1242 4141 1434 4208 remaneat⁸.

389 4335 488 4385 ι(1οη.
500 4337 612 4386 debeant.
968 4337 1278 4389 'Omitoncrcmcnect
1311 4335 1363 4384 For
1377 4348 1468 4384 meane

388 4400 400 4432 ²
417 4401 543 4464 Probably
569 4400 696 4452 Dnrelord
724 4401 752 4452 in
781 4403 884 4454 Sussex.
936 4418 1040 4468 process
1056 4403 1085 4454 in
1099 4405 1234 4454 Wcrunttc
1252 4403 1345 4451 Certae
1362 4415 1406 4450 sac
1421 4401 1468 4450 Br.

357 4466 470 4517 Monast.
482 4467 531 4517 vol.
547 4467 571 4528 6,
584 4480 610 4528 p.
623 4468 680 4518 936.
936 4470 955 4519 l.
969 4469 1026 4520 399.
