3342 5217
414 422 547 473 nrmar
568 422 643 473 aun
666 423 803 486 mersa,
825 424 890 475 an.
914 412 1008 488 1220,
1030 426 1094 478 aa
1118 418 1147 479 4.
1295 415 1339 483 te

232 592 278 661 Et
292 616 333 661 ex
348 615 503 661 consensu
519 594 665 680 parcium
681 594 740 661 fiat
760 594 869 661 iurata
889 606 923 663 et
942 598 1096 665 ueniunt¹
1111 601 1199 667 adia
1214 602 1337 669 Pasche

230 699 264 763 in
279 722 330 766 xv.
353 698 421 764 dies
441 698 483 765 ad
502 700 793 784 recognoscendum
812 700 841 765 si
862 700 1027 785 predictus
1046 703 1178 769 Hamon
1197 704 1250 770 die
1275 728 1339 791 quo

229 804 311 869 obiit
325 804 389 869 suit
403 804 591 871 seisitusde
611 812 695 869 terra
719 805 774 870 illa
793 814 834 871 ut
855 805 897 870 de
919 804 1012 871 feodo
1033 830 1074 872 ex
1096 808 1181 875 dono
1202 810 1340 896 predicti

229 908 388 974 Johannis
403 908 511 974 fratris
526 907 586 986 sui,
601 908 710 974 uelut
725 907 765 973 de
786 908 887 975 ballia
905 909 1007 995 ipsius
1025 911 1185 978 Johannis
1198 915 1341 979 tenenda

230 1014 263 1078 in
279 1014 350 1079 uita
364 1035 423 1079 sua
437 1020 575 1079 tanturn
636 1011 729 1076 Idem
749 1011 819 1077 dies
841 1012 936 1077 datus
951 1020 1002 1078 est
1016 1014 1268 1099 recognitoribus
1282 1016 1339 1102 qui

230 1124 392 1181 uenerunt
406 1124 440 1181 et
454 1115 579 1181 dietum
595 1124 644 1181 est
659 1115 705 1179 eis
721 1114 808 1201 quod
823 1116 955 1181 interim
970 1138 1005 1181 ee
1019 1116 1096 1182 inde
1111 1118 1291 1184 certificent
1305 1129 1340 1184 et

230 1222 409 1287 uicecornes
434 1227 578 1305 apponat
606 1228 747 1306 quatuor
775 1228 835 1287 eto.
862 1228 897 1285 et
919 1226 970 1285 tot
992 1228 1052 1286 eto.
1071 1229 1106 1286 et
1124 1220 1268 1287 Cristina
1288 1245 1339 1287 re·

232 1322 377 1388 mancat¹
406 1330 440 1387 et
470 1321 635 1386 Walterus
667 1319 769 1387 filius'
899 1344 935 1387 se
965 1322 1141 1389 essoniauit
1171 1333 1207 1389 et
1236 1324 1338 1390 habet

231 1426 370 1492 eundem
386 1426 481 1491 diem.

163 1580 170 1593 .
295 1529 473 1597 ⁴Martinus
502 1528 543 1594 de
573 1528 752 1595 Bestenora
780 1528 860 1595 tulit
888 1528 989 1594 breue
1017 1528 1141 1595 domiui
1169 1529 1269 1616 Regis
1298 1529 1339 1595 de

231 1633 395 1718 probanda
416 1634 566 1699 libertate
595 1656 655 1699 sua
676 1654 789 1699 uersus
812 1632 1000 1697 Johanncm
1022 1633 1064 1699 de
1088 1634 1201 1699 Monte
1230 1636 1339 1701 Acuta

229 1758 336 1803 coram
351 1736 403 1803 B?
413 1736 559 1802 Roffensi
571 1735 729 1822 Episcopo
744 1744 778 1801 et
793 1736 887 1801 sociis
901 1736 968 1802 suis
982 1736 1168 1802 iusticiariis
1182 1736 1339 1803 itineran-

230 1839 327 1918 tibus,
355 1847 395 1904 ut
419 1838 482 1924 ipsi
507 1838 716 1904 recordantur
741 1838 789 1903 ita
814 1837 901 1923 quod
930 1838 1018 1903 idem
1047 1838 1216 1905 Johannes
1245 1841 1339 1906 uenit

230 1966 338 2011 coram
360 1944 408 2009 eis
432 1952 467 2009 et
491 1942 526 2008 in
549 1951 679 2009 tantum
703 1943 857 2028 processit
886 1942 1015 2028 loquela
1043 1943 1130 2009 inter
1158 1967 1220 2024 eos,
1251 1946 1338 2031 quod

230 2049 253 2113 J
255 2049 396 2113 ohannes
410 2047 542 2112 uocauit
557 2046 678 2111 curiam
689 2044 812 2111 domini
828 2044 928 2132 Regis
942 2045 985 2111 ad
1001 2056 1187 2123 warantum,
1202 2047 1289 2133 quod
1302 2048 1338 2111 in

230 2147 363 2217 eadem'
383 2150 567 2216 conuiceret
582 2148 723 2213 eundem
745 2147 927 2213 Martinam
946 2148 988 2213 ad
1008 2149 1168 2215 uillenum
1187 2172 1283 2215 suum
1304 2159 1339 2215 et

229 2254 302 2319 ideo
317 2254 413 2319 datus
427 2252 492 2317 fuit
506 2252 553 2317 eis
567 2250 637 2317 dies
651 2250 739 2336 apud
751 2250 1077 2317 westmonasterium
1092 2252 1134 2317 ad
1149 2252 1335 2318 babendum

229 2358 276 2422 ibi
290 2356 458 2423 recordum
474 2354 570 2421 curie.
606 2352 753 2419 Tandem
768 2354 942 2418 inuentum
957 2362 1006 2420 est
1021 2354 1056 2419 in
1070 2355 1186 2421 rotulis
1199 2364 1234 2421 et
1249 2358 1338 2423 curia

229 2459 352 2527 domini
365 2458 466 2545 Regis
481 2458 673 2535 recordatur,
688 2457 775 2543 quod
796 2457 885 2523 idem
901 2456 1063 2524 Martinus
1078 2458 1217 2525 incuria
1238 2460 1338 2547 Regis

228 2564 389 2631 «Iohannis
427 2562 601 2629 aramiauit
643 2562 777 2627 assisam
819 2561 934 2627 mortis
974 2562 1185 2629 antecessoris
1225 2586 1339 2629 uersus

228 2665 425 2733 Beatriciam
448 2674 586 2731 matrem
613 2665 715 2750 ipsius
739 2664 903 2731 Johannis
923 2665 965 2731 de
987 2675 1119 2733 centum
1144 2667 1226 2733 acris
1251 2676 1337 2735 terre

228 2794 304 2837 cum
318 2770 536 2857 pertinenciis,
551 2770 600 2836 ita
614 2769 701 2856 quod
715 2770 787 2856 ipsa
801 2770 936 2835 uocauit
949 2772 1135 2837 Johannem
1155 2773 1337 2859 predictum

227 2875 269 2940 ad
285 2884 465 2941 warantum
481 2894 594 2939 uersus
608 2873 716 2959 ipsum
737 2872 918 2939 Martinum
938 2896 976 2939 co
990 2874 1078 2961 quod
1092 2876 1202 2941 tenuit
1216 2886 1336 2942 terram

227 2980 319 3045 illam
335 2979 370 3044 in
385 2979 496 3045 dotem
511 2986 545 3043 et
558 2976 582 3043 J
583 2976 726 3043 ohannes
740 2976 834 3043 uenit
850 2977 930 3042 etei
950 2978 1175 3045 warentizauit
1195 2988 1230 3044 et
1252 2980 1337 3045 dixit

227 3082 315 3169 quod
351 3083 451 3148 assisa
487 3104 553 3146 non
588 3080 705 3147 debuit
734 3080 810 3145 inde
840 3080 920 3159 fieri,
949 3081 1028 3167 quia
1056 3081 1144 3147 idem
1174 3083 1337 3151 Martinus

227 3185 370 3251 uillanue
392 3185 465 3263 suit,
480 3183 613 3250 tandem
635 3192 732 3269 capte
752 3182 817 3247 fuit
834 3182 974 3270 quedam
992 3184 1100 3251 iurata
1119 3207 1160 3250 ex
1181 3208 1337 3251 consensu

226 3289 373 3376 parcium
389 3296 423 3353 et
437 3309 496 3373 per
507 3287 711 3352 uoluntatem
723 3284 825 3371 ipsius
840 3285 975 3351 Martini
990 3287 1033 3353 ad
1046 3288 1336 3373 recognoscendum

225 3392 314 3479 quod
328 3392 501 3457 seruicium
521 3401 556 3457 et
574 3412 654 3478 quas
671 3390 922 3457 consuetudines
941 3391 1107 3457 Aluredus
1123 3403 1216 3477 pater
1233 3392 1337 3478 ipsine

225 3494 361 3560 Martini
390 3494 468 3559 fecit
498 3493 604 3559 eidem
633 3491 780 3558 Johanni
809 3491 863 3558 die
892 3502 928 3559 et
956 3517 1043 3559 anno
1080 3517 1144 3581 quo
1180 3496 1273 3573 obiit,
1302 3507 1336 3562 et

225 3599 379 3665 dixerunt
393 3598 550 3663 iuratores
564 3596 651 3683 quod
665 3595 753 3661 idem
773 3595 938 3665 Aluredus
960 3601 1070 3666 tenuit
1090 3610 1224 3666 centum
1246 3624 1335 3666 acras

225 3712 312 3767 terre
332 3724 405 3767 cum
420 3699 642 3787 pertinenciis'
657 3700 698 3764 de
714 3698 827 3763 eodem
843 3698 995 3767 Johanne
1009 3725 1067 3789 pro
1078 3727 1130 3770 xx.
1145 3705 1200 3769 sol.
1217 3704 1335 3770 annuis

261 3868 270 3901 ¹
287 3871 382 3929 ueniat,
397 3868 427 3927 Α,
438 3868 469 3920 Β.
807 3880 852 3915 are
867 3866 937 3916 cited
953 3867 988 3929 by
1001 3868 1116 3917 Bracton
1133 3868 1152 3917 f.
1171 3868 1218 3920 199
1234 3868 1259 3930 b,
1277 3868 1336 3919 who

259 3934 272 3966 ²
288 3936 309 3983 B
322 3940 402 3997 stopa.
807 3946 868 3980 uses
882 3932 955 3983 them
969 3938 998 3982 to
1012 3934 1115 3982 enforce
1127 3933 1173 3983 the
1183 3932 1335 3984 distinction

260 3998 554 4050 ¹Inthenotebooka
567 4013 643 4062 space
657 3997 680 4047 is
695 3996 756 4057 lest5
808 3996 922 4047 between
943 3997 1033 4048 rillein
1060 4001 1146 4048 status
1172 3998 1225 4049 and
1246 3998 1335 4049 rillein

224 4065 248 4114 A
276 4064 332 4125 hae,
351 4066 427 4129 fitius
454 4066 555 4127 Pagaai
582 4080 646 4113 anm
673 4078 754 4125 recop-
807 4065 906 4113 tenura

224 4133 343 4180 sitorum
839 4125 1000 4178 'Benedict

258 4195 317 4245 ⁴A.
339 4208 373 4244 m.
398 4192 462 4245 ὀᾶ.
499 4194 547 4243 See
573 4192 662 4251 above,
691 4192 756 4244 case
839 4192 1086 4252 ⁶eademmriaA.

224 4260 266 4312 70.
291 4260 317 4308 It
326 4273 410 4308 seems
418 4259 477 4308 that
486 4259 636 4308 Montacnte
644 4257 757 4321 brought
839 4258 922 4308 ⁷cum
941 4260 958 4309 l.
982 4260 1078 4317 ocimu,
1095 4260 1131 4318 A;
1153 4257 1184 4308 in
1200 4258 1245 4309 the
1264 4261 1336 4309 note·

223 4340 240 4376 a
258 4326 288 4375 de
304 4326 392 4374 activo
410 4325 521 4373 babendo
535 4324 637 4387 against
649 4324 756 4381 Martin,
807 4324 875 4375 book
891 4322 946 4373 thie
961 4322 1011 4372 hae
1027 4322 1092 4373 been
1109 4324 1197 4374 maced
1213 4323 1336 4373 audeam

223 4389 279 4441 aud
301 4388 347 4439 the
368 4388 446 4439 latter
467 4388 564 4451 replied
582 4388 618 4452 by
637 4388 758 4452 bringing
805 4390 971 4455 pertinenciis
978 4388 1148 4448 substituted3
1161 4389 1335 4451 buturongly.

222 4455 434 4507 thedaelibertote
442 4455 581 4517 probanda.
606 4453 677 4505 Both
687 4469 758 4506 ceses

1351 607 1408 647 Nom
1416 608 1473 657 qnod

1351 660 1445 695 remum

1350 702 1416 741 nutu
1424 702 1497 742 more·

1351 753 1372 788 et
1380 750 1471 789 noratur
1480 750 1502 790 tn

1330 796 1448 837 dunum.
