3342 5217
376 427 440 491 286
481 441 623 491 rsrrurr
638 441 733 489 111111
749 439 823 488 nnn
838 439 1040 489 1111111111
1056 441 1155 502 nme,
1171 441 1235 490 11),
1249 427 1342 502 1219,
1356 441 1420 490 sn.
1433 428 1481 489 13.

374 635 449 678 cum
478 619 558 698 port
583 619 618 676 11
643 633 717 675 cum
742 609 956 674 ednocecione
981 633 1050 675 esse
1076 611 1128 676 ius
1155 611 1258 697 ipsius
1280 609 1426 687 Jordeni,
1450 618 1485 673 et

374 715 462 780 idem
476 715 639 782 Jordenus
653 737 711 801 pro
726 715 947 802 recognicione
961 715 1020 780 ille
1033 715 1125 781 dedit
1145 725 1180 781 et
1200 715 1356 781 concessit
1374 715 1482 780 eidem

374 922 429 987 sol.
446 923 616 987 annuatim
631 923 803 988 reddendis
824 931 859 988 et
878 923 1017 987 retinuit
1037 922 1100 987 sibi
1120 922 1366 988 eduooecionem
1384 923 1484 998 illam,

374 1031 409 1089 et
436 1024 602 1090 Jordenus
625 1025 734 1090 tenuit
765 1031 869 1090 totam
899 1033 1019 1090 terrum
1048 1024 1138 1089 illem
1167 1026 1311 1112 exceptis
1339 1025 1405 1090 illis
1427 1026 1484 1110 iiij

374 1131 511 1218 uirgatis
524 1153 599 1196 cum
615 1129 765 1195 omnibus
781 1138 862 1215 pert
879 1129 946 1194 suis
960 1129 1089 1215 integro
1109 1136 1143 1193 et
1161 1129 1197 1193 in
1218 1151 1297 1214 pace
1317 1139 1352 1194 et
1369 1139 1485 1216 postea

373 1235 460 1300 idem
475 1235 639 1300 Jordsnus
653 1233 745 1298 dedit
761 1233 929 1298 ecclesiam
944 1233 1034 1298 illem
1050 1233 1111 1298 deo
1124 1241 1160 1298 et
1173 1233 1307 1298 ecclesie
1323 1233 1355 1299 S.
1365 1234 1389 1298 J
1390 1233 1484 1298 eeobi

373 1339 414 1406 de
438 1340 471 1404 N
474 1339 688 1426 orhemmonn
713 1348 748 1405 et
771 1338 933 1404 canonicis
956 1346 1017 1402 etc.
1040 1359 1099 1424 per
1121 1345 1243 1402 certam
1266 1359 1358 1402 suem
1380 1360 1484 1423 quem

373 1445 494 1530 profert
509 1451 568 1510 etc.
579 1451 614 1509 11
629 1450 742 1528 postea
755 1441 849 1506 dedit
863 1450 983 1507 terram
998 1441 1177 1528 predictam
1189 1441 1311 1506 eisdem
1322 1442 1485 1506 canonicis

372 1569 447 1611 cum
472 1568 600 1632 corpore
630 1567 689 1610 suo
718 1543 805 1610 unde
835 1543 923 1609 idem
952 1544 1065 1609 Abbes
1086 1544 1173 1629 petit
1201 1545 1352 1610 seisinem
1377 1544 1484 1629 ipsius

374 1647 533 1712 Osmundi
548 1647 588 1712 de
604 1646 717 1712 eedem
731 1645 947 1710 eduocecione
961 1645 1046 1710 sicut
1060 1645 1102 1710 de
1116 1645 1202 1710 dono
1220 1645 1322 1732 ipsius
1334 1645 1484 1711 Jordani

439 1751 484 1814 Et
505 1749 665 1814 Redulfus
694 1749 787 1814 uenit
816 1757 851 1813 et
880 1748 960 1813 dicit
990 1748 1077 1834 quod
1107 1756 1200 1813 tonet
1228 1756 1332 1813 totam
1360 1756 1484 1812 terrem

373 1852 464 1917 illam
502 1875 577 1917 cum
613 1852 764 1917 omnibus
792 1859 874 1938 pert.
904 1851 972 1915 suis
1000 1873 1098 1937 quam
1127 1851 1292 1936 predictus
1318 1851 1486 1917 Jordenus

374 1957 484 2021 tenuit
513 1955 548 2020 in
585 1955 698 2022 eedem
734 1956 814 2020 uilla
843 1964 878 2020 et
907 1955 1033 2020 desicut
1062 1955 1149 2019 idem
1178 1955 1290 2019 Abbas
1318 1958 1487 2041 cognoscit

372 2059 521 2124 seieinem
549 2059 687 2146 predicti
712 2059 873 2126 Osmnndi
898 2067 934 2123 et
956 2059 1084 2123 nullum
1109 2060 1231 2144 profert
1253 2060 1484 2146 cirographum

372 2162 414 2228 de
437 2163 581 2248 predicto
605 2163 669 2227 fine
691 2162 776 2248 petit
795 2162 962 2227 iudicium.
1006 2163 1051 2226 Et
1073 2162 1232 2226 Redulfus
1254 2163 1401 2248 quesitus
1424 2186 1487 2249 per
1600 2170 1601 2201 ¹

372 2287 470 2350 quem
490 2273 525 2330 11
540 2289 603 2352 quo
623 2265 692 2330 iure
713 2265 798 2351 petit
816 2265 1064 2330 eduocecionem
1082 2264 1226 2350 predicte
1247 2265 1377 2330 ecclesie
1398 2266 1486 2330 dicit
1601 2252 1602 2283 ¹

372 2367 459 2453 quod
480 2391 540 2454 per
565 2369 671 2433 Eliem
694 2368 799 2433 filium
823 2376 859 2432 11
884 2367 1037 2432 heredem
1065 2368 1204 2455 predicti
1233 2368 1393 2435 Osmundi
1425 2393 1487 2456 per

372 2472 470 2536 finem
485 2472 572 2537 inter
586 2494 639 2537 eos
654 2473 777 2538 fectum
792 2472 827 2536 in
842 2471 932 2537 curie
946 2471 1040 2537 Doru
1056 2471 1157 2557 Regis
1176 2493 1235 2556 per
1254 2471 1486 2557 cirographum

372 2574 459 2660 quod
473 2576 594 2660 profert
609 2583 644 2640 et
656 2574 742 2662 quod
757 2583 900 2640 testetur
910 2573 997 2660 quod
1011 2573 1097 2638 idem
1114 2573 1202 2638 Elios
1216 2575 1357 2639 remittit
1369 2584 1485 2640 totum

372 2677 424 2742 ius
445 2685 480 2742 et
501 2676 653 2742 clemium
669 2678 755 2764 quod
776 2677 894 2742 habuit
915 2676 951 2741 in
972 2676 1118 2761 predicte
1138 2685 1226 2742 terra
1242 2678 1283 2742 de
1301 2678 1488 2744 Knrletona

372 2782 516 2868 exceptis
545 2781 699 2870 predictis
727 2782 785 2868 1111.
808 2781 926 2868 uirget.
948 2789 1033 2846 terre
1061 2803 1136 2846 cum
1159 2791 1241 2868 pert.
1265 2781 1356 2847 etin
1377 2782 1486 2848 adno-

372 2887 501 2953 eecione
523 2895 558 2952 et
579 2910 706 2973 semper
727 2887 813 2973 petit
834 2886 986 2951 seisinem
1001 2885 1139 2971 predicti
1158 2886 1318 2952 Osmundi
1338 2893 1372 2950 et
1395 2885 1486 2952 benc

372 2990 518 3055 defendit
534 2990 620 3077 quod
638 2990 804 3076 predictus
823 2989 987 3054 Jordsnus
1000 3011 1168 3074 nunquam
1190 2988 1307 3052 hebuit
1326 2987 1486 3054 seisinam

372 3093 412 3158 de
428 3093 574 3179 predicta
586 3092 800 3158 aduocecione
815 3092 865 3156 ite
879 3091 965 3177 quod
979 3092 1069 3156 illam
1084 3091 1182 3156 alicui
1196 3090 1272 3155 dere
1286 3098 1403 3176 posset

437 3197 554 3262 Postea
568 3195 751 3261 concordati
765 3203 844 3260 sunt
858 3217 917 3281 per
930 3194 1097 3260 licenciam
1112 3195 1360 3259 iusticieriorum
1374 3203 1443 3260 etc

246 3317 318 3380 345.
436 3299 548 3363 Alesia
568 3321 630 3384 que
654 3299 718 3364 fuit
743 3321 824 3364 uxor
847 3299 979 3363 Redulfi
1004 3298 1045 3362 de
1068 3297 1228 3362 Grendele
1251 3298 1336 3384 petit
1363 3320 1489 3366 uersus

257 3411 314 3450 ”¹²2
372 3401 574 3466 Willelmum
595 3402 697 3468 Cusin
717 3402 852 3466 terciam
867 3411 993 3487 purtem
1013 3400 1151 3466 duarum
1173 3402 1282 3468 bouet
1296 3410 1379 3466 terre
1403 3425 1487 3468 cum

371 3511 453 3590 pert.
468 3504 503 3568 in
519 3503 663 3592 Clereby
677 3513 715 3568 ut
730 3504 841 3569 dotem
856 3525 949 3568 suem
964 3503 1051 3568 unde
1066 3511 1126 3568 etc

437 3607 482 3672 Et
496 3606 681 3672 Willelmus
701 3608 794 3672 uenit
813 3615 848 3672 et
863 3607 1045 3694 dicitquod
1064 3629 1130 3672 non
1148 3606 1248 3672 debet
1269 3606 1345 3671 inde
1365 3605 1487 3674 dotem

372 3709 491 3774 hebere
513 3709 591 3795 quie
615 3709 778 3795 predictus
805 3709 965 3776 Redulfus
994 3709 1046 3774 die
1076 3732 1140 3795 quo
1168 3709 1305 3774 eandem
1333 3708 1487 3776 Alesiam

210 3789 331 3902 goffia
372 3811 580 3898 desponneuit
600 3835 660 3877 nec
680 3835 835 3898 umquam
859 3821 973 3899 postea
992 3813 1056 3877 fuit
1076 3813 1112 3877 in
1128 3813 1247 3878 seisina
1269 3813 1311 3878 de
1332 3812 1490 3898 predicte.

210 3901 236 3940 dc
244 3905 300 3940 tem
308 3911 349 3948 que

209 3947 323 4034 fflgp
372 3921 458 3980 tene
483 3914 531 3978 111
557 3913 643 3999 quod
672 3935 743 3978 1111
773 3914 850 3980 inde
878 3915 991 3980 dotare
1020 3923 1129 4001 posset
1158 3938 1217 3980 nec
1246 3915 1370 4001 1111111
1389 3914 1490 3982 filins

209 4042 324 4080 suasore
372 4018 474 4104 ipsius
488 4017 619 4083 Radnlfi
634 4027 669 4083 et
684 4019 760 4083 inde
775 4017 869 4107 ponit
883 4042 917 4084 se
932 4041 1030 4104 super
1044 4019 1193 4104 petriam.

209 4097 361 4220 {ffiffi
437 4121 481 4186 Et
496 4122 606 4186 Alesia
620 4121 800 4207 dicitquod
820 4144 934 4186 reuera
948 4121 1001 4187 die
1015 4145 1080 4208 quo
1100 4145 1172 4188 eam
1191 4121 1399 4208 desponseuit
1414 4123 1490 4190 suit

209 4231 333 4312 fffflffi
371 4223 440 4310 ipse
458 4222 587 4289 11111111
606 4224 646 4289 de
667 4225 819 4312 predictis
840 4225 967 4289 duabus
981 4225 1109 4290 bouatis
1129 4234 1214 4290 terre
1233 4232 1284 4289 set
1304 4231 1380 4287 tunc
1404 4246 1487 4290 eam

209 4319 350 4406 2⁸22ssss
371 4329 500 4393 dotauit
523 4329 563 4394 de
586 4330 686 4395 tercie
707 4339 799 4416 perte
824 4329 928 4396 tocius
957 4338 1042 4394 terre
1068 4353 1167 4416 quern
1196 4338 1276 4394 tunc
1304 4327 1415 4393 tenuit
1446 4341 1489 4394 et

208 4413 336 4512 ltl‘ddl:
371 4431 411 4496 de
435 4432 534 4497 tercie
555 4440 646 4517 perte
668 4455 732 4519 que
755 4432 786 4497 ei
807 4432 951 4497 accidere
974 4441 1082 4518 posset
1104 4441 1139 4498 et
1163 4441 1275 4518 postea
1298 4430 1418 4496 eccidit
1449 4436 1489 4501 ei
