3342 5217
384 321 448 383 498
593 330 826 390 meminis,
849 329 912 377 rr).
939 316 1032 390 1231,
1053 330 1117 379 uc
1143 318 1278 380 15—16.

382 507 543 571 Wuttona
565 528 628 592 que
657 513 754 571 uacet
783 515 822 570 ut
851 504 973 571 dicitur
1000 503 1095 569 cuius
1122 503 1370 569 cduooecionem
1399 505 1495 569 Ami·

382 610 494 675 cabilis
515 610 556 675 de
573 610 733 674 Wuttone
753 610 874 673 clamat
893 629 1008 672 nereus
1026 607 1191 672 Abbatem
1213 606 1256 673 de
1275 609 1494 674 Inuendena¹

404 713 439 778 ui
453 713 547 777 uenit
562 722 621 778 etc.

381 736 404 799 q
448 812 570 878 Eadem
591 813 692 878 assisa
710 810 804 877 uenit
826 811 1033 898 recognitum
1054 812 1127 897 quis
1144 812 1322 877 aduocatus
1345 822 1493 899 tempore

380 917 469 1002 pacis
504 916 707 1003 presentauit
736 916 887 981 ultimam
915 938 1085 1001 personam
1115 939 1179 1002 quc
1208 924 1339 981 mortue
1367 926 1418 981 est
1446 916 1492 981 ad

381 1020 547 1085 ecclesiam
571 1022 611 1086 de
637 1020 794 1085 Sheltena
816 1028 852 1084 et
877 1019 970 1084 cuius
995 1019 1242 1086 aduocacionem
1268 1020 1427 1085 Ricardus
1448 1020 1493 1085 de
1612 1078 1618 1087 .

382 1125 473 1189 Bello
489 1125 613 1210 Campo
628 1124 747 1188 clamat
762 1146 876 1188 uersus
889 1122 1030 1188 eundem
1045 1124 1210 1189 Abbatem
1230 1124 1271 1189 de
1292 1125 1494 1190 Laueudenc

382 1234 416 1291 et
431 1228 488 1312 qui
503 1226 596 1291 uenit
616 1234 686 1303 cte,
701 1234 735 1291 et
756 1225 843 1290 unde
866 1225 930 1310 ipsi
940 1225 1135 1290 Amicabilis
1154 1235 1189 1291 et
1204 1227 1362 1292 Ricardur
1376 1227 1494 1291 dicunt

382 1330 616 1417 quodquidam
637 1330 803 1396 Johannes
825 1328 867 1393 dc
889 1327 999 1393 Bidun
1019 1339 1115 1414 peter
1135 1331 1278 1417 predicte
1299 1332 1495 1397 Amieebilis

382 1445 417 1500 et
439 1437 534 1501 Serre
556 1435 665 1500 uxoris
687 1433 824 1520 predicti
847 1433 979 1498 Ricmdi
999 1435 1202 1520 precenteuit
1222 1436 1385 1522 quendem
1400 1436 1493 1500 wal-

381 1546 488 1603 terum
508 1538 549 1602 de
564 1538 673 1602 Bidun
688 1536 745 1621 qui
766 1535 809 1600 ad
831 1537 1108 1623 presentacionem
1129 1560 1222 1602 suam
1244 1538 1310 1603 fuit
1330 1539 1493 1604 admissus

381 1642 423 1707 cd
437 1643 565 1707 easdem
582 1640 731 1706 eeclesias
746 1648 780 1704 et
795 1639 872 1704 inde
886 1640 969 1705 obiit
982 1664 1126 1726 persona

446 1744 490 1809 Et
505 1745 617 1808 Abbas
635 1741 728 1807 uenit
749 1748 783 1805 et
803 1741 987 1827 dicitquod
1005 1743 1105 1807 accisa
1125 1766 1191 1808 non
1206 1744 1306 1810 debet
1326 1745 1405 1810 inde
1420 1746 1492 1810 fieri

381 1844 459 1930 quie
472 1845 554 1908 bene
576 1852 685 1930 potest
707 1842 878 1928 essequod
898 1843 987 1907 idem
1008 1843 1176 1909 Johcnnes
1196 1847 1401 1932 presentcuit
1419 1870 1492 1933 pre-

379 1948 504 2012 dictum
519 1947 702 2012 Walterum
717 1952 768 2009 set
782 1953 955 2032 postquam
969 1947 1078 2033 ipsum
1093 1950 1295 2035 presenteuit
1309 1949 1404 2015 dedit
1420 1951 1492 2036 ipre

378 2049 545 2115 ‚Iohannes
562 2049 723 2136 predictas
745 2048 843 2113 simul
863 2072 939 2113 cum
959 2050 1033 2115 aliis
1052 2052 1194 2117 ecclesiis
1213 2052 1274 2116 deo
1298 2061 1334 2117 et
1356 2053 1492 2119 ecclesie

379 2156 410 2220 S
435 2155 595 2220 dohannis
624 2162 659 2219 et
680 2154 805 2219 Abbati
830 2154 955 2219 Deuidi
978 2165 1014 2220 et
1040 2157 1201 2221 canonicis
1221 2156 1264 2221 de
1288 2158 1493 2225 Leucadem

378 2281 452 2323 cum
474 2259 624 2324 omnibus
646 2258 855 2344 pertinenciis
877 2258 1023 2345 ipserum
1045 2282 1104 2345 per
1128 2269 1251 2325 certam
1271 2282 1368 2325 suam
1389 2284 1490 2347 quam

376 2362 498 2447 profert
513 2370 573 2427 etc.
774 2371 776 2375 '

443 2464 487 2529 Et
508 2463 699 2529 Amicabilis
722 2474 758 2528 et
776 2463 935 2549 Rioerdus
955 2464 1071 2530 dicunt
1091 2465 1178 2551 quod
1200 2473 1374 2552 postquam
1396 2477 1490 2533 mna

376 2568 434 2633 ille
448 2569 534 2633 facta
547 2567 612 2632 fuit
626 2566 829 2652 presentauit
843 2566 931 2631 idem
945 2567 1112 2633 Johannes
1126 2568 1168 2632 ad
1183 2568 1313 2633 eaedem
1335 2570 1489 2636 ecclesias

375 2672 558 2759 predictum
574 2670 757 2735 Welterum
772 2670 829 2756 qui
849 2670 966 2735 ultimo
985 2670 1069 2735 obiit
1088 2692 1226 2756 persona
1245 2669 1282 2735 in
1303 2670 1436 2749 eisdem,
1450 2682 1488 2737 ct

375 2796 489 2841 reuera
510 2774 642 2860 quidem
665 2773 831 2837 Halnacue
854 2782 949 2859 pater
972 2774 1076 2859 ipsius
1100 2774 1123 2838 J
1124 2774 1260 2838 ohannis
1281 2777 1489 2860 presenteuit

374 2881 417 2945 ad
446 2879 575 2945 easdem
605 2878 754 2943 ecclesias
783 2878 946 2964 quendam
975 2877 1158 2943 Walterum
1188 2878 1229 2943 de
1265 2877 1399 2944 Bidun'
1426 2882 1486 2967 qui

375 2982 438 3047 fuit
461 2980 670 3048 cancellarius
690 2979 790 3067 Regis
812 2980 923 3045 Scocie
947 2979 1004 3065 qui
1026 2979 1200 3065 aliquando
1223 2980 1288 3045 suit
1310 2980 1388 3046 inde
1410 3005 1486 3069 pcr-

374 3108 452 3152 sona
466 3094 501 3150 et
516 3085 597 3149 obiit
617 3084 694 3148 inde
708 3106 853 3169 persona,
868 3092 903 3148 et
917 3085 1001 3149 bene
1015 3091 1125 3170 potest
1144 3106 1214 3148 esse
1228 3084 1317 3170 quod
1335 3093 1486 3172 tempore

373 3212 432 3253 suo
446 3190 592 3254 confecta
606 3188 670 3252 fuit
685 3196 775 3251 carta
789 3187 848 3252 illa
862 3197 896 3252 et
910 3196 984 3273 pest
997 3198 1137 3252 mortem
1152 3186 1291 3252 walteri
1310 3187 1352 3253 de
1371 3188 1485 3254 Bidrm

372 3292 469 3379 primi
484 3292 685 3377 presentauit
700 3292 865 3377 predictus
879 3292 1046 3356 Jchennes
1067 3300 1103 3356 et
1121 3300 1293 3377 postquam
1313 3300 1405 3357 curta
1424 3292 1486 3359 illa

372 3397 518 3461 confecta
532 3395 596 3459 fuit
609 3395 792 3480 predictum
808 3392 1011 3459 Walterum⁸
1026 3394 1083 3479 qui
1102 3394 1219 3463 ultimo
1239 3393 1323 3459 obiit
1336 3416 1486 3480 perrona,

373 3510 408 3565 et
422 3500 498 3563 inde
513 3496 626 3585 ponit‘
640 3519 674 3561 se
689 3518 787 3583 super
800 3497 949 3582 patriam.

438 3600 516 3665 Post
537 3602 630 3666 uenit
649 3600 761 3665 Abbas
785 3609 819 3665 et
843 3608 938 3665 uocat
960 3599 1037 3665 inde
1057 3599 1099 3665 ad
1118 3606 1299 3667 warantum
1318 3600 1484 3669 Amidam

373 3705 413 3769 de
430 3705 604 3789 Clingtona
619 3703 719 3767 filiam
735 3701 872 3787 predicti
887 3702 911 3766 J
911 3702 1048 3767 ohannis
1062 3701 1103 3766 de
1118 3701 1236 3777 Bidun,
1247 3702 1369 3769 habeat
1383 3705 1484 3771 eum'

372 3818 433 3875 etc.
478 3809 521 3872 Et
545 3808 669 3872 dictum
696 3815 746 3871 est
773 3806 912 3871 Ricardo
937 3805 1024 3891 quod
1053 3806 1173 3872 habeat
1201 3805 1244 3871 ed
1269 3806 1357 3873 diem
1385 3807 1482 3875 illum

329 3952 333 3960 -
372 3900 476 3977 filium
499 3934 594 3977 suum
620 3912 661 3975 de
684 3910 831 3996 predicta
856 3909 972 3976 sam·
997 3909 1039 3975 ed
1064 3909 1375 3997 cognoscendum·
1400 3913 1484 3998 quid

404 4078 580 4138 ¹chenden‚
603 4079 697 4137 Bacis,
721 4078 835 4129 founded
864 4080 899 4142 by
981 4080 1197 4144 wemmam&

372 4146 578 4197 JohnoiBidun.
595 4146 707 4195 Moncrt.
716 4144 897 4207 v01.6‚p.ese.
981 4145 992 4177 ⁵
1009 4146 1080 4195 Gerr.
1093 4161 1157 4195 eam.

404 4211 415 4243 ²
432 4210 514 4259 There
537 4225 581 4259 are
602 4213 653 4259 two
675 4223 783 4272 persons
799 4212 828 4259 cf
843 4210 898 4260 this
979 4210 992 4243 θ
1008 4209 1092 4260 sint
1108 4210 1132 4260 ir
1147 4209 1230 4269 decd;
1251 4210 1366 4262 Richard
1386 4212 1482 4264 duim

371 4274 561 4389 ncmppalThipJ
568 4274 591 4323 is
602 4274 701 4325 Walter
712 4276 760 4323 No.
774 4277 797 4323 1.
946 4277 1057 4337 curtcry.

403 4341 415 4372 ⁸
490 4344 528 4389 ter
563 4354 587 4387 0.
600 4341 623 4387 2.
