3342 5217
370 379 435 442 314
674 388 816 452 srmrr,
837 388 905 438 sn.
929 375 1023 450 1230,
1045 389 1108 439 ss,
1133 376 1183 438 14.

371 559 547 626 Ricardum
562 558 604 624 de
616 557 710 644 Moyz
725 566 759 624 et
774 558 809 622 in
824 558 923 645 plens
936 567 1099 646 potestate
1114 581 1175 625 suc
1189 559 1349 625 dedemnt
1365 559 1481 644 Semp-

370 664 645 750 sonipertessues
655 663 696 728 de
708 662 856 749 predicto
865 671 952 728 terre
960 672 994 728 et
1003 664 1479 750 ipsuminseisinsposnemnt

371 767 416 832 Et
436 767 514 853 quic
533 766 697 853 predictus
718 765 876 830 Ricsrdus
895 765 936 831 de
959 766 1054 852 Moyz
1076 789 1162 831 unus
1183 767 1320 832 hotrum
1342 765 1479 853 predicti

371 869 435 934 uiri
449 869 531 934 obiit
545 869 615 934 sine
630 867 747 933 herede
762 866 804 932 de
819 890 949 954 corpore
963 891 1024 933 suo
1038 868 1206 934 descendit
1219 870 1272 934 ius
1288 877 1372 934 tene
1391 868 1481 932 illins

371 971 516 1058 predicto
547 970 719 1057 Sampsoni
751 992 813 1034 euo
843 970 948 1056 ipsius
977 970 1113 1037 Roberti
1142 971 1218 1055 [¹de
1248 972 1390 1055 Strcdl’J.
1435 972 1480 1036 Et

371 1087 520 1164 preterea
533 1075 711 1162 dicitquod
725 1075 892 1162 predictus
905 1075 1068 1142 Rohertus
1082 1099 1165 1142 suus
1179 1099 1347 1164 nunqnam
1362 1077 1480 1141 hahuit

372 1203 505 1246 uxorem
526 1179 590 1246 sibi
611 1181 837 1266 desponsatam
859 1189 894 1245 et
924 1179 1017 1266 ponit
1042 1203 1077 1244 se
1106 1180 1142 1246 in
1170 1203 1324 1268 magnam
1343 1179 1479 1245 sssisnm

372 1285 495 1351 domini
510 1284 610 1372 Regis
624 1293 659 1349 et
679 1283 764 1370 petit
785 1283 1045 1372 recognicionem
1059 1284 1131 1350 ficri
1149 1294 1262 1350 utrum
1284 1286 1354 1371 ipse
1374 1284 1480 1349 maius

372 1388 424 1453 ius
448 1387 568 1453 hebeat
597 1386 632 1452 in
661 1395 749 1452 terra
777 1387 834 1452 ills
863 1395 903 1452 ut
930 1387 972 1452 dc
1001 1388 1203 1453 concessione
1232 1397 1268 1453 et
1296 1387 1339 1452 de
1367 1387 1481 1473 quieto

372 1490 549 1558 clemencie
567 1513 666 1577 quem
689 1491 852 1556 Robertus
877 1491 919 1555 de
941 1490 1036 1576 Moyz
1057 1490 1145 1554 filins
1165 1489 1311 1575 predicte
1332 1489 1422 1554 Isilie
1444 1499 1481 1554 et

372 1595 460 1660 filius
477 1594 631 1659 Willelmi
645 1595 742 1681 primi
764 1595 828 1661 uirr'
842 1594 945 1681 ipsius
960 1594 1050 1659 Isilie
1065 1616 1148 1659 suus
1161 1594 1257 1659 istius
1271 1593 1407 1658 Roberti
1420 1595 1480 1680 qni

373 1699 458 1786 petit
479 1698 555 1764 inde
577 1699 654 1764 fecit
677 1700 849 1787 Ssmpsoni
870 1699 937 1764 filio
959 1699 1061 1785 ipsius
1081 1697 1174 1763 Isilie
1194 1707 1231 1763 et
1252 1698 1319 1763 filio
1341 1697 1480 1763 Walteri

372 1803 413 1870 de
437 1803 650 1891 Estredlegha
671 1804 803 1870 secundi
825 1805 889 1872 uiri
911 1803 1013 1890 ipsius
1035 1803 1125 1868 Isilie
1147 1811 1182 1868 et
1208 1810 1247 1867 ut
1271 1802 1308 1866 in
1327 1802 1387 1866 ills
1413 1824 1479 1888 que

372 1909 517 1995 predicto
554 1909 725 1995 Sampsoni
753 1905 870 1975 debirit
898 1906 1093 1973 descendere
1128 1929 1168 1973 eo
1197 1905 1285 1992 quod
1313 1905 1480 1991 predictus

373 2011 535 2076 Robertus
564 2011 652 2076 filius
680 2011 769 2076 Isilie
799 2033 967 2096 nunquam
997 2009 1114 2074 hebuit
1140 2007 1293 2074 heredem
1313 2008 1357 2074 de
1378 2030 1480 2074 uxore

373 2115 436 2181 sibi
454 2116 649 2201 desponsata
668 2139 711 2182 en
731 2116 898 2203 predictus
918 2115 1081 2180 Robertns
1101 2114 1143 2179 de
1165 2114 1269 2200 Moyz.
1312 2114 1357 2178 Et
1376 2113 1481 2179 scicn-

372 2218 452 2284 dum
466 2217 553 2305 quod
568 2219 730 2284 Robertus
744 2219 786 2284 de
801 2217 1017 2306 Estredlegho
1029 2239 1096 2282 non
1109 2224 1203 2282 tenet
1217 2215 1281 2280 nisi
1291 2215 1358 2301 viij.
1369 2215 1478 2282 boust

374 2322 409 2388 in
423 2321 583 2388 dominico
597 2331 632 2387 et
647 2330 713 2388 tres
727 2322 762 2386 in
777 2321 914 2387 seruicio
927 2320 1013 2385 sicut
1027 2320 1123 2384 emho
1137 2328 1368 2406 cognouemnt

252 2385 325 2448 ³⁸⁰·
440 2425 484 2490 st
499 2425 603 2490 nasa
616 2425 657 2490 de
672 2424 817 2490 vatins
832 2447 896 2512 que
910 2423 1009 2510 pem
1024 2422 1159 2488 erem
1172 2430 1299 2509 partem
1309 2420 1479 2486 cuiusdam

211 2485 334 2645 soen-⁸:30⁶
373 2528 597 2594 adrroceoionis
616 2528 741 2594 racione
763 2527 943 2594 tenementi
962 2525 1049 2611 quod
1072 2525 1181 2591 tenuit
1195 2525 1230 2590 in
1245 2524 1385 2611 quedam
1400 2525 1482 2590 uilla

210 2606 335 2730 ffiffinff
376 2631 505 2696 nomine
534 2631 619 2697 dotis
647 2631 740 2697 uenit
769 2639 804 2696 et
833 2631 911 2719 quia
938 2633 1044 2698 noluit
1069 2629 1249 2695 consentire
1270 2629 1307 2693 in
1327 2628 1479 2694 clericum

211 2737 360 2823 ffiffffig*
375 2742 599 2822 presentatum
613 2734 656 2800 ed
669 2734 750 2800 duas
764 2743 874 2820 portes
891 2735 981 2801 illius
1000 2733 1132 2800 ecclesie
1153 2754 1213 2798 nec
1233 2731 1405 2798 adnocooio
1423 2731 1483 2798 ille

211 2831 352 2916 ffiffl
375 2838 465 2924 prius
486 2836 550 2902 fuit
572 2835 677 2902 diuisa
698 2836 946 2902 consideratum
976 2835 1134 2922 estquod
1160 2856 1321 2920 possessor
1339 2832 1480 2898 ducrum

211 2921 363 3010 sshdddr‘dffl‘
375 2941 520 3027 porcium
540 2941 743 3026 recuperauit
764 2940 1012 3006 eduooeoionem
1032 2961 1126 3006 suam
1147 2947 1183 3005 et
1203 2937 1480 3026 presentscionem

211 3014 360 3112 mischar
375 3067 469 3110 susm
483 3044 526 3110 ed
540 3052 644 3110 totam
659 3043 835 3110 ecclesiam.

253 3154 325 3217 381.
440 3147 562 3212 ⁸Alicia
591 3147 623 3211 le
648 3147 758 3211 Frowe
787 3146 874 3232 petit
901 3167 1016 3211 uersus
1037 3143 1203 3209 Abbctem
1223 3143 1264 3207 de
1287 3139 1484 3229 Flexlegho⁴

212 3238 324 3344 redd?
376 3251 488 3316 decem
502 3272 625 3316 merces
640 3272 719 3336 ques
734 3249 764 3314 ei
778 3249 877 3315 dehet
893 3259 927 3314 et
941 3249 1062 3314 iniuste
1075 3248 1204 3313 detinet
1218 3256 1278 3311 etc
1295 3245 1382 3311 unde
1397 3244 1481 3311 dicit

212 3349 344 3448 meo
377 3354 464 3441 quod
478 3353 610 3440 quidem
625 3355 648 3420 J
649 3353 790 3420 ohannes
812 3354 854 3419 de
875 3354 950 3440 Ksy
964 3354 1045 3419 emit
1059 3353 1100 3418 de
1115 3351 1261 3438 predicto
1275 3351 1407 3416 Abhste
1422 3349 1484 3436 iiij.

213 3444 351 3531 33¹&th
376 3480 482 3524 saccos
497 3458 569 3522 lene
589 3465 624 3522 et
643 3456 810 3522 Johennes
829 3457 865 3521 in
887 3456 1041 3521 extremis
1060 3455 1186 3542 legeuit
1205 3454 1277 3520 illos
1297 3476 1405 3519 soccos
1424 3453 1484 3519 isti

212 3537 355 3624 mh&
376 3559 481 3625 Alicie
510 3566 545 3623 et
565 3557 709 3625 Johsnni
729 3558 798 3623 filio
819 3580 878 3624 suo
899 3559 948 3624 its
969 3557 1057 3645 quod
1076 3556 1207 3644 quando
1228 3556 1292 3642 ipsi
1312 3555 1486 3641 petierunt

213 3645 336 3740 dgdedm
376 3683 482 3727 saccos
496 3660 568 3726 illos
582 3683 688 3725 coram
703 3660 930 3726 executoribus
943 3659 1135 3726 testamenti
1149 3657 1245 3723 istius
1259 3659 1282 3722 J
1282 3656 1419 3722 ohannis
1438 3656 1485 3724 de

212 3739 356 3873 ffffi.
377 3765 456 3851 Kay.
472 3764 559 3829 idem
580 3763 693 3829 Abbas
722 3764 821 3829 finem
851 3765 929 3829 fecit
956 3762 1101 3829 cumeis
1122 3785 1180 3849 pro
1199 3761 1300 3826 esocis
1321 3760 1388 3826 illis
1408 3762 1488 3846 pro⁸

408 4009 579 4062 ¹1nterlined
605 4011 640 4075 by
666 4013 819 4071 annoteton
854 4017 901 4061 not
951 4008 1485 4061 remanente-wermuda

214 4065 317 4107 ΜΨ
325 4067 363 4106 ⁸¹²
377 4077 447 4128 inh.
950 4078 1078 4126 Alcaeum.

408 4142 547 4191 ¹Brscton
558 4139 687 4202 citesthis,
697 4141 716 4190 f.
725 4141 805 4192 24811.
836 4140 901 4190 This
983 4140 1088 4191 ¹A.m.
1101 4141 1127 4191 9.

377 4210 475 4258 extract
497 4207 520 4256 is
542 4221 559 4256 e
584 4205 656 4269 picco
676 4210 722 4256 out
750 4205 778 4255 of
803 4221 821 4256 o
841 4221 901 4256 ceso
982 4200 1396 4268 ⁴Flurey‚incloueetmhire
1424 4203 1485 4256 Mo·

377 4270 461 4321 which
472 4269 495 4320 is
506 4271 587 4321 found
597 4285 632 4321 on
643 4272 673 4321 A.
690 4285 726 4321 m.
744 4273 760 4321 8
776 4270 830 4321 end
847 4270 901 4320 this
950 4273 1020 4320 nest
1031 4269 1080 4321 vol.
1094 4271 1119 4330 5,
1130 4285 1156 4335 p.
1171 4271 1227 4322 589.

377 4337 446 4400 picco
463 4335 511 4386 hes
531 4335 593 4386 been
611 4335 699 4386 secred
715 4351 750 4386 on
769 4335 827 4386 thet
843 4336 899 4386 rolh
982 4335 1060 4402 'pen
1073 4335 1104 4384 A.

377 4401 432 4452 The
455 4401 507 4452 suit
529 4400 552 4450 is
575 4403 658 4452 Homo
682 4403 710 4452 de
736 4403 853 4452 Valoiner
874 4409 900 4452 et
1202 4421 1206 4429 ·
