3342 5217
424 425 486 494 276
727 439 865 501 meren,
886 438 952 488 sn.
976 425 1070 500 1229,
1091 437 1155 490 en.
1179 425 1229 488 13,

344 651 350 662 ·
423 617 457 674 et
472 608 616 674 Amuhili
630 615 665 673 et
680 605 854 672 heredibus
869 606 910 672 de
931 605 1002 692 ipsa
1013 605 1166 671 Amabit
1185 602 1450 691 prouenientibus
1468 598 1476 688 Ι
1495 607 1528 665 et

265 3108 322 3147 Nota
330 3105 386 3192 quod

264 3156 299 3242 ah·
308 3166 336 3202 qu
351 3159 382 3192 ost

265 3257 398 3336 curru

302 3345 327 3382 ru

280 3205 319 3241 rtn
327 3205 403 3240 etatem

421 712 483 777 iste
499 711 660 777 Henricus
674 720 725 775 est
745 711 838 776 heres
856 709 959 796 ipsius
973 708 1104 774 Ricardi
1123 717 1158 773 et
1178 707 1345 783 Amabilis,
1361 715 1395 771 et
1416 725 1530 769 reuera

424 813 538 878 dicunt
569 813 655 900 quod
684 813 830 899 Rogems
860 811 901 876 de
932 811 1020 876 Ceuz
1049 811 1185 876 trudidit
1219 809 1363 896 predicto
1392 805 1529 872 Ricardo

422 917 634 982 medietatem
662 923 747 980 terre
772 915 861 979 illius
890 923 1067 1001 antequam
1096 915 1233 979 eandem
1261 911 1445 978 Amehilem
1475 908 1529 972 de·

422 1018 609 1106 sponseuit¹
631 1027 666 1083 et
688 1018 731 1083 ad
754 1018 931 1082 terminum
956 1017 1024 1082 uite
1044 1039 1102 1082 sue
1125 1025 1264 1094 tentum,
1286 1024 1337 1080 set
1357 1023 1528 1101 postquam

422 1123 510 1188 idem
547 1122 705 1187 Ricardus
742 1121 879 1186 eandem
915 1121 1100 1186 Amebilem
1133 1121 1341 1208 desponsenit
1374 1118 1468 1183 dedit
1495 1125 1529 1180 et

422 1226 578 1291 concessit
597 1225 719 1290 eisdem
742 1224 880 1290 Ricardo
902 1233 938 1288 et
959 1224 1103 1290 Amabili
1126 1225 1223 1289 aliem
1248 1224 1458 1289 medietatem
1482 1229 1529 1284 te·

423 1329 563 1394 nendum
587 1329 683 1393 simul
708 1351 782 1393 cum
807 1327 873 1392 ulia
901 1328 1078 1392 medietate
1104 1349 1203 1413 quem
1231 1327 1322 1413 prius
1350 1323 1466 1390 hahuit
1494 1323 1529 1387 in

423 1432 515 1497 feodo
544 1431 622 1517 ipsis
650 1429 788 1495 Ricardo
818 1439 854 1494 et
883 1429 1037 1494 Mobilis·
1059 1439 1119 1496 etc.
1141 1453 1200 1516 per
1220 1439 1343 1494 certem
1372 1449 1465 1492 suem
1494 1435 1528 1490 et

423 1535 499 1600 inde
514 1544 641 1622 ponunt
657 1557 690 1599 se
706 1557 803 1620 super
817 1533 967 1598 iuratam.

489 1637 533 1702 Et
557 1637 715 1702 Ricardus
740 1636 820 1701 dicit
844 1636 931 1722 quod
952 1643 1130 1722 antequem
1154 1635 1312 1701 Ricerdus
1337 1643 1431 1720 peter
1452 1655 1529 1698 snus

423 1743 631 1830 desponseuit
657 1741 835 1828 predictam
858 1740 1043 1806 Amabilem
1068 1750 1102 1805 et
1127 1748 1299 1828 postquem
1321 1739 1529 1826 desponsauit

424 1847 591 1911 Mebiliem
608 1856 746 1910 matrem
760 1845 898 1931 primurn
914 1867 1047 1909 uxorem
1067 1845 1181 1910 sucm’
1200 1845 1366 1932 predictus
1383 1845 1529 1930 Rogems

423 1949 464 2014 de
490 1948 579 2014 Oauz
602 1947 734 2012 dederet
756 1946 901 2032 predicto
923 1947 1061 2011 Ricnrdo
1086 1948 1173 2033 putri
1196 1971 1254 2012 suo
1277 1957 1381 2013 totam
1409 1957 1529 2012 terrum

423 2054 513 2118 illem
529 2053 656 2140 integre
676 2075 735 2138 per
753 2061 876 2116 certam
897 2075 990 2117 suum
1009 2052 1051 2116 de
1072 2053 1274 2131 feofemento,
1288 2061 1339 2117 set
1358 2061 1528 2138 postquam

425 2157 560 2222 Metilia
574 2165 678 2221 meter
691 2178 750 2220 suu
765 2164 894 2220 mortun
905 2155 968 2219 fuit
977 2165 1012 2219 et
1021 2163 1193 2241 postquem
1204 2164 1297 2241 poter
1307 2178 1385 2220 suus
1394 2155 1529 2241 despon-

425 2259 511 2324 eauit
522 2259 700 2345 predictam
712 2257 897 2322 Amabilem
906 2257 977 2343 ipse
986 2257 1147 2322 Amebilis
1158 2257 1288 2323 induxit
1298 2267 1425 2344 petrem
1434 2279 1529 2323 suum

425 2363 467 2427 ed
489 2363 549 2427 hoc
571 2371 610 2426 ut
632 2361 780 2426 redderet
803 2361 866 2446 ipsi
889 2362 1016 2448 Rogero
1038 2362 1176 2448 primam
1196 2371 1317 2427 cartem
1344 2371 1379 2427 et
1401 2372 1441 2427 ut
1462 2362 1530 2448 ipse

425 2476 546 2532 cartem
558 2489 649 2530 suem
662 2467 780 2530 feceret
795 2467 826 2530 ei
842 2466 1029 2530 etAmubili
1043 2467 1136 2531 uxori
1150 2490 1208 2532 sue
1223 2468 1263 2533 de
1274 2468 1482 2532 feoffemento
1496 2475 1531 2530 et

425 2567 598 2633 heredibus
612 2567 754 2652 ipsorum
769 2567 809 2632 de
825 2590 954 2652 corpore
975 2567 1077 2653 ipsius
1095 2577 1210 2635 stent
1229 2569 1275 2634 sic
1295 2570 1531 2635 exheredment

425 2671 532 2757 ipsum
563 2671 736 2736 Ricardum
766 2671 870 2736 filium
899 2671 1151 2760 primogenitum
1179 2682 1215 2738 et
1243 2674 1395 2740 heredem
1429 2675 1532 2761 ipsius

427 2773 566 2852 Rieerdi,
581 2783 615 2839 et
635 2775 721 2861 quod
741 2775 789 2840 ita
803 2776 847 2840 sit
867 2775 960 2861 ponit
980 2799 1014 2841 se
1034 2799 1131 2862 super
1149 2777 1298 2855 iuratam,
1312 2787 1348 2844 ct
1367 2779 1532 2845 Robertus

427 2886 461 2942 et
486 2877 646 2942 Amabilis
675 2877 833 2954 similiter,
856 2878 884 2942 si
913 2879 1003 2942 curia
1030 2879 1280 2945 considerauerit
1308 2881 1395 2967 quod
1424 2883 1534 2947 iurata

427 2979 496 3044 fieri
511 2979 628 3044 debeat
644 2979 722 3044 dum
737 2980 902 3065 predictus
917 2980 1078 3046 Henricus
1092 2981 1136 3046 sit
1150 2982 1234 3047 infra
1248 2991 1370 3049 etatem
1385 2994 1447 3050 etc

492 3084 569 3148 Post
595 3084 688 3148 uenit
714 3085 876 3149 Henricus
905 3085 991 3150 filius
1017 3094 1051 3150 et
1079 3085 1173 3151 heres
1197 3088 1341 3174 predicte
1369 3090 1533 3156 Amehilis

428 3197 462 3252 et
477 3195 571 3252 uocet
586 3188 661 3253 inde
676 3196 711 3252 et
723 3197 904 3253 warantum
919 3191 942 3254 J
943 3190 1102 3255 ohannem
1113 3191 1155 3256 de
1170 3193 1313 3279 Segruue
1328 3202 1363 3258 et
1379 3195 1532 3260 Emmnm

266 3355 279 3383 n
328 3351 382 3380 wo,
428 3314 560 3357 uxorem
589 3291 658 3356 eius
682 3291 782 3356 filiam
808 3301 843 3356 et
868 3293 1019 3358 heredem
1048 3294 1186 3380 predicti
1214 3297 1334 3383 Rogeri
1362 3298 1404 3363 de
1433 3299 1534 3376 Cuuz,

265 3391 320 3430 reiut
329 3397 405 3426 mnu·

266 3443 318 3476 turn.
342 3439 378 3474 het
386 3435 407 3472 tu

266 3487 307 3524 fine
317 3481 415 3522 renuunt

265 3533 330 3570 asana
339 3540 397 3578 prop·

265 3585 298 3619 ter
306 3581 381 3618 etatem
385 3576 399 3617 ⁴.

428 3395 547 3460 habeat
562 3418 636 3460 eum
652 3404 710 3460 etc
728 3404 762 3460 et
776 3396 884 3461 inmte
898 3397 1029 3462 interim
1043 3407 1209 3463 remaneat
1224 3421 1390 3486 quousque
1409 3401 1535 3467 scietur

428 3499 468 3562 de
484 3498 647 3575 waremie,
662 3499 739 3584 quie
757 3499 895 3584 predicti
912 3499 1069 3565 Ricardus
1091 3510 1126 3566 et
1147 3501 1309 3567 Henricus
1323 3505 1439 3570 fratres
1451 3517 1535 3570 sunt

427 3611 488 3668 etc.
531 3602 585 3666 Ad
600 3601 686 3666 diem
701 3603 794 3667 illurn
810 3604 888 3688 quia
902 3605 1063 3670 Henricus
1078 3614 1128 3670 est
1148 3606 1232 3671 infra
1245 3617 1369 3673 etetem
1384 3619 1419 3675 et
1435 3623 1536 3696 peter

427 3729 504 3770 suus
515 3705 596 3770 obiit
611 3707 739 3772 eeisitus
755 3707 794 3772 de
809 3708 955 3793 predicte
969 3717 1055 3774 tenu
1069 3718 1107 3774 ut
1122 3710 1162 3775 de
1177 3711 1269 3776 feodo
1282 3711 1535 3781 consideratum

428 3819 477 3874 est
493 3810 578 3897 quod
593 3811 711 3876 hebeat
726 3821 849 3877 etatem
864 3813 956 3878 ideo⁵
971 3821 1030 3879 etc

461 3925 664 4002 ¹decpqnsocret,
676 3927 706 3990 B,
720 3928 749 3977 0.
1004 3929 1074 3980 heire
1084 3930 1114 3980 of
1122 3929 1191 3981 their
1200 3931 1296 3982 bodies.

461 3991 472 4024 ²
488 3992 952 4056 Orrgrnellycndcorrectlydmahr'h‘:
1035 3996 1047 4028 ⁸
1062 4012 1140 4055 mam,
1152 3997 1279 4060 repeated.

429 4058 806 4120 ipsieRicordoetAncahiliet
824 4061 953 4109 heredibus
1035 4061 1127 4110 ⁴Thin
1145 4060 1169 4111 is
1186 4062 1231 4112 the
1249 4063 1307 4113 first
1325 4065 1355 4114 of
1370 4066 1488 4117 curies
1509 4069 1538 4119 ot
1617 4072 1618 4117 t

429 4123 459 4170 dc
479 4137 552 4171 caure
570 4124 650 4184 ipsius
667 4125 790 4172 Amuhilie
808 4126 953 4173 exeuntibus
1004 4130 1080 4175 notes
1098 4127 1162 4189 (MS.
1179 4127 1196 4177 f.
1218 4129 1315 4177 50-53
1332 4129 1359 4194 b)
1378 4131 1486 4182 written
1502 4134 1539 4188 hv

429 4187 717 4250 reverenterque.
753 4187 865 4238 Eiohsrd
884 4190 954 4239 θοοὶ(
1004 4189 1061 4240 him
1083 4190 1168 4240 whom
1189 4192 1204 4241 1
1224 4193 1276 4242 coll
1295 4194 1365 4244 “the
1380 4185 1536 4248 oomsiouil

429 4251 482 4300 hod
491 4254 543 4299 two
557 4251 634 4302 wives
651 4253 685 4319 (lt
703 4252 816 4311 Mobilis,
829 4255 864 4317 (2)
877 4255 953 4304 Amn-
1003 4257 1169 4307 annotetur.”
1203 4257 1244 4307 On
1267 4259 1284 4309 t.
1310 4260 1342 4308 54
1365 4260 1432 4311 “the
1453 4266 1537 4315 nsunt

428 4316 494 4366 bilis.
529 4315 583 4365 The
601 4317 720 4378 question
736 4317 760 4367 is
777 4318 893 4368 whether
909 4319 954 4369 the
1003 4321 1291 4372 annotut0r”resumes
1302 4323 1380 4374 work.
1616 4336 1617 4339 ’

428 4379 712 4444 leudhesheengiven
725 4387 751 4432 to
766 4383 822 4432 him
839 4384 892 4434 and
909 4385 954 4434 the
1036 4386 1087 4435 ¹⁵ct
1108 4387 1165 4436 ideo
1186 4389 1245 4437 iude
1266 4391 1320 4438 rure
1337 4391 1380 4439 dic
1399 4405 1482 4456 mque
1503 4397 1539 4442 cel

426 4445 573 4503 detendunt.
590 4447 632 4496 his
648 4447 743 4497 second
759 4448 824 4510 wife,
843 4449 895 4500 end
909 4449 954 4499 the
1004 4458 1095 4500 ctorem
1105 4467 1185 4510 ruam,
1196 4452 1228 4514 B,
1242 4453 1270 4503 Ο.
