3342 5217
361 6 426 70 5³8
666 16 804 79 msrrs,
825 16 890 67 nn.
916 3 1009 79 1232,
1031 16 1094 69 aa
1120 6 1169 71 16.

359 194 472 253 tenere
499 186 681 273 predictam
709 194 832 253 terram
856 193 891 253 et
912 184 1136 253 molendinum
1156 208 1217 275 per
1238 210 1309 252 xxv.
1332 187 1387 252 soh
1409 208 1471 273 per

359 315 432 357 ann.
454 290 544 357 idem
564 290 677 357 Abbas
698 290 851 378 prohibet
880 290 1030 357 omnibus
1052 291 1120 357 suis
1142 291 1201 379 qui
1221 291 1343 357 debent
1363 291 1471 357 faeere

358 404 480 462 sectam
495 393 582 482 quod
595 417 661 460 non
673 395 803 473 faciant,
814 403 850 461 et
864 404 1014 482 preterea
1027 395 1154 461 leuauit
1169 396 1331 484 quoddam
1346 396 1470 461 molen·

358 499 472 565 diuum
487 499 530 565 ad
544 498 631 586 quod
645 498 785 585 predicti
799 498 946 565 homiues
966 499 1091 565 faciunt
1111 498 1256 578 molere¹,
1270 508 1306 565 et
1319 506 1472 586 praterea

357 603 456 691 fregit
469 611 624 691 stagnum
638 603 680 669 dc
694 602 870 668 latitudine
885 603 940 690 xij.
960 602 1082 689 pedum
1102 612 1137 669 et
1158 612 1307 690 preterea
1326 603 1471 689 piscatur

357 708 393 773 in
407 706 521 773 eadem
536 730 623 795 aqua
636 716 749 773 contra
762 708 862 773 finem
877 707 971 773 illum
991 715 1026 773 et
1043 707 1131 775 uude
1151 708 1403 795 dmpnifioatus
1416 715 1470 773 est

358 820 419 877 etc.
434 820 469 877 et
483 811 560 877 inde
574 810 724 898 producit
738 820 869 877 sectam.

423 914 469 979 Et
482 914 596 980 Abbas
615 936 674 1001 per
693 922 897 980 attornatum
916 937 1012 981 suum
1031 916 1126 981 uenit
1148 924 1182 982 et
1203 915 1288 982 hene
1307 915 1473 1003 cognoscit

358 1019 458 1085 finem
472 1028 507 1085 et
520 1019 603 1085 bene
618 1019 766 1085 defendit
780 1018 869 1106 quod
879 1041 1047 1106 nunquam
1058 1020 1226 1106 prohibuit
1237 1020 1385 1085 homines
1396 1040 1473 1084 suos

358 1127 463 1191 facere
477 1132 601 1190 sectam
614 1124 694 1211 quia
707 1132 844 1211 possunt
858 1125 978 1190 molere
989 1124 1048 1191 ubi
1057 1125 1183 1191 uolunt
1220 1125 1273 1191 De
1284 1123 1471 1190 molendino

358 1228 401 1294 ad
414 1236 554 1293 nantum
567 1226 649 1293 dicit
663 1228 751 1315 quod
765 1228 956 1295 conuentus
970 1228 1097 1294 leuauit
1117 1228 1200 1295 illud
1220 1227 1470 1296 molendinum'.

358 1332 410 1399 De
439 1332 596 1399 fraccione
619 1332 729 1420 stagni
756 1331 838 1398 dicit
867 1332 954 1419 quod
983 1333 1052 1420 ipse
1082 1356 1251 1420 nunquam
1279 1333 1357 1399 fecit
1385 1331 1470 1398 illud

358 1438 506 1524 frangere
534 1459 596 1503 nec
624 1436 742 1524 aliquis
771 1459 831 1523 per
859 1459 945 1516 eum,
975 1446 1027 1503 set
1060 1460 1175 1505 reuera
1202 1446 1357 1525 stagnum
1386 1435 1470 1502 illud

358 1540 619 1607 emensuratum⁸
653 1541 719 1606 fuit
746 1562 805 1627 per
833 1541 1126 1609 consideracionem
1154 1542 1316 1608 hundredi
1345 1550 1382 1607 et
1410 1564 1470 1629 per

358 1645 506 1733 querelas
525 1644 699 1710 liberorum
719 1645 889 1711 hominum
911 1644 968 1732 qui
988 1667 1022 1711 se
1044 1645 1121 1712 inde
1144 1645 1370 1732 querebantur.
1415 1646 1470 1711 Da

357 1749 495 1837 piscaria
508 1750 589 1816 dicit
603 1750 690 1838 quod
703 1750 773 1837 ipse
791 1759 827 1817 et
845 1750 1083 1838 predecessores
1103 1751 1155 1817 sui
1172 1772 1301 1838 semper
1319 1750 1470 1817 solehfflt

358 1855 475 1942 piscari
495 1863 531 1921 et
551 1864 630 1921 ante
651 1855 836 1942 predictum
858 1856 956 1921 finem
979 1864 1014 1921 et
1037 1863 1120 1942 post,
1150 1864 1185 1921 et
1208 1855 1292 1922 bene
1321 1854 1470 1921 defendit

359 1968 471 2027 contra
491 1968 614 2026 sectam
636 1983 729 2026 suam
751 1960 838 2047 quod
859 1982 924 2025 non
946 1958 1114 2046 prohibuit
1139 1959 1287 2025 homines
1308 1959 1386 2027 etc⁴
1408 1982 1470 2025 nec

358 2073 512 2153 stagnum
526 2064 633 2152 fregit.
677 2064 721 2129 Et
735 2064 808 2130 ideo
823 2062 935 2131 uadiet
950 2065 1057 2153 legem
1071 2086 1107 2130 se
1121 2064 1203 2150 xijm
1213 2086 1313 2129 manu
1324 2063 1366 2130 de
1381 2072 1471 2129 secta

359 2176 395 2234 et
408 2169 567 2234 fraccione
581 2168 691 2255 stagni
705 2176 741 2233 et
755 2168 869 2234 ueniat
884 2178 945 2235 etc.
990 2170 1034 2234 Et
1053 2168 1167 2235 Abbas
1186 2190 1245 2255 per
1265 2176 1470 2234 attornatum

359 2296 456 2339 suum
484 2273 569 2339 bene
598 2271 764 2359 cognoscit
792 2272 879 2359 quod
908 2273 1048 2339 Thomas
1077 2280 1187 2360 potest
1210 2271 1294 2338 cur'⁸
1315 2280 1471 2359 stagnum

359 2376 489 2465 quando
504 2376 646 2441 uoluerit
660 2385 696 2441 et
711 2376 799 2462 quod
811 2376 911 2443 debet
926 2376 1046 2443 habere
1066 2377 1228 2465 anguillas
1248 2377 1290 2442 ad
1305 2377 1470 2442 exclusam

360 2505 453 2548 suam
467 2481 645 2548 cadentes⁴.
688 2480 768 2546 Post
782 2481 876 2547 uenit
891 2482 1003 2547 Abbas
1021 2504 1080 2568 per
1099 2488 1302 2547 attomatum
1322 2502 1420 2547 suum
1436 2490 1472 2546 et

359 2586 446 2673 petit
474 2585 631 2651 iudicium
659 2585 701 2651 de
730 2584 868 2671 piscaria
890 2593 925 2651 et
954 2585 1139 2652 molendino
1168 2586 1285 2651 leuato
1330 2585 1471 2651 Ponitur

359 2690 395 2756 in
416 2698 609 2777 respectum,
631 2698 666 2755 et
687 2690 765 2755 fecit
786 2690 893 2777 legem
917 2712 1010 2756 suam
1035 2714 1093 2779 per
1122 2691 1180 2779 iiij
1207 2692 1286 2779 quia
1314 2691 1470 2757 Thomas'

360 2795 469 2860 tenuit
494 2816 529 2859 se
558 2803 711 2880 pacatum
734 2795 774 2860 de
797 2794 944 2861 totidem.
988 2796 1034 2859 Et
1057 2795 1130 2861 ideo
1156 2795 1395 2861 consideratum
1420 2804 1471 2862 est

360 2900 447 2987 quod
461 2898 573 2964 Abbss
587 2898 665 2965 inde
679 2898 750 2964 sine
765 2898 818 2964 die
833 2907 895 2965 etc.

304 3059 312 3076 .
425 3004 551 3069 ⁰Assisa
565 3003 659 3068 uenit
673 3003 921 3091 recogniturasi
941 3002 1099 3069 Ricardus
1120 3002 1242 3069 Bosant
1262 3003 1387 3070 iniuste
1407 3012 1468 3069 etc.

361 3108 498 3174 diuertit
527 3130 657 3172 cursum
686 3130 771 3195 aque
794 3107 830 3172 in
857 3107 1025 3193 Stybeney
1050 3107 1092 3173 ad
1115 3117 1349 3174 nocumentum
1376 3108 1471 3175 liberi

361 3211 543 3277 tenementi
575 3212 733 3277 Willelmi
762 3210 804 3276 de
832 3211 918 3276 Aras
949 3218 983 3276 et
1013 3211 1173 3298 Margarie
1199 3211 1309 3276 uxoris
1337 3211 1409 3277 eius
1437 3213 1472 3277 in

360 3313 563 3379 Westhamo'
585 3322 659 3400 post
680 3314 819 3399 primam
842 3321 902 3379 etc.
947 3314 991 3378 Et
1016 3314 1172 3379 Ricardus
1192 3314 1287 3380 uenit
1312 3323 1346 3380 et
1370 3315 1471 3382 nichil

361 3417 442 3483 dicit
457 3440 556 3503 quare
571 3417 671 3482 assisa
684 3425 861 3484 remaneat.

426 3522 596 3588 duraturas
636 3521 751 3588 dicunt
793 3522 881 3610 quod
926 3545 1012 3611 aqua
1052 3530 1248 3589 trestornata
1288 3523 1354 3589 fuit
1394 3532 1471 3590 ante

393 3654 636 3785 :iissem
942 3660 1059 3773 ⁶⁰⁶⁰th
1079 3724 1131 3775 0012
1158 3722 1243 3775 vnio
1270 3724 1318 3774 nu
1345 3722 1403 3775 into
1430 3724 1471 3775 nn

394 3784 485 3863 ’The’
503 3788 574 3850 pond
600 3802 653 3837 was
679 3786 791 3839 reduced
818 3793 846 3839 to
873 3802 890 3839 a
942 3788 1122 3904 slipioeihm
1149 3852 1228 3903 interl
1264 3854 1299 3918 by
1321 3858 1462 3905 mom

361 3852 890 3983 prephhhldtbfflrinsertsqucdandtomi·
942 3919 1058 3969 Thomas
1068 3934 1122 3969 was
1132 3888 1239 3970 contmt
1253 3920 1319 3970 with
1332 3920 1393 3971 tour
1403 3891 1470 3972 som:

361 3996 404 4079 mg
416 3990 557 4097 ‘libusuam
574 4063 671 4107 curare.
688 4047 751 4100 hera
766 4048 890 4112 meaning
941 3989 1169 4101 puggin'h‘irsffiouseis
1180 4049 1247 4101 riu.
1260 4052 1352 4113 Auru,
1366 4051 1423 4102 4³0.
