3342 5217
382 451 616 517 urcssmnss,
640 453 705 505 nn.
730 437 823 519 mes,
846 455 910 507 ns
934 435 1070 506 12-13.
1212 438 1275 506 243

61 636 131 699 291.
237 629 362 695 'Assiss
376 629 470 694 uenit
491 629 697 716 recognitum
717 627 867 693 siAdam
889 626 1001 693 Abbss
1020 626 1062 692 de
1081 625 1274 714 Eyneshnm,
1315 633 1411 674 ΝΜ

177 732 311 798 Thomas
335 733 365 799 le
392 733 523 811 Messer,
539 732 731 798 'Willclmus
753 730 890 820 Dusing'
913 732 1106 818 Redulphus
1135 732 1213 798 Soet
1240 739 1276 796 et

177 837 333 903 Henricus
344 835 451 903 Coche
462 836 583 901 iniuste
599 843 660 902 etc
671 835 925 901 desseisiuerunt
939 835 1120 901 Robertum
1134 834 1176 901 de
1190 836 1274 900 Nor-

176 941 266 1007 loleie
279 940 320 1007 de
335 942 436 1008 libero
451 949 639 1007 tenemento
654 963 712 1006 suo
726 940 762 1005 in
777 940 919 1005 Histons
932 948 1006 1026 post
1020 947 1079 1006 etc

237 1044 281 1110 Et
294 1045 407 1110 Abbes
422 1045 515 1110 uenit
534 1052 569 1110 et
590 1043 670 1109 dicit
686 1042 772 1131 quod
793 1043 959 1129 predictus
977 1042 1141 1108 Robertus
1159 1040 1276 1108 hebuit

176 1155 400 1233 tenementum
426 1149 510 1215 illud
539 1147 626 1214 unde
648 1149 749 1214 assisa
769 1147 944 1213 arramists
965 1146 1029 1212 fuit
1050 1169 1125 1212 cum
1147 1146 1277 1234 Agnete

175 1275 271 1318 uxore
285 1275 354 1332 sue,
367 1261 402 1318 et
417 1252 546 1340 quando
560 1253 632 1339 ipse
645 1259 775 1317 mortua
788 1252 854 1317 fuit
867 1259 1031 1317 uenerunt
1044 1251 1096 1316 sui
1110 1250 1232 1328 statim,
1243 1258 1278 1315 et

174 1357 366 1422 seisiuerunt
380 1366 605 1422 tenementum
620 1357 703 1423 illud
718 1357 752 1421 in
763 1377 898 1420 menum
908 1355 1049 1421 Abbatis
1059 1355 1161 1422 donec
1170 1364 1278 1421 rectus

174 1461 264 1527 heres
286 1461 414 1527 ueniret
439 1469 474 1526 et
500 1462 619 1527 feceret
645 1461 751 1527 eidem
777 1460 902 1527 Abbati
931 1483 988 1547 pro
1012 1467 1200 1526 tenemento
1222 1459 1279 1525 illo

173 1565 257 1651 quod
273 1565 376 1631 facere
395 1565 426 1630 ei
445 1564 588 1643 deberet,
605 1572 641 1630 et
661 1565 785 1630 nullam
805 1564 904 1629 eliam
919 1564 997 1629 lecit
1018 1564 1229 1643 disseisinem,
1243 1570 1278 1628 et

174 1668 232 1732 boc
246 1669 392 1733 fecenmt
407 1667 540 1732 firmarii
556 1668 607 1734 sui
621 1668 712 1734 seluo
726 1668 796 1734 iure
811 1669 994 1735 cuiuslibet.

237 1773 315 1838 Post
333 1773 426 1838 uenit
446 1774 609 1840 Robertus
628 1783 710 1860 aput
724 1773 1051 1840 Westmonesterium
1069 1780 1105 1838 et
1124 1771 1278 1860 produxit

172 1895 288 1959 pueros
310 1895 390 1960 quos
419 1873 536 1939 habuit
565 1874 606 1940 de
628 1872 774 1960 predicte
796 1873 926 1962 Agnete
949 1895 1048 1939 uxore
1069 1895 1131 1939 sue
1150 1872 1277 1938 racione

172 1999 308 2064 quorum
345 1978 464 2044 clamet
500 1987 611 2044 tencre
648 1987 873 2044 tenementum
910 1978 991 2044 illud
1021 1986 1092 2043 tots
1119 1977 1192 2043 uite
1219 1999 1279 2042 suc

171 2081 349 2146 secundum
365 2081 471 2169 legem
486 2090 521 2147 et
535 2082 804 2149 consuetudinem
819 2081 919 2170 regni

237 2187 282 2252 Et
296 2187 408 2253 Abbas
423 2211 481 2274 per
494 2196 696 2254 attornetum
710 2211 808 2254 suum
821 2189 904 2254 dicit
918 2188 1005 2275 quod
1019 2188 1080 2254 hoc
1100 2210 1164 2252 non
1179 2187 1279 2253 debet

172 2290 203 2356 ei
226 2314 349 2370 nocere,
371 2292 449 2378 quia
469 2293 635 2380 predictus
661 2294 823 2360 Robertus
849 2293 1059 2380 desponseuit
1083 2293 1189 2380 ipsam
1210 2294 1277 2381 Ag-

171 2404 283 2460 netem
305 2405 476 2483 postquam
499 2419 610 2462 omnes
624 2397 718 2485 pueri
739 2396 811 2462 neti
832 2398 966 2463 fuerunt
985 2419 1044 2482 per
1064 2405 1131 2480 tres
1153 2417 1280 2462 memes

170 2507 250 2565 ante
280 2508 417 2565 mortem
446 2500 548 2587 ipsius
573 2500 713 2588 Agnetis
739 2508 774 2565 et
799 2499 1041 2597 matrimonium
1066 2501 1189 2566 fectum
1215 2499 1280 2564 fuit

170 2605 260 2691 apud
276 2605 536 2692 Fendmytonsm
551 2613 586 2671 et
601 2605 662 2671 hoc
676 2605 770 2670 offert
784 2605 920 2696 probare
935 2613 994 2671 etc

239 2709 284 2773 Et
298 2708 460 2774 Robertus
474 2707 554 2774 dicit
569 2708 655 2795 quod
669 2730 783 2774 reuera
793 2709 1003 2795 desponscuit
1014 2709 1107 2775 eam'
1122 2709 1279 2775 Sanctum

172 2814 311 2878 Iuonem
333 2813 386 2898 xij.
408 2812 501 2878 annis
523 2812 647 2899 clapsis,
663 2821 713 2877 set
735 2811 890 2898 priuatim
913 2812 991 2898 quic
1011 2835 1077 2878 non
1097 2834 1196 2877 susus
1217 2811 1281 2877 fuit

170 2913 396 3000 sollempniter
425 2937 498 2979 eam
519 2914 712 3000 desponsare
734 2936 791 3000 pro
813 2913 926 2978 amicis
947 2922 982 2978 et
1002 2915 1193 3000 perentibus
1213 2911 1281 2980 suis

171 3041 233 3082 nec
248 3039 307 3104 pro
321 3017 451 3086 domino
465 3040 525 3083 suo
539 3018 592 3083 cui
603 3018 710 3083 nunc³
724 3017 862 3083 seruiuit
877 3026 912 3083 et
925 3026 1039 3104 postea
1048 3019 1113 3084 fuit
1127 3018 1279 3104 crecesig-

171 3119 294 3186 natus⁴
323 3128 358 3185 et
394 3128 567 3207 postquem
595 3121 689 3207 pueri
718 3121 788 3186 neti
818 3121 950 3186 fuerunt
979 3121 1073 3186 uenit
1101 3121 1170 3208 ipse
1198 3128 1281 3207 aput
1408 3175 1410 3179 .

170 3222 435 3309 Fendraytonam
461 3232 497 3288 et
517 3223 564 3289 ibi
586 3245 644 3310 per
665 3223 834 3290 consilium
857 3224 1034 3291 amicorum
1055 3225 1191 3290 eandem
1212 3225 1280 3311 Ag-

169 3337 285 3394 netem
301 3325 336 3392 in
350 3327 432 3392 facie
447 3326 580 3392 ecclesie
594 3327 816 3414 sollempniter
830 3328 1048 3415 desponsauit,
1062 3336 1102 3394 ut
1121 3327 1282 3416 sponsalis

170 3431 303 3520 plenius
318 3429 485 3497 scirentur.

240 3535 286 3600 Et
314 3534 426 3600 Abbss
447 3533 528 3600 dicit
550 3534 636 3620 quod
658 3535 741 3600 bene
764 3542 858 3622 potet
879 3535 966 3622 quod
987 3558 1052 3601 non
1073 3535 1283 3622 desponsauit

172 3663 249 3705 eam
278 3647 356 3704 ante
385 3638 564 3726 predictam
594 3639 870 3726 sollempnitatem
899 3638 987 3726 apud
1023 3640 1282 3718 Fendmitonem,

172 3743 255 3831 quie
273 3742 345 3828 ipse
366 3742 477 3830 Agnes
497 3743 704 3830 inplacitcuit
724 3743 831 3830 ipsum
850 3744 1015 3810 Abbstem
1034 3743 1160 3810 tribus⁸
1179 3753 1281 3810 trans·

170 3847 267 3925 actis,
290 3855 325 3912 et
347 3854 426 3912 tunc
449 3847 544 3913 stetit
567 3847 654 3912 idem
678 3848 841 3913 Robertus
866 3871 941 3914 cum
967 3871 1007 3914 ec
1033 3849 1119 3914 sicut
1144 3850 1283 3938 armiger

170 3975 255 4018 suus
270 3951 362 4018 nulls
375 3951 461 4018 lecte
474 3953 515 4018 de
530 3975 568 4018 eo
583 3953 750 4020 mencione
764 3954 800 4020 in
814 3955 914 4019 breue
929 3976 989 4020 nec
1008 3954 1044 4019 in
1063 3952 1182 4040 placito
1196 3954 1284 4040 quod

170 4064 263 4122 esset
285 4055 337 4120 uir
358 4078 444 4122 suus
489 4055 533 4120 Et
555 4055 718 4123 Robertus
730 4081 804 4123 vnon
825 4066 934 4145 potest
955 4059 1016 4125 hoc
1037 4057 1185 4124 dedicere
1207 4058 1285 4144 quis

169 4160 268 4228 curie
292 4161 353 4226 hoc
378 4159 572 4230 recordetur.
617 4163 661 4228 Et
682 4162 755 4228 ideo
778 4163 1015 4230 consideratum
1038 4162 1197 4250 estquod
1219 4163 1282 4230 Ro-

341 4363 520 4425 1n.m.e‹1;
538 4363 652 4418 ema.
820 4335 1128 4430 mmmmm.

342 4430 556 4496 ’Supplyapud
569 4431 600 4493 B,
614 4431 644 4481 0.
821 4432 949 4498 'Supply
958 4432 1085 4494 amm,
1097 4432 1126 4484 0.

342 4496 354 4529 ⁸
370 4497 441 4548 corr.
454 4505 521 4559 tunc,
534 4496 565 4559 Β,
580 4497 609 4549 (l.

1092 4605 1198 4668 lis-2
