3342 5217
503 449 645 508 susus,
667 447 730 496 nn.
757 435 851 510 1231,
874 447 937 497 nn
962 436 1012 497 15.
1243 437 1308 502 395

200 631 234 686 et
249 623 331 686 bene
347 620 427 686 dicit
442 620 528 705 quod
543 619 613 705 ipse
628 639 693 683 non
712 617 814 682 hebet
834 626 1032 704 potestatem
1052 617 1094 683 de
1114 619 1232 685 herede
1254 619 1311 684 illo

199 722 406 810 producendo
434 721 489 787 uel
519 719 678 798 hshend0,
704 719 782 806 quis
811 719 906 785 heres
933 720 990 786 ille
1020 729 1071 785 est
1099 721 1134 785 in
1163 722 1311 786 custodis

201 826 340 893 Comitis
363 825 488 892 Cestrie
508 833 543 889 et
563 847 731 910 nunquam
747 825 840 889 uenit
854 825 889 889 in
904 822 1079 911 Anglinm¹
1094 833 1188 889 extre
1201 835 1310 910 potes-

200 940 304 996 tatem
319 937 354 995 et
369 938 488 994 terrum
503 928 606 1014 ipsius
623 927 762 994 Comitis
776 949 837 994 nec
858 949 1001 1013 unquam
1017 926 1122 992 exiuit
1136 950 1157 991 a
1170 928 1239 992 loco
1254 926 1312 992 ubi

199 1035 345 1100 nutritus
359 1033 432 1110 fuit,
441 1042 475 1098 et
487 1032 659 1098 benedicit
671 1032 757 1118 quod
766 1054 934 1117 nunquam
946 1031 1032 1096 uidit
1044 1031 1196 1096 heredem
1208 1032 1311 1098 illum.

266 1139 310 1203 Et
332 1139 479 1224 Rogerus
501 1136 582 1201 dicit
604 1136 690 1222 quod
712 1136 765 1201 die
786 1159 851 1222 quo
866 1136 966 1200 breue
982 1137 1046 1200 fuit
1060 1137 1262 1222 inpetratum
1277 1145 1313 1200 et

201 1240 329 1327 quando
355 1240 442 1306 idem
464 1239 650 1303 Willelmus
671 1237 889 1304 summonitus
911 1238 976 1302 fuit
999 1247 1034 1302 et
1057 1238 1159 1303 eciam
1183 1239 1313 1325 quando

201 1369 235 1412 se
261 1345 437 1411 essenisuit
459 1353 533 1430 post
555 1343 844 1409 summonicionem
868 1344 933 1408 fuit
958 1343 1046 1408 idem
1068 1344 1252 1410 Willelmus
1277 1345 1312 1410 in

201 1449 320 1514 seisina
335 1448 376 1513 de
397 1455 484 1512 terra
503 1447 561 1512 illa
580 1454 615 1512 et
634 1455 748 1533 postes
767 1455 887 1511 terram
911 1445 1002 1511 illam
1024 1445 1161 1511 tradidit
1182 1447 1311 1512 cuidam

202 1552 347 1628 Fulconi,
363 1559 398 1616 et
413 1549 494 1616 dicit
508 1550 595 1636 quod
615 1550 786 1636 Philippus
806 1549 847 1614 de
869 1549 979 1634 Oreby
993 1548 1110 1614 habuit
1132 1549 1311 1616 custodiam

201 1655 339 1742 predicti
361 1655 490 1721 heredis
511 1663 545 1719 et
560 1663 787 1741 postmortem
802 1653 942 1740 predicti
957 1654 1102 1740 Philippi
1116 1655 1210 1720 uenit
1223 1655 1311 1720 idem

202 1759 387 1824 Willelmus
399 1767 433 1823 et
444 1758 606 1824 commisit
621 1757 773 1822 heredem
788 1757 883 1822 illum
894 1757 1024 1822 cuidam
1035 1757 1197 1822 Prioratui
1208 1757 1311 1823 Cestr'

202 1862 394 1926 Moninlium
420 1859 521 1925 donec
545 1859 661 1925 Comes
685 1860 811 1926 Oestrie
829 1861 988 1948 precipiet
1009 1861 1085 1926 inde
1105 1862 1311 1926 uoluntatem

202 1989 295 2030 susm
310 1975 345 2030 et
361 1965 437 2030 inde
452 1964 602 2051 producit
616 1973 747 2030 sectam.

82 2082 95 2096 ¹
143 2129 151 2142 ,
268 2070 455 2135 Gilebertus
477 2069 654 2133 Passelewe
676 2069 885 2135 athachiatus
903 2071 968 2135 fuit
988 2070 1030 2135 ed
1049 2069 1310 2157 respondendum
1370 2086 1430 2127 Nort

202 2174 334 2238 Herueo
349 2174 389 2239 de
405 2174 531 2239 Stsnho
547 2196 645 2259 quere
660 2197 726 2238 non
740 2174 889 2260 aquietst
908 2197 983 2240 eum
1005 2175 1045 2240 de
1067 2175 1203 2240 seruicio
1225 2175 1311 2262 quod

203 2277 366 2342 Gslfn'dus
380 2276 421 2341 de
438 2277 503 2364 Say
518 2277 560 2342 ab
575 2299 612 2341 eo
628 2277 730 2364 exigit
745 2277 787 2342 de
802 2287 991 2344 tenemento
1011 2279 1097 2365 quod
1111 2279 1151 2344 de
1166 2279 1311 2366 predicto

203 2380 370 2445 Gileberto
385 2387 477 2445 tenet
492 2379 527 2443 in
543 2379 645 2445 Creck
661 2387 695 2444 et
711 2380 797 2446 unde
812 2379 900 2445 idem
916 2379 1103 2446 Gilebertus
1117 2381 1174 2468 qui
1184 2381 1312 2447 medius
1323 2399 1451 2443 camuros

202 2494 253 2550 est
267 2484 355 2550 inter
369 2507 423 2549 eos
443 2507 518 2550 eum
533 2484 700 2570 aquietsre
715 2484 814 2550 debet
829 2494 889 2551 ete.
906 2494 940 2549 et
955 2486 1043 2551 unde
1057 2485 1145 2550 idem
1160 2486 1312 2552 Herueus

202 2587 350 2673 queritur
364 2586 450 2674 quod
467 2587 633 2672 predictus
648 2587 814 2652 Gelfridus
829 2611 906 2652 eum
921 2587 1088 2676 distringit
1103 2589 1145 2654 ed
1159 2589 1311 2655 reddend'

202 2691 235 2756 ei
260 2714 289 2756 x.
313 2691 367 2755 lib.
391 2713 450 2776 pro
479 2689 600 2755 releuio
630 2689 670 2754 de
699 2699 804 2754 morte
832 2689 974 2755 Simonis
999 2691 1175 2756 Passelewe
1205 2693 1313 2758 fratris

202 2793 306 2880 ipsius
333 2793 492 2859 Gileherti
516 2793 608 2858 cuius
635 2794 728 2858 heres
753 2793 823 2880 ipse
847 2801 897 2858 est
921 2801 956 2858 et
979 2801 1127 2878 pretereo
1148 2794 1234 2880 quod
1255 2817 1314 2881 pro

202 2900 331 2964 defectu
352 2898 453 2984 ipsius
474 2899 681 2986 distringitur
700 2899 743 2964 ed
762 2898 915 2963 reddend'
930 2898 972 2962 xl.
990 2897 1044 2963 sol.
1066 2898 1108 2963 ed
1128 2899 1312 2965 faciendum

201 3003 308 3067 filium
323 3025 419 3067 suum
434 3003 688 3090 primogenitum
703 3002 789 3081 etc.⁸‚
799 3003 926 3068 desicut
936 3003 1024 3067 idem
1036 3003 1222 3069 Gilebertus
1236 3027 1311 3070 eum
1335 3023 1338 3028 ·

200 3106 278 3172 inde
293 3106 460 3190 cquietere
475 3105 582 3185 debet,
598 3115 632 3171 et
646 3129 706 3193 per
724 3105 962 3172 districcionem
984 3105 1075 3170 illam
1098 3105 1312 3173 deterioratus

201 3218 253 3275 est
268 3219 302 3274 et
317 3210 494 3296 dampnum
510 3211 611 3276 hahet
626 3220 685 3277 etc.
702 3220 736 3276 et
751 3211 827 3276 inde
842 3211 993 3298 producit
1007 3219 1137 3276 sectam

268 3317 313 3382 Et
333 3317 519 3383 Gilehertus
538 3319 631 3384 uenit
655 3327 689 3384 et
713 3320 796 3384 bene
820 3318 985 3406 cognoscit
1008 3320 1094 3405 quod
1116 3321 1214 3387 debet
1236 3345 1312 3388 eum

201 3422 369 3509 acquietare
393 3431 428 3488 et
451 3423 554 3488 nescit
575 3424 603 3489 si
624 3424 791 3490 districtus
813 3433 980 3491 essetnec
1002 3426 1154 3491 Hemeus
1176 3427 1208 3492 ei
1232 3428 1312 3513 scire

201 3528 280 3592 fecit
294 3527 380 3613 quod
396 3527 562 3593 districtus
576 3538 662 3594 esset
676 3530 730 3594 uel
745 3552 811 3594 non
826 3537 861 3594 et
875 3529 1016 3594 libenter
1030 3553 1106 3594 eum
1121 3531 1311 3616 aquietebit.

202 3631 248 3695 Et
269 3631 422 3696 Herueus
443 3631 524 3697 dicit
546 3632 632 3718 quod
654 3655 712 3719 pro
734 3633 863 3699 defectu
886 3634 990 3720 ipsius
1013 3634 1155 3700 reddidit
1178 3636 1247 3722 ipse
1271 3636 1311 3702 de

201 3737 301 3802 bursa
324 3759 384 3801 sus
405 3737 445 3801 xl.
473 3737 530 3802 sol.
557 3745 591 3802 et
614 3738 690 3803 inde
714 3740 865 3825 producit
886 3747 1016 3805 sectam.
1061 3741 1105 3804 Et
1126 3739 1200 3805 ideo
1223 3741 1312 3808 Gile-

201 3841 315 3906 bertus
336 3841 367 3905 ei
387 3841 564 3906 satisfaciet
586 3840 626 3907 de
648 3842 803 3928 predictis
824 3843 867 3908 xl.
889 3842 943 3908 sol.
989 3844 1033 3908 Et
1056 3843 1241 3909 Gilebertus
1262 3845 1312 3909 in-

171 3975 175 3984 ·
204 3943 300 4008 uenit
315 3943 420 4031 pleg'⁴
435 3944 520 4030 quod
535 3944 718 4030 equietabit
735 3945 843 4030 ipsum
864 3945 1034 4010 Hemeum
1056 3968 1169 4010 uersus
1190 3947 1312 4032 capite-

202 4049 268 4113 lem
283 4047 451 4112 dominum
467 4047 508 4113 de
522 4049 676 4134 predictis
692 4074 720 4114 x.
738 4050 808 4115 libr.
824 4058 859 4114 et
874 4050 935 4114 sub
951 4050 1011 4115 hac
1026 4050 1211 4115 condicione
1226 4051 1312 4137 quod

202 4207 363 4324 figgog
379 4208 726 4338 turritum
785 4210 1312 4341 unthtthtutzttn

202 4338 374 4400 orungnnu
782 4355 839 4392 son.

236 4404 248 4435 ²
263 4405 287 4452 A
298 4401 356 4454 urit
367 4404 396 4453 of
404 4419 493 4463 mem,
504 4404 617 4467 brought
627 4405 732 4468 sgsinst
814 4405 825 4439 ⁴
839 4408 951 4470 plectum
962 4423 992 4456 or
999 4409 1104 4471 plegios.

206 4467 252 4518 the
263 4483 352 4519 mesne
363 4469 420 4519 lord
431 4469 464 4533 by
475 4486 491 4521 s
506 4474 598 4521 tenent
609 4471 667 4520 who
683 4469 732 4522 hes
