3342 5217
400 437 463 501 280
503 447 644 500 nuum
659 447 753 496 rrum
767 445 840 496 run
855 445 1056 495 monemur
1070 445 1171 507 nrum
1185 445 1252 496 nn.
1266 432 1359 508 1229,
1372 444 1438 496 nn
1451 433 1502 495 13.

399 627 522 705 etatem
547 627 597 684 est
623 627 658 684 et
682 617 755 684 ideo
782 625 988 703 exspectetur
1013 625 1083 682 etos
1104 625 1139 682 et
1160 626 1240 682 tunc
1261 623 1506 682 summoneatur

399 725 526 811 loquela
545 724 580 790 in
601 725 713 789 eodem
734 730 823 788 statu
844 730 904 788 etc.
925 731 960 787 et
982 722 1140 788 Ricardus
1159 723 1245 788 filius
1265 722 1403 787 Walteri
1424 730 1505 786 tunc

398 837 641 896 summoneatur
655 839 694 894 ut
709 828 784 893 inde
800 828 1037 913 respondeatur.
1246 889 1251 896 .

342 989 349 1006 .
462 934 574 999 Assise
609 933 703 998 uenit
738 932 944 1019 recognitum
979 933 1007 996 si
1043 932 1231 1018 Stephanus
1260 930 1504 998 Cantuariensis

399 1036 576 1122 Episcopus
598 1045 632 1102 et
658 1037 714 1102 alii
743 1036 864 1100 iniuste
894 1044 954 1101 etc
983 1035 1229 1100 disseisiuerunt
1258 1036 1433 1121 Hugonem
1462 1035 1503 1099 de

399 1138 554 1204 Coleham
576 1138 616 1204 de
633 1160 804 1204 communa
825 1146 957 1223 pasture
972 1160 1029 1202 sue
1051 1137 1087 1202 in
1101 1138 1209 1223 Heyse
1227 1159 1291 1223 que
1304 1137 1449 1223 pertinet
1462 1136 1504 1201 ad

398 1240 535 1305 liberum
551 1248 775 1306 tenementum
790 1262 886 1304 suum
902 1239 937 1303 in
953 1239 1107 1305 Colchum
1122 1248 1196 1325 post
1210 1240 1315 1304 ultim’
1331 1249 1390 1305 etc.

463 1343 508 1408 Et
522 1343 791 1428 Archiepiscopus
806 1340 907 1406 obiit¹
922 1349 957 1406 et
976 1363 1087 1405 omnes
1106 1341 1163 1405 alii
1185 1341 1321 1406 ueniunt
1341 1349 1375 1405 et
1390 1341 1504 1407 dicunt

399 1447 485 1532 quod
507 1447 606 1512 nichil
627 1446 766 1512 clamat*
785 1446 820 1510 in
841 1445 988 1531 predicta
1006 1453 1138 1530 pasture
1157 1445 1221 1510 nisi
1242 1468 1301 1531 per
1322 1446 1503 1531 predictum

236 1567 356 1616 Notaque!
398 1551 683 1637 Archiepiscopum
699 1550 755 1636 qui
770 1549 847 1614 inde
861 1550 943 1614 obiit
957 1549 1094 1614 seisitus
1139 1550 1183 1614 Et
1198 1550 1298 1637 Hugo
1318 1550 1377 1615 hoc
1395 1559 1502 1614 toturn

236 1615 291 1654 cedit
299 1615 363 1654 mulso

235 1661 386 1747 322⁰&ssss
399 1655 569 1742 cognoscit.
613 1656 658 1719 Et
678 1655 751 1720 ideo
770 1654 1008 1719 consideratum
1026 1663 1076 1719 est
1096 1654 1182 1740 quod
1204 1677 1315 1719 omnes
1336 1655 1413 1720 inde
1434 1655 1504 1719 sine

235 1754 386 1849 {lllllfpmfll
398 1759 458 1824 die.
504 1758 548 1822 Et
567 1759 667 1846 Hugo
686 1759 854 1845 perquirat
867 1781 902 1824 se
917 1781 1029 1824 uersus
1043 1757 1330 1845 Archiepiscopum
1344 1759 1402 1844 qui
1416 1781 1502 1824 nunc

236 1847 381 1932 lllm'l'u'
398 1870 448 1926 est
463 1862 491 1927 ei
506 1862 654 1928 uoluerit.

277 1977 348 2045 337,
462 1964 573 2029 Assise
584 1963 677 2028 uenit
691 1963 898 2050 recognitura
911 1964 939 2028 si
951 1964 1196 2029 Bartholomeus
1207 1965 1248 2029 de
1259 1965 1373 2030 Venuz
1384 1965 1503 2030 iniuste

397 2078 457 2135 etc.
473 2069 650 2134 disseisiuit
666 2069 849 2134 Gallridum
865 2069 1051 2134 Brolrebrod
1066 2069 1106 2133 de
1122 2069 1223 2134 libero
1242 2078 1431 2135 tenemento
1446 2092 1503 2134 suo

397 2172 432 2236 in
448 2172 574 2237 nicode
589 2171 622 2236 la
637 2170 804 2258 Cherring'
818 2171 903 2236 infre
917 2194 1010 2238 eccum
1017 2171 1037 2238 ⁴.
1080 2173 1125 2236 Et
1144 2172 1392 2238 Bartholomeus
1410 2175 1504 2238 uenit

398 2283 432 2340 et
446 2275 546 2339 nichil
561 2272 641 2338 dicit
657 2296 755 2360 quare
771 2273 871 2338 assisa
884 2283 1059 2341 remaneat.

462 2379 485 2443 J
486 2387 630 2443 uratores
645 2378 759 2443 dieunt
774 2379 860 2464 quod
875 2379 1039 2464 predictus
1059 2379 1306 2445 Bartholomeus
1326 2404 1392 2445 non
1405 2381 1502 2448 disei-

396 2484 475 2549 siuit
490 2506 566 2548 eum
580 2483 701 2548 iniuste
716 2483 800 2548 sicut
812 2483 986 2549 (laufridus
1001 2484 1081 2549 dicit
1092 2484 1170 2570 quia
1183 2507 1248 2548 non
1262 2487 1372 2550 tenuit
1383 2495 1501 2552 terram

396 2587 486 2652 illam
508 2587 596 2652 unde
625 2587 715 2652 uisus
744 2589 849 2652 factus
877 2587 941 2652 fuit
969 2587 1032 2652 nisi
1061 2588 1102 2653 de
1131 2611 1216 2653 anno
1244 2591 1280 2654 in
1308 2614 1432 2656 annum
1460 2593 1503 2658 ad

397 2691 601 2756 uoluntatem
624 2690 725 2776 ipsius
747 2691 967 2756 Bartholomei
988 2700 1023 2756 et
1044 2693 1313 2778 proquibusdam
1334 2697 1504 2782 arreragiis

397 2817 426 2857 x.
442 2794 495 2858 sol.
512 2792 737 2879 reddidit'ipse
753 2793 927 2858 Gaufridus
942 2817 1048 2858 coram
1062 2794 1171 2879 probis
1189 2794 1376 2861 hominibus
1395 2797 1501 2862 eidem

397 2897 623 2962 Bartholomeo
658 2905 777 2962 terram
806 2897 897 2961 illem
926 2906 1104 2983 spontanea
1132 2899 1310 2964 uoluntate
1356 2901 1401 2965 Et
1429 2902 1502 2967 ideo

397 3001 633 3066 consideratum
648 3008 698 3064 est
713 3000 799 3085 quod
814 3001 1061 3066 Bartholomeus
1075 3001 1152 3067 inde
1167 3002 1298 3089 quietus
1312 3004 1348 3068 in
1368 3027 1448 3090 paee
1467 3015 1503 3072 ot

398 3105 573 3170 (laufridus
587 3104 623 3168 in
637 3103 860 3171 misericordia

340 3250 347 3264 .
461 3207 573 3272 Assisa
609 3206 702 3271 uenit
738 3210 943 3294 recognitum
978 3211 1006 3276 si
1042 3211 1209 3276 Johennes
1238 3211 1434 3298 Oopellanus
1461 3213 1503 3279 de

397 3311 579 3399 Wiuellega
614 3311 689 3376 Ada
721 3311 761 3376 de
790 3313 871 3377 Alte
899 3313 985 3399 Ripa
1013 3313 1134 3380 iniuste
1166 3323 1225 3381 etc.
1256 3315 1503 3382 disseisiuerunt

397 3414 590 3480 Gaufridum
613 3413 769 3478 Gibeuin'
789 3414 830 3479 de
852 3415 953 3480 libero
976 3423 1162 3482 tenemento
1183 3440 1242 3482 suo
1263 3418 1299 3482 in
1322 3419 1504 3507 Wynelego

395 3526 469 3603 post
505 3516 611 3580 ultim'
640 3523 700 3580 etc.
745 3517 789 3580 Et
823 3526 941 3582 neuter
973 3519 1124 3605 ipsorum,
1152 3543 1213 3586 nec
1241 3521 1409 3588 Johonnes
1438 3524 1503 3588 fuit

396 3619 602 3684 athaehiatus
624 3619 701 3704 quia
716 3621 920 3706 capellanus⁶
934 3631 969 3687 et
982 3624 1057 3689 Ade
1070 3626 1234 3710 profectus
1248 3627 1313 3691 fuit
1326 3626 1363 3692 in
1382 3637 1503 3694 terram

395 3731 541 3790 sanctam
556 3731 591 3787 et
605 3722 678 3788 ideo
693 3724 845 3809 procedat
860 3748 972 3791 uersus
987 3749 1041 3792 eos
1055 3751 1114 3813 per
1127 3728 1291 3795 defaltum.

460 3827 484 3891 J
485 3834 628 3890 uratores
643 3825 757 3891 dicunt
771 3827 857 3912 quod
872 3827 1029 3894 Ricardus
1044 3831 1084 3895 de
1104 3831 1295 3896 Kaumuille
1314 3841 1350 3898 et
1366 3834 1505 3922 Egelina

396 3952 476 3994 uxor
498 3929 568 3995 eius
589 3929 749 3994 dederunt
771 3931 916 4016 predicto
938 3932 1082 3998 Galhido
1108 3935 1149 3999 lx.
1172 3936 1326 4001 solidatos
1354 3938 1504 4004 redditus

395 4057 469 4098 cum
493 4041 574 4120 pert.
590 4034 624 4098 in
643 4034 782 4120 quodum
802 4035 986 4102 molendino
1006 4038 1042 4103 in
1056 4039 1239 4126 Wylielega
1260 4042 1417 4107 tenendas
1437 4044 1504 4110 sibi

396 4159 453 4222 pro
476 4159 540 4202 uno
562 4137 692 4203 denario
720 4160 779 4223 per
806 4160 937 4206 annum
983 4142 1026 4205 Et
1054 4142 1219 4228 predictus
1248 4145 1415 4211 Johannes
1444 4149 1503 4234 qui

427 4275 438 4307 ²
454 4275 470 4324 6
482 4274 549 4337 tuly,
565 4275 636 4325 1228.
972 4277 1078 4341 Trinity
1088 4279 1119 4328 A.
1131 4281 1162 4331 R.
1177 4282 1217 4339 12,
1229 4281 1372 4333 Middlesex
1384 4283 1447 4334 lter.

428 4339 439 4370 ⁹
456 4339 528 4388 Corr.
540 4341 660 4389 clamant.
1005 4344 1017 4374 ⁴
1033 4343 1103 4394 Corr.
1116 4347 1187 4409 infra
1199 4349 1338 4396 lominum.

427 4403 438 4435 ²
454 4404 576 4462 Breeton‚
588 4405 606 4452 f.
619 4405 675 4462 226,
687 4404 752 4454 cites
763 4405 816 4455 this
826 4421 886 4456 case
895 4411 922 4457 to
1004 4408 1017 4440 ³
1032 4409 1055 4457 A
1066 4409 1134 4459 clerlr
1145 4425 1194 4461 ean
1205 4415 1253 4462 not
1268 4411 1300 4462 he
1315 4412 1444 4474 attached,
1457 4414 1503 4466 ur.

395 4483 472 4530 prove
480 4467 533 4518 this
541 4468 711 4532 proposition.
734 4471 922 4522 Heoitesfrom
973 4473 992 4522 f.
1004 4473 1089 4524 4421).
