3342 5217
518 421 656 483 mmm,
678 419 742 468 no.
767 406 861 480 1222,
883 365 947 470 in.
971 407 999 470 6.
1245 411 1308 471 143

205 613 281 654 nam
304 597 338 654 et
360 587 433 652 ideo
455 588 548 674 ponit
570 610 603 651 se
624 587 659 652 in
679 585 929 651 misericordiam
944 595 979 650 et
994 587 1071 672 quia
1084 588 1137 674 xij.
1154 589 1309 655 iuratores

203 693 363 758 dederunt
378 693 409 758 ei
424 693 574 758 seisinem
590 692 630 756 de
646 691 747 755 libero
762 699 950 755 tenemento
965 699 999 755 et
1014 692 1113 756 nichil
1134 694 1253 760 clamet
1268 695 1309 760 de

202 797 304 862 libero
327 804 523 872 tenemento,
539 796 787 862 Considerntum
806 795 956 880 estquod
972 797 1026 882 xij.
1043 797 1078 860 in
1092 797 1310 864 misericordia

202 901 289 965 sicut
305 900 452 964 conuicti

202 1115 374 1171 contentus
398 1105 482 1170 infra
504 1104 665 1190 predictas
687 1112 790 1168 metae
812 1126 878 1167 non
900 1111 950 1166 est
965 1103 1005 1168 de
1022 1105 1165 1169 manerio
1180 1106 1221 1172 de
1241 1108 1309 1172 Bil-

203 1210 364 1296 lingeheie
380 1209 458 1294 quie
472 1210 611 1295 quedem
626 1229 700 1293 pars
715 1206 802 1270 illius
822 1205 950 1269 marisci
972 1214 1022 1270 est
1042 1207 1083 1271 de
1097 1208 1308 1276 Northkime.

204 1313 328 1378 Dicunt
344 1313 447 1378 eciam
467 1311 554 1398 quod
575 1311 610 1376 in
632 1311 775 1374 manerio
797 1311 838 1375 de
861 1309 1076 1396 Billingeheie
1098 1311 1183 1376 sicut
1203 1312 1309 1399 inqui-

204 1439 274 1482 rere
290 1425 433 1504 possunt,
449 1425 526 1482 sunt
541 1415 595 1500 xij.
612 1423 759 1480 curucate
775 1422 860 1478 terre
876 1422 942 1478 tam
959 1415 993 1478 in
1008 1424 1097 1479 certo
1111 1425 1198 1480 terra
1212 1439 1310 1502 quam

205 1521 240 1584 in
255 1521 389 1586 marisco
404 1521 557 1607 predicto,
572 1519 694 1584 scilicet
709 1542 764 1584 sex
780 1527 929 1584 comente
945 1519 985 1583 de
1001 1529 1089 1585 certe
1104 1528 1190 1585 terre
1204 1529 1239 1585 et
1253 1545 1310 1586 sex

205 1632 352 1688 carucnte
367 1624 402 1687 in
417 1622 551 1688 marisco
566 1630 600 1686 et
615 1621 649 1686 in
665 1622 696 1686 N
700 1621 862 1686 orthkime
882 1631 960 1687 sunt
980 1645 1036 1687 sex
1057 1630 1205 1687 earucete
1225 1632 1311 1688 terre

205 1735 239 1791 et
255 1737 395 1814 quatuor
408 1728 527 1792 bonate
543 1735 611 1790 tum
632 1726 666 1789 in
686 1734 775 1790 certa
794 1734 881 1789 terra
903 1747 1000 1810 quem
1024 1725 1059 1789 in
1082 1727 1216 1791 marisco
1238 1749 1311 1813 pre·

205 1830 301 1906 dict0,
327 1839 378 1894 set
405 1829 553 1893 nesciunt
577 1829 719 1914 aliquam
748 1827 989 1892 distinctionem
1020 1837 1180 1912 quantum
1206 1829 1249 1894 sit
1275 1831 1310 1894 in

204 1943 293 1999 certa
318 1943 405 2000 terra
434 1943 468 1999 et
498 1943 658 2021 quantum
688 1934 722 1997 in
752 1933 886 1997 marisco
912 1955 971 1997 neo
997 1933 1120 2020 aliquid
1148 1935 1310 2019 inquirere

205 2045 384 2123 potuerunt
406 2039 447 2103 de
469 2039 566 2102 metis
588 2037 672 2102 infra
691 2037 841 2100 mariscos
855 2036 927 2099 illos
942 2044 976 2100 et
991 2037 1138 2102 homines
1153 2037 1193 2102 de
1210 2038 1310 2104 Kima

124 2137 130 2147 '
204 2143 443 2206 communicant
465 2165 539 2205 cnm
560 2141 623 2206 illis
642 2141 682 2205 de
698 2140 913 2226 Billingeheie
928 2139 963 2203 in
974 2148 1066 2226 porte
1081 2148 1188 2204 suaet
1203 2141 1252 2205 illi
1268 2141 1308 2206 de

205 2245 419 2332 Billingeheie
442 2267 516 2309 cum
538 2244 603 2308 illis
625 2244 665 2308 de
686 2243 785 2308 Kirna
799 2244 834 2307 in
854 2250 947 2328 porte
965 2242 1078 2307 suade
1093 2243 1308 2309 moriscosno.

205 2350 249 2413 Et
264 2349 336 2414 ideo
352 2349 600 2415 consideratum
616 2356 665 2412 est
680 2348 766 2434 quod
781 2347 834 2433 xij.
851 2348 1008 2412 iuratores
1022 2347 1164 2411 conuicti
1178 2355 1255 2411 sunt
1270 2369 1308 2411 eo

205 2453 291 2538 qnod
318 2453 469 2517 dixerunt
492 2452 578 2538 quod
600 2460 689 2516 totus
714 2452 869 2515 mariscus
894 2451 978 2514 infra
1002 2450 1162 2536 predictas
1188 2450 1308 2515 diuisus

204 2557 268 2622 fuit
282 2557 323 2622 dc
339 2557 554 2644 Billingeheie
575 2565 609 2622 et
631 2556 717 2643 quod
740 2556 911 2646 Philippus
931 2556 1136 2642 recuperauit
1157 2557 1308 2621 seisinam

203 2683 296 2724 snam
318 2659 359 2725 de
381 2684 552 2726 commune
572 2671 704 2748 pastnre
721 2661 806 2726 sicut
821 2660 911 2746 prius
925 2659 1040 2724 habuit
1054 2659 1089 2724 in
1104 2660 1237 2726 morisco
1253 2661 1308 2725 illo

203 2763 252 2827 ita
266 2765 353 2850 quod
368 2765 514 2830 homines
529 2764 569 2830 de
588 2765 621 2828 N
623 2765 785 2829 orthkime
806 2772 840 2828 et
862 2764 1008 2828 homines
1030 2763 1071 2828 de
1093 2764 1307 2850 Billingeheie

203 2867 346 2934 habeant
369 2892 573 2934 communem
595 2869 629 2933 in
652 2869 785 2934 marisco
798 2869 843 2962 ple
859 2868 1056 2932 Northkime
1071 2880 1106 2932 et
1121 2868 1206 2954 quod
1222 2869 1307 2933 uice-

202 2995 309 3038 eomes
323 2975 431 3060 capiat
446 2997 556 3040 omnes
571 2975 766 3060 subscriptos
780 2973 938 3038 iuratores
952 2973 1032 3037 etin
1043 2972 1171 3058 prisona
1185 2973 1308 3037 domini

202 3075 304 3163 Regis
324 3077 415 3142 saluo
429 3077 591 3142 custodiat
606 3100 771 3163 quousque
786 3076 877 3140 alind
892 3085 1081 3162 preceptum
1096 3083 1155 3140 etc.
1172 3084 1206 3140 et
1221 3075 1308 3160 quod

203 3179 295 3244 Prior
309 3189 344 3245 et
360 3180 534 3246 (laufridus
548 3181 614 3246 sint
634 3181 669 3244 in
689 3180 907 3246 misericordia
927 3201 984 3265 pro
1006 3179 1085 3243 falso
1106 3179 1243 3244 clamore
1265 3179 1307 3244 de

202 3285 318 3371 primis
332 3285 448 3351 assisis.
467 3285 472 3371 Ι

126 3402 151 3464 ·,
267 3389 451 3455 Willehnus
477 3390 517 3456 de
543 3391 719 3456 Bunlelcis'
745 3390 831 3478 petit
853 3413 966 3455 uersus
987 3390 1150 3476 Rogemm
1173 3390 1305 3456 Giffard’

203 3515 303 3557 unam
326 3502 508 3560 carucatam
525 3503 609 3561 terre
624 3519 699 3561 cum
715 3494 924 3582 pertinenciis
938 3494 972 3558 in
987 3493 1187 3580 Hokyntona
1200 3503 1239 3560 ut
1253 3495 1306 3560 ius

202 3619 299 3661 suum
320 3597 368 3662 itu
387 3599 473 3684 qnod
495 3599 641 3685 Rogems
663 3621 697 3662 se
719 3597 894 3682 essoninuit
917 3597 956 3662 de
979 3597 1065 3661 malo
1091 3598 1168 3662 lecti
1193 3620 1305 3664 uersus

104 3713 118 3730 ·
202 3721 278 3764 eum
301 3709 336 3764 et
360 3710 499 3788 quatuor
525 3701 646 3766 milites
670 3699 854 3766 debuerunt
878 3700 921 3765 ad
946 3724 1022 3765 eum
1047 3702 1137 3766 mitti
1162 3702 1204 3766 ed
1229 3725 1305 3766 eum
1347 3777 1352 3783 ‚

201 3803 381 3868 uidendum
404 3803 490 3870 unde
506 3805 688 3869 Willelmus
710 3803 891 3890 dicitquod
905 3827 970 3868 non
987 3804 1050 3869 fuit
1065 3805 1155 3870 uisus
1169 3813 1203 3870 et
1219 3805 1305 3891 quod

201 3906 340 3972 surrexit
360 3907 430 3971 sine
450 3915 591 3972 wnrnnto
613 3916 648 3972 et
670 3907 757 3993 cepit
779 3929 813 3972 se
834 3907 877 3972 nd
898 3907 1062 3984 defaltum,
1077 3908 1153 3995 quia
1175 3916 1305 3974 tantum
1317 3931 1447 4017 ”millu

202 4009 266 4074 duo
282 4010 429 4075 homines
444 4020 605 4076 uenerunt
621 4011 663 4075 ad
683 4034 758 4076 eum
780 4004 821 4076 et¹
838 4012 984 4098 Rogems
1006 4011 1086 4076 dicit
1107 4011 1194 4098 quod
1215 4013 1305 4078 uisus
1317 3989 1461 4111 ffiqff

202 4113 265 4178 fuit
286 4136 346 4200 per
367 4123 506 4201 quatuor
527 4115 648 4180 milites
662 4125 721 4179 etc
768 4115 811 4178 Et
825 4115 898 4180 ideo
912 4125 1102 4202 preceptum
1117 4124 1167 4180 est
1182 4116 1304 4182 uiceco
1317 4117 1449 4205 mm,

202 4217 276 4281 miti
299 4217 386 4303 qnod
410 4217 521 4282 uenire
546 4218 643 4283 faciat
666 4218 738 4283 illos
760 4228 900 4304 quatuor
920 4221 1042 4286 milites
1063 4244 1083 4287 a
1104 4221 1158 4286 die
1180 4229 1240 4287 etc
1263 4221 1305 4286 ed

203 4319 444 4384 testificandum
460 4321 487 4386 si
502 4321 609 4387 uisum
625 4322 771 4387 fecerunt
786 4331 820 4387 et
835 4323 864 4387 si
879 4322 1039 4389 dederunt
1054 4333 1113 4390 etc

640 4443 650 4476 ²
669 4443 714 4493 See
724 4444 768 4492 Br.
780 4443 797 4494 f.
812 4446 869 4494 355.
