3342 5217
382 423 445 483 118
692 435 834 495 musar,
857 433 922 483 au.
944 421 1039 495 1222,
1059 436 1122 483 ns.
1146 423 1175 485 6.

382 613 477 670 uacat
492 615 526 670 ct
545 613 701 670 testatum
724 615 774 670 cst
795 629 855 692 per
874 606 1045 671 officialem
1066 605 1207 693 episcopi
1221 605 1308 692 quod
1329 613 1432 681 uacat,
1445 613 1482 668 ct

382 710 455 776 ideo
476 710 713 776 consideratum
737 719 787 776 est
812 711 899 797 quod
924 711 1084 777 Rioerdus
1105 710 1310 796 recuperauit
1331 708 1481 773 saisinam

383 837 474 880 suam
489 825 524 879 et
540 816 651 880 Simon
667 815 702 881 in
716 816 940 882 misericordia

448 919 605 983 Ricardus
626 919 738 984 Cotele
758 920 880 1005 optulit
903 943 938 984 se
957 928 1074 1005 quarto
1091 919 1145 984 die
1168 942 1282 984 uersus
1303 918 1482 982 Robertum

383 1021 496 1087 Cotele
507 1022 548 1087 de
563 1024 682 1110 placito
696 1024 835 1088 duarum
850 1024 996 1110 parcium
1011 1024 1149 1088 duarum
1163 1033 1384 1088 carucatarum
1399 1029 1483 1084 terre

382 1148 457 1190 cum
485 1128 692 1212 pertinenciis
717 1128 752 1193 in
779 1128 906 1194 Oumbe
931 1151 1012 1214 quas
1040 1127 1160 1192 clamat
1185 1136 1224 1190 ut
1246 1127 1298 1190 ius
1325 1146 1420 1188 suum
1448 1131 1485 1186 et

381 1228 417 1291 iu
432 1251 511 1314 quas
526 1229 611 1293 idem
631 1231 792 1294 Robertus
813 1231 950 1295 intrusit
972 1253 1007 1294 se
1030 1238 1103 1316 post
1125 1239 1263 1294 mortem
1284 1227 1406 1292 Leticie
1420 1248 1485 1312 que

383 1329 446 1394 fuit
461 1354 542 1394 uxor
555 1332 684 1396 Ricardi
699 1333 737 1398 dc
752 1333 865 1398 Cotele
880 1356 944 1418 que
959 1333 1068 1397 tenuit
1083 1341 1202 1396 terram
1216 1331 1306 1394 illam
1319 1329 1356 1392 in
1374 1329 1484 1392 dotem

383 1456 422 1496 ex
438 1434 521 1498 dono
536 1435 671 1520 predicti
693 1435 823 1501 Ricardi
839 1437 1002 1522 quondam
1021 1436 1086 1500 uiri
1103 1436 1164 1513 sui,
1177 1435 1270 1500 cuius
1289 1435 1382 1498 heres
1397 1432 1484 1497 idem

383 1540 540 1606 Ricardus
560 1551 619 1620 cst,
641 1553 680 1606 ut
702 1543 789 1608 dicit.
836 1545 881 1607 Et
906 1543 1069 1608 Rohertus
1095 1566 1160 1607 non
1185 1542 1278 1606 uenit
1301 1549 1336 1605 et
1359 1539 1487 1625 loquela

220 1647 365 1733 fflgffid‘
384 1643 525 1710 deducta
545 1655 596 1710 est
617 1669 723 1710 coram
749 1646 936 1711 iusticiariis
960 1647 1192 1712 itinerantibus
1214 1646 1264 1709 ita
1288 1643 1374 1731 quod
1398 1643 1485 1707 idem

221 1742 371 1780 nouatlocatur

221 1788 342 1836 ψῃ,
384 1746 544 1812 Robertus
572 1749 672 1834 peciit
701 1750 818 1827 uisum,
841 1759 876 1814 et
905 1750 1004 1814 datus
1029 1751 1093 1815 fuit
1118 1751 1150 1814 ei
1172 1750 1242 1814 dics
1265 1759 1324 1813 etc
1349 1757 1383 1812 et
1407 1756 1485 1812 tuuc

221 1834 348 1966 ΜΞ
385 1869 420 1910 sc
441 1848 617 1914 essoniauit
638 1849 679 1914 de
702 1850 788 1914 malo
814 1851 976 1928 uerrieudi,
1000 1860 1035 1914 et
1057 1851 1155 1914 datus
1180 1850 1244 1913 fuit
1273 1849 1304 1913 ei
1332 1848 1401 1912 dies
1429 1869 1487 1933 per

220 1937 347 2013 {iiiiii-⁰
383 1951 610 2016 essoniatorem
635 1976 731 2018 suum
754 1963 789 2018 ct
811 1967 891 2019 tunc
912 1977 947 2018 se
968 1955 1145 2020 essoniauit
1169 1955 1210 2018 de
1234 1953 1320 2017 malo
1341 1950 1426 2026 lecti,
1451 1960 1486 2013 et

291 2031 305 2059 ῃ
384 2054 544 2120 essonium
559 2079 624 2120 non
645 2057 756 2134 iacuit,
770 2059 849 2144 quia
867 2059 966 2124 breue
989 2059 1134 2146 loquitur
1149 2059 1190 2124 de
1212 2058 1398 2122 intrusione.
1440 2055 1486 2118 Et

383 2168 531 2244 preterea
545 2161 754 2226 associatores
776 2186 841 2226 non
862 2172 1135 2249 exspectauerunt
1156 2162 1313 2228 iudicium
1334 2181 1430 2225 suum
1450 2166 1487 2221 et

384 2261 457 2327 ideo
471 2265 707 2330 consideratum
728 2267 880 2353 estquod
901 2276 989 2332 terra
1009 2269 1157 2354 capiatur
1177 2277 1239 2332 etc.
1253 2274 1287 2331 ct
1308 2266 1377 2352 ipse
1398 2285 1486 2328 sum·

385 2377 556 2431 moneatur
568 2368 655 2454 quod
669 2370 713 2433 sit
727 2393 748 2435 a
761 2369 814 2434 die
830 2379 889 2435 ctu
906 2370 1078 2436 auditurus
1093 2381 1155 2436 etc
1517 2369 1522 2376 ’

328 2528 335 2544 ,
448 2470 579 2536 ²Abbas
607 2472 647 2537 de
678 2474 912 2539 Maumesbiria
939 2498 999 2560 per
1029 2483 1233 2538 attornatum
1268 2496 1364 2538 suum
1400 2470 1486 2558 petit

320 2590 340 2620 ¹2
385 2597 497 2640 uersus
524 2576 687 2641 Abbatem
723 2577 764 2642 de
802 2578 971 2644 Glastonia
999 2578 1086 2664 quod
1114 2578 1213 2643 faciat
1249 2577 1280 2643 ci
1309 2587 1413 2642 sectas
1440 2575 1482 2639 ad

386 2677 590 2743 hundredum
611 2701 706 2744 suum
728 2679 769 2744 de
792 2681 1022 2760 Malmcsbiria,
1043 2705 1124 2767 quas
1148 2681 1179 2746 ei
1203 2683 1306 2746 facere
1331 2681 1429 2745 debet
1452 2687 1487 2743 et

385 2780 467 2844 solet
482 2789 520 2845 ut
540 2781 628 2858 dicit,
643 2783 728 2847 uude
747 2783 835 2847 idom
856 2784 969 2848 Abbas
986 2784 1027 2848 de
1052 2785 1283 2848 Maumesbiria
1300 2784 1381 2848 dicit
1402 2781 1487 2868 quod

385 2881 426 2946 dc
447 2884 543 2947 sectis
563 2884 629 2948 illis
651 2885 714 2948 fuit
739 2885 808 2972 ipse
833 2886 963 2950 seisitus
986 2896 1131 2972 tempore
1160 2887 1191 2952 J.
1221 2886 1321 2972 Regis
1346 2895 1406 2950 etc
1436 2885 1484 2948 ita

223 3009 347 3050 masaa
409 2987 471 3050 uod
493 2985 533 3051 de
556 2987 703 3052 hundred
766 2989 801 3052 ni
845 2988 910 3053 uod
977 2989 1079 3053 rtinet
1104 2989 1147 3053 ad
1171 2989 1244 3054 illas
1267 2998 1378 3064 sectas,
1401 3011 1436 3052 ce
1458 2988 1488 3051 it

223 3057 364 3190 &H
384 3008 453 3173 ipse
468 3097 539 3152 octo
554 3089 608 3153 sol.
619 3113 677 3175 per
690 3011 865 3169 anheum‚‹it
881 3013 1030 3176 prehirea
1042 3092 1083 3156 de
1100 3093 1239 3177 quadam
1253 3011 1486 3156 consuetudiire

222 3161 358 3282 {fflgffl
383 3213 447 3275 quc
461 3199 597 3255 uocatur
611 3193 788 3269 wardstan’‚
806 3201 841 3257 et
856 3216 920 3279 que
935 3195 1078 3281 pertinet
1093 3195 1135 3259 ad
1149 3203 1271 3259 sectam
1291 3195 1381 3258 illam
1400 3193 1486 3278 cepit

221 3289 357 3376 ssfflfflffi,
383 3295 451 3380 ipse
473 3297 604 3382 expleta
624 3305 683 3361 etc
702 3307 736 3361 et
758 3298 845 3383 quod
865 3298 915 3361 ita
936 3299 999 3362 fuit
1020 3299 1151 3364 saisitus
1170 3300 1265 3364 offert
1286 3299 1482 3363 diraeionare

223 3385 362 3477 222¹?AE
383 3397 468 3461 sicut
481 3398 570 3462 curia
583 3398 841 3476 cousiderauerit‚
857 3400 943 3465 unde
958 3400 1038 3465 dicit
1052 3402 1139 3487 quod
1157 3425 1215 3487 per
1238 3402 1298 3465 hoc
1312 3401 1399 3487 quod
1419 3422 1484 3464 non

223 3480 371 3608 ᾖξαν»
383 3500 461 3562 fecit
482 3501 513 3564 ei
534 3511 638 3566 sectas
659 3503 731 3566 illas
752 3505 967 3569 deterioratus
988 3515 1039 3570 cst
1063 3516 1098 3570 et
1120 3506 1297 3593 dampnum
1322 3505 1422 3570 habet
1443 3504 1485 3568 ad

384 3603 562 3668 ualeneiam
579 3605 619 3669 lx.
636 3629 824 3672 marcarum.

450 3704 493 3768 Et
522 3706 633 3771 Abbas
662 3729 720 3792 per
748 3716 950 3775 attornatum
979 3734 1075 3776 suum
1106 3713 1199 3777 uenit
1228 3721 1262 3776 et
1291 3711 1372 3776 dicit
1399 3709 1486 3796 quod

384 3809 564 3874 manerium
578 3812 618 3875 de
634 3812 945 3878 Cristemelefordia⁸
959 3815 1046 3880 unde
1063 3817 1133 3902 ipse
1148 3816 1234 3902 petit
1248 3824 1378 3890 sectam,
1394 3823 1485 3878 tenet

384 3910 452 3997 ipse
468 3914 508 3978 de
524 3915 681 4001 Episcopo
693 3917 904 3983 Bathoniensi
919 3920 988 3984 sine
1004 3944 1068 4006 quo
1083 3944 1147 3986 non
1162 3928 1270 4007 potest
1285 3918 1485 4006 respondere,

385 4027 418 4080 et
434 4027 580 4102 preterca
597 4021 666 4106 ipse
686 4023 786 4086 habet
807 4023 992 4089 libertatem
1014 4049 1105 4090 suam
1122 4026 1163 4092 de
1185 4027 1255 4112 ipso
1271 4026 1428 4113 Episcopo
1450 4033 1486 4088 et

416 4235 578 4286 ¹h'ocssoin
589 4237 621 4288 de
635 4239 704 4288 malo
720 4241 841 4298 lectiior
856 4242 910 4292 this
962 4244 1045 4307 (Rolls
1061 4244 1163 4308 Ques),
1180 4245 1231 4294 vol.
1248 4247 1273 4302 2,
1290 4259 1316 4307 p.
1329 4246 1374 4302 533
1392 4257 1486 4295 acom-

384 4299 407 4350 is
424 4306 470 4350 not
486 4317 502 4350 a
518 4301 575 4350 writ
592 4305 621 4351 ot
634 4304 704 4367 right
721 4305 767 4355 but
783 4322 800 4355 a
813 4308 911 4358 writes
958 4310 1072 4372 promise
1082 4311 1111 4359 ot
1119 4311 1174 4359 this
1185 4312 1247 4358 suit.

383 4373 458 4426 cntry
468 4366 503 4428 by
513 4366 650 4416 intrusiou.
684 4370 726 4419 Br.
739 4370 757 4418 t.
770 4374 816 4420 344
826 4372 851 4420 b.
991 4375 1002 4408 ³
1018 4375 1150 4425 Christian
1163 4375 1282 4426 Matsord

415 4431 489 4480 'See
512 4431 658 4493 ltegistrum
678 4435 908 4487 Malmcsburicusc
