3342 5217
497 447 636 506 1111161,
661 445 725 495 An.
751 432 843 506 1222,
866 445 928 495 sn.
952 434 979 496 6.
1197 433 1283 525 10131

182 617 392 705 pertinenciis
415 615 449 680 in
474 615 571 679 Theit
601 623 639 678 ut
668 614 778 680 dotem
808 636 901 678 suam
930 623 990 680 626
1021 621 1055 678 62
1084 615 1191 680 Alicia
1218 615 1286 679 filia

183 722 306 786 Thome
334 720 428 785 uenit
452 728 487 784 62
516 728 565 783 662
595 719 679 784 111116
702 727 824 784 etatem
851 727 886 782 et
908 718 988 783 dicit
1012 719 1097 804 quod
1122 719 1287 805 predictus

183 827 343 891 Badulfus
368 825 460 890 dedit
484 823 606 888 Thome
630 823 716 908 patri
741 846 798 888 666
824 823 1058 888 terramillam
1083 847 1141 910 per
1163 833 1286 889 cartam

183 953 276 994 suam
300 953 397 1015 666111
422 929 543 1014 profert
567 937 600 992 62
627 950 689 1013 666
715 927 774 992 hoc
798 935 940 991 testatur
965 935 999 991 et
1024 926 1100 992 inde
1125 937 1221 993 uorat
1244 928 1287 994 ad

183 1041 364 1096 warantum
394 1031 573 1096 Robertum
603 1030 707 1094 filium
738 1037 772 1094 et
807 1029 960 1095 heredem
988 1030 1126 1115 predicti
1155 1031 1334 1118 1161612100
1299 1033 1320 1072 N
1314 1031 1446 1120 02200200

183 1135 241 1220 661
263 1135 419 1199 estinfra
441 1141 564 1198 etatem
589 1133 701 1198 eodem
728 1133 822 1197 modo
849 1142 883 1197 et
906 1133 1013 1196 ideo'
1003 1155 1074 1218 ipsa
1097 1133 1216 1198 habeat
1245 1134 1286 1199 de
1299 1090 1337 1221 ἓξ,
1327 1127 1441 1221 “mm

184 1247 271 1302 terra
285 1237 430 1302 eiusdem
445 1236 603 1301 Roberti
595 1258 629 1300 m
642 1235 820 1300 Karletona
835 1234 1033 1300 escambium
1047 1236 1088 1299 ad
1104 1231 1373 1300 uslenciam¹¹⁰1
1298 1265 1361 1306 amr.
1328 1224 1423 1260 ”m

183 1341 328 1427 predicte
343 1349 428 1404 terre
444 1363 545 1426 usque
561 1340 602 1404 61
617 1348 739 1404 etatem
755 1340 859 1405 Alicie
875 1347 935 1404 etc

124 1505 131 1518 ,
249 1444 412 1509 Helewisa
436 1466 500 1529 que
524 1443 588 1508 fuit
616 1466 698 1508 uxor
725 1443 903 1508 Alexandri
933 1442 1031 1507 Gaael
1061 1443 1146 1528 petit
1175 1465 1288 1507 uersus
1336 1462 1418 1501 6666.
1443 1495 1447 1502 .

183 1546 384 1612 Hereuicum
408 1546 506 1612 Gazel
526 1545 658 1610 terciam
676 1554 802 1631 partem
825 1545 911 1630 xviij.
936 1568 1081 1610 acrarum
1106 1554 1190 1609 terre
1212 1569 1288 1610 cum

183 1649 392 1735 pertinenciis
412 1648 447 1713 in
465 1647 610 1725 Horsie',
633 1647 779 1712 redditus
801 1647 899 1733 xxxij.
922 1648 994 1712 den
1014 1648 1050 1712 in
1069 1648 1238 1712 Westham
1254 1656 1289 1712 62

182 1758 318 1822 terciam
340 1765 466 1842 partem
483 1756 507 1842 j
533 1757 632 1821 crofte
655 1778 729 1820 cum
755 1755 963 1841 pertinenciis
985 1755 1020 1819 in
1044 1756 1223 1821 Peuenesse
1250 1766 1290 1820 ut

182 1862 294 1926 dotem
309 1883 400 1926 suem
416 1869 475 1926 etc.
493 1859 578 1925 unde
593 1859 758 1945 predictus
772 1859 958 1924 Alexander
972 1868 1031 1925 etc.

249 1963 294 2028 Et
317 1963 497 2028 Hereuicus
519 1962 612 2026 uenit
633 1971 667 2026 et
685 1962 764 2026 dicit
785 1962 871 2048 quod
893 1985 958 2026 non
978 1963 1077 2027 debet
1096 1963 1127 2027 ei
1149 1964 1190 2028 de
1213 1963 1289 2028 dote

182 2066 376 2153 respondere
406 2066 484 2151 quia
512 2065 674 2130 Robertus
710 2064 797 2130 filius
833 2066 978 2130 eiusdem
1016 2067 1177 2132 Helewise
1214 2089 1288 2131 cum

184 2171 324 2238 0626126
348 2177 467 2256 nepote
489 2169 628 2255 predicti
653 2169 830 2234 Alexandri
853 2169 1039 2236 occiderunt
1060 2170 1167 2256 ipsum
1189 2171 1287 2235 Alex·

183 2273 323 2338 andrum
361 2273 492 2336 fratrem
530 2294 626 2336 suum
662 2272 710 2336 ita
747 2272 833 2357 quod
870 2295 928 2358 per
963 2273 1106 2356 apellum
1143 2273 1288 2338 eiusdem

184 2376 348 2442 Herewici
376 2374 555 2440 athachiati
584 2382 661 2440 sunt
691 2383 726 2439 62
755 2375 825 2462 ipsa
848 2375 912 2440 fuit
937 2375 1142 2440 consenciens
1168 2384 1202 2439 62
1228 2375 1289 2440 hoc

183 2479 268 2544 bene
289 2489 381 2566 patet
403 2481 480 2566 6616
502 2479 572 2566 ipsa
594 2502 760 2566 nunquam
785 2489 897 2544 666626
918 2479 981 2544 fuit
967 2487 1141 2544 mtortem
1163 2479 1232 2544 eius
1255 2488 1290 2544 et

183 2593 333 2704 preterea
354 2597 526 2672 postquam
548 2586 601 2650 uir
621 2608 700 2650 suus
720 2586 894 2650 wlneratus
908 2585 973 2650 fuit
994 2609 1161 2679 nunquam
1183 2587 1289 2651 uoluit
1303 2613 1336 2652 uo
1336 2614 1392 2652 66
1367 2623 1439 2698 excep

183 2691 257 2776 ipsa
282 2690 433 2754 accedere
457 2689 534 2753 ad
525 2712 639 2775 1psum.
686 2689 764 2754 Ε2
715 2697 825 2775 trpsa
848 2689 1001 2776 cognouit
1026 2688 1113 2808 quod
1135 2689 1188 2754 uir
1212 2661 1335 2754 suusii·
1311 2670 1426 2746 rioci?

184 2795 249 2860 fuit
264 2795 454 2858 uulneratus
470 2801 503 2858 62
520 2793 606 2878 6661
626 2815 691 2858 non
711 2801 823 2858 666626
842 2802 893 2858 est
914 2801 1054 2858 mortem
1073 2793 1144 2858 6166
1161 2803 1195 2858 62
1217 2793 1352 2858 11660
1301 2758 1440 2902 ἓο22020οξ<1ωο00οω
1422 2845 1449 2885 00

183 2898 281 2964 datus
304 2897 424 2962 662616
453 2897 521 2961 (1166
547 2905 606 2962 626
630 2897 671 2961 61
700 2897 899 2962 audiendum
928 2897 1085 2962 iudicium
1114 2897 1143 2962 si
1171 2897 1290 2961 debeat
1302 2892 1442 2979 ἓξὲξ,

185 3000 373 3086 responderi
410 3023 469 3064 nec
506 3022 554 3065 ne.
601 2999 654 3064 Ad
683 2999 771 3064 diem
800 2999 895 3064 illum
923 3000 1016 3065 uenit
1046 3000 1227 3065 Hereuicus
1256 2987 1453 3129 et⁶¹¹¹'‘“‘31‚.2„,a⁸¹²⁰¹¹

184 3104 292 3168 noluit
315 3103 426 3169 eliud*
446 3104 510 3168 nisi
531 3104 631 3190 peciit
652 3104 729 3168 inde
751 3103 908 3169 iudicium
931 3114 965 3169 et
986 3105 1058 3191 ipsa
1082 3105 1232 3170 similiter
1257 3091 1360 3169 62’“’ΡΙ

185 3206 265 3292 6616
285 3207 355 3292 ipse
377 3207 540 3292 cognoscit
554 3206 671 3291 quod
663 3229 734 3292 1psa
753 3229 819 3270 non
842 3215 892 3272 662
913 3209 1055 3293 apellata
1075 3216 1109 3271 et
1131 3230 1195 3271 non
1218 3207 1292 3271 uult

183 3308 276 3374 aliud
299 3308 416 3384 dicere,
440 3308 688 3374 Consideratum
714 3317 764 3374 est
790 3309 909 3394 6661
900 3332 971 3395 ipsa
996 3309 1115 3374 habeat
1140 3309 1292 3374 6616111616

184 3433 279 3477 suam
294 3423 329 3476 et
345 3411 507 3476 Heruicus
521 3411 556 3476 in
571 3411 794 3477 misericordia

120 3563 130 3578 .
251 3515 384 3579 Hamon
413 3514 500 3578 filius
537 3515 672 3580 Henrici
708 3516 793 3600 petit
830 3538 945 3580 uersus
981 3515 1157 3603 Hugonem
1186 3517 1291 3581 filium
1355 3527 1409 3569 But

186 3616 331 3682 Simonis
360 3617 446 3701 quod
468 3616 565 3702 faciat
594 3617 625 3681 61
654 3626 776 3682 sectam
805 3617 847 3683 ad
868 3619 1098 3697 molendinum
1126 3641 1222 3684 suum
1251 3619 1293 3684 de

185 3722 345 3797 Hortona,
371 3721 457 3786 unde
487 3720 573 3786 idem
603 3721 735 3786 Hamon
763 3723 885 3808 profert
913 3732 1035 3787 cartam
1064 3723 1223 3788 Willelmi
1251 3722 1293 3788 de

185 3824 376 3890 Windesore
405 3845 469 3908 que
499 3831 639 3888 testetur
667 3823 754 3909 quod
791 3824 880 3888 idem
910 3824 1095 3890 Willelmus
1131 3825 1224 3890 dedit
1260 3825 1292 3890 ei

187 3928 411 3994 molendinum
440 3949 535 3992 suum
564 3927 605 3992 de
634 3927 783 3993 Hortona
805 3952 879 3994 cum
909 3931 1059 3995 omnibus
1086 3928 1295 4015 pertinenciis

187 4035 255 4100 suis
281 4040 443 4099 ettotam
469 4032 643 4096 molturam
672 4031 805 4118 hospitii
828 4033 881 4097 sui
909 4041 944 4098 et
973 4033 1117 4098 eiusdem
1147 4033 1225 4098 uille
1253 4034 1296 4098 de

189 4139 340 4204 Hortona
361 4146 395 4202 62
418 4135 477 4200 han
503 4135 629 4200 racione
651 4135 737 4221 petit
759 4137 933 4202 molturam
958 4137 998 4201 de
1027 4137 1170 4224 hospicio
1194 4137 1296 4223 ipsius

190 4242 350 4330 Hugonis

222 4390 232 4422 ¹
248 4391 294 4440 Br.
305 4391 325 4439 l.
337 4389 395 4439 422.
769 4390 780 4422 ³
795 4389 853 4448 (ιε’,
863 4389 975 4454 perhaps
983 4391 1151 4454 recuperauit.
1160 4389 1202 4441 Br.
1215 4389 1296 4439 3082.

223 4457 234 4488 ¹
251 4455 350 4520 supply
362 4463 387 4504 et
398 4456 501 4504 terciam
509 4459 622 4516 partera!
769 4457 780 4487 2
797 4455 896 4518 Supply
907 4458 1005 4505 dicere!

1126 4521 1210 4620 o-je
