3342 5217
345 416 410 479 oso
554 415 790 488 nmmum,
812 380 996 487 sulam,
1020 425 1083 474 sn
1108 410 1243 477 ιιι-17.

341 600 421 665 dum
436 599 545 665 tenuit
558 598 691 686 quidam
706 598 820 665 Simon
835 597 923 663 filius
932 597 1090 663 Willelmi
1100 598 1161 664 filii
1176 598 1315 664 Othonis
1329 606 1451 663 tenum

341 702 431 767 illam
451 703 549 767 simul
568 725 644 767 cum
663 701 799 767 eeclesia
812 700 871 766 illa
884 709 955 765 tota
970 701 1041 765 uita
1052 724 1114 766 sua
1129 710 1165 766 et
1178 710 1252 788 post
1265 702 1451 788 predictum

342 806 509 871 Simonem
523 804 586 869 iste
602 803 715 869 Simon
730 803 818 867 filius
833 802 975 868 Simonis
989 803 1087 867 simul
1101 826 1177 867 cum
1196 803 1331 869 eeclesia
1349 803 1453 868 donee

341 908 432 972 illam
451 906 619 971 eeclesiam
638 905 827 992 resignauit
873 906 916 969 Et
934 904 1054 991 quesiti
1069 913 1181 971 utrum
1195 906 1264 992 ipse
1279 904 1452 971 Gudmun·

342 1010 404 1075 dus
433 1017 469 1075 et
497 1030 610 1073 omnes
639 1008 696 1072 alii
724 1001 921 1072 successores
950 1007 1002 1071 sui
1031 1016 1182 1073 tenerent
1210 1016 1331 1072 terram
1359 1008 1451 1071 illam

236 1183 238 1187 ,
341 1114 473 1179 nomine
509 1113 643 1178 ecclesie
678 1112 824 1199 predicte
861 1121 900 1176 ut
934 1110 1068 1175 liberam
1102 1112 1309 1176 elemosinam
1337 1112 1394 1176 uel
1423 1110 1452 1175 si

341 1217 481 1304 quilibet
501 1218 645 1303 ipsorum
667 1217 744 1281 inde
766 1216 917 1281 feoffatus
936 1224 1022 1280 esset
1042 1216 1227 1302 separatim,
1240 1238 1305 1280 non
1318 1236 1450 1300 respon·
1477 1265 1480 1269 .

341 1319 423 1385 dent
436 1319 479 1384 ad
493 1320 554 1385 hoo
568 1328 620 1384 set
633 1319 749 1385 dicunt
763 1318 849 1404 quod
864 1326 952 1382 terra
971 1317 1029 1382 illa
1042 1340 1210 1403 nunquam
1224 1327 1372 1403 separata
1385 1316 1451 1381 fuit

341 1425 384 1489 ab
410 1423 545 1488 ecclesia
573 1422 638 1499 illa,
663 1430 699 1486 et
727 1421 843 1486 dicunt
872 1420 958 1506 quod
986 1420 1131 1507 predicte
1160 1442 1294 1505 persone
1323 1442 1452 1505 semper

342 1536 534 1613 receperunt
548 1536 668 1592 terram
683 1526 773 1590 illam
787 1548 864 1591 cum
878 1525 1021 1603 ecclesia,
1035 1534 1069 1590 et
1083 1526 1157 1591 ideo
1176 1526 1314 1591 credunt
1332 1524 1452 1590 melius

342 1632 428 1718 quod
450 1640 538 1697 terra
557 1632 616 1696 illa
636 1630 680 1695 sit
702 1631 804 1695 libere
827 1630 1003 1695 elemosina
1025 1630 1193 1716 pertinens
1215 1630 1257 1695 ed
1282 1631 1450 1696 ecclesiam

341 1735 432 1801 illam
453 1757 512 1821 per
532 1744 658 1800 certum
683 1733 859 1799 seruicium
882 1732 1065 1797 faciendum
1091 1733 1285 1819 capitalibus
1310 1732 1451 1798 dominis

342 1860 440 1923 quam
465 1838 584 1903 laicum
608 1835 738 1901 feodum
764 1836 868 1921 ipsius
891 1836 1040 1901 Simonis.
1085 1836 1211 1901 Dicunt
1234 1836 1336 1901 eciem
1362 1836 1450 1923 quod

214 1949 219 1958 ’
342 1941 443 2006 nichil
464 1942 574 2006 sciunt
594 1940 636 2005 de
657 1941 767 2026 aliqua
785 1948 877 2005 carta
896 1939 1008 2027 quam¹
1023 1939 1111 2006 idem
1126 1940 1240 2006 Simon
1255 1940 1377 2027 profert
1390 1962 1452 2025 per

342 2043 437 2131 quas'
450 2044 538 2109 idem
554 2045 668 2110 Simon
686 2043 768 2109 dicit
789 2044 876 2129 quod
898 2043 1039 2129 quilibet
1058 2043 1277 2129 predictarum
1298 2065 1451 2129 persona-

342 2170 415 2212 mm
438 2148 613 2234 separatim
635 2148 787 2212 feoffatus
808 2146 872 2211 luit
894 2145 934 2210 de
961 2146 1074 2211 eadem
1096 2154 1189 2211 terra
1235 2147 1353 2211 Postea
1373 2146 1453 2232 quia

342 2250 507 2337 predictus
537 2251 649 2316 Simon
678 2250 802 2335 profert
830 2259 936 2315 cartas
961 2272 1019 2336 per
1044 2272 1125 2337 quas
1150 2251 1290 2337 quilibet
1314 2272 1453 2337 persona

342 2354 492 2418 feoffatus
521 2354 585 2418 suit
614 2352 656 2417 de
680 2375 817 2439 persona
842 2354 878 2417 in
903 2375 1081 2439 personam,
1107 2361 1142 2418 et
1166 2352 1324 2419 iuratores
1348 2354 1450 2418 nichil

342 2466 467 2521 certum
489 2455 604 2521 dicunt
624 2478 684 2541 per
706 2454 792 2541 quod
811 2456 969 2521 iudicium
990 2456 1092 2540 possit
1106 2455 1184 2534 fieri,
1201 2455 1450 2522 consideratum

344 2568 395 2625 est
424 2560 512 2646 quod
539 2560 697 2624 iuratores
725 2560 868 2625 redeant.
914 2560 958 2624 Et
984 2560 1057 2625 ideo
1079 2568 1268 2647 preceptum
1290 2569 1341 2625 est
1361 2561 1450 2626 uice·

342 2662 568 2749 comiti-quod
596 2663 709 2728 uenire
739 2664 838 2729 faciat
866 2664 1028 2750 predictos
1057 2666 1110 2751 xij.
1137 2674 1172 2730 et
1201 2688 1276 2730 oum
1305 2664 1354 2729 eis
1382 2665 1450 2749 viij.

341 2769 463 2834 milites
486 2768 543 2854 qui
567 2790 628 2832 neo
650 2767 834 2853 predictum
861 2768 1037 2854 Hugonem
1063 2790 1123 2833 neo
1148 2768 1314 2833 Simonem
1339 2768 1453 2855 aliqua

343 2873 519 2939 affinitate⁸
533 2871 569 2937 in
583 2872 653 2937 Oct
664 2880 724 2936 etc
736 2872 779 2936 ed
793 2871 1084 2959 recognoscendum
1099 2894 1197 2958 super
1211 2880 1450 2938 sacramentum

342 3002 439 3044 suum
475 2978 503 3044 si
539 2976 693 3064 predicti‘
728 3000 864 3063 persone
901 2985 1079 3043 tenuerunt
1114 2977 1292 3063 predictam
1328 2984 1451 3041 terram

343 3084 474 3149 nomine
503 3083 636 3148 ecclesie
657 3082 712 3147 uel
734 3081 878 3146 racione⁸
900 3082 1100 3146 feoffamenti
1122 3080 1208 3167 quod
1228 3080 1304 3147 inde
1327 3080 1451 3145 habue-

344 3194 430 3261 runt,
445 3194 480 3249 et
493 3178 626 3249 interim
641 3192 711 3260 etc,
725 3192 760 3248 et
777 3182 866 3248 Otho
886 3183 972 3249 filius
988 3183 1143 3249 Willelmi
1166 3184 1262 3269 quem
1284 3184 1452 3270 predictus

344 3289 459 3355 Simon
472 3289 605 3353 uocauit
619 3288 661 3353 ad
675 3296 857 3353 warantum
873 3287 1081 3353 athachietur
1093 3286 1180 3374 quod
1194 3288 1239 3353 sit
1252 3288 1293 3353 ed
1308 3288 1450 3355 eundem

346 3391 544 3458 terminum⁶.

223 3504 295 3567 888.
409 3494 543 3559 'Emma
565 3516 629 3581 que
654 3495 719 3560 fuit
745 3517 827 3558 uxor
847 3494 986 3560 Waltori
1010 3493 1052 3559 de
1079 3494 1197 3560 Scode⁸
1222 3495 1307 3582 petit
1336 3517 1452 3561 uersus

195 3601 320 3651 ΝΟΜ*
345 3597 512 3663 Simonem
526 3598 567 3662 de
583 3598 720 3663 Skotere
734 3606 770 3662 et
784 3597 924 3662 Aliciam
941 3620 1073 3663 uxorem
1089 3597 1159 3663 eius
1174 3598 1307 3663 terciam
1322 3607 1450 3684 pen-tem

344 3702 482 3767 duorum
496 3701 735 3787 mesuagiorum
750 3724 825 3766 cum
841 3710 921 3788 pert.
933 3702 968 3767 in
983 3703 1092 3790 Burgo
1106 3710 1146 3767 ut
1156 3701 1267 3768 dotem
1281 3726 1374 3769 suem
1389 3712 1451 3769 etc,

344 3824 348 3829 ·
410 3805 454 3869 Et
469 3804 582 3869 Simon
598 3804 690 3869 uenit
704 3812 739 3869 et
754 3804 835 3869 dicit
855 3805 941 3891 quod
963 3804 1087 3869 nullam
1109 3804 1209 3869 habet
1230 3828 1363 3870 uxorem
1386 3828 1451 3893 que

344 3916 480 3973 uocatur
493 3907 607 3984 Alicia,
622 3916 656 3973 et
671 3916 820 3993 preterea
832 3908 914 3973 dicit
928 3910 1015 3995 quod
1029 3909 1130 3974 nichil
1150 3918 1244 3975 tenet
1262 3910 1303 3974 de
1322 3932 1452 3977 mesua-

342 4010 407 4097 giis
420 4010 486 4075 illis
500 4010 599 4075 immo
614 4008 753 4097 quedem
768 4010 876 4077 Alicio
895 4010 937 4075 de
952 4010 1085 4099 Burgo’‚
1100 4011 1188 4079 idem
1203 4012 1283 4078 dicit
1298 4012 1384 4099 quod
1398 4012 1453 4079 uir

376 4137 387 4169 ¹
404 4136 455 4199 Sic,
470 4137 501 4185 B.
922 4137 1026 4201 inquest
1036 4143 1104 4189 went
1114 4139 1218 4202 against
1228 4139 1328 4192 Simon.

375 4202 456 4261 ¹810,
467 4203 499 4252 Β.
954 4202 1137 4255 ⁷B.m.1‘ld.

376 4266 387 4299 ¹
405 4268 505 4331 Supply
515 4270 654 4331 attineant,
664 4268 697 4317 B.
954 4268 965 4301 ⁸
981 4270 1089 4329 Scelere,
1101 4270 1130 4321 B.

376 4332 474 4381 ‘Gom
483 4334 602 4395 predicte,
611 4333 640 4384 B.
954 4332 1021 4384 ’No
1033 4336 1091 4397 stop
1102 4334 1131 4385 in
1140 4334 1195 4387 MS.
1222 4335 1313 4387 Simon
1323 4350 1383 4399 says
1391 4335 1453 4389 that

376 4397 553 4455 'nominaR
922 4398 1039 4449 Emma’s
1061 4398 1183 4449 husband
1204 4414 1257 4450 aas
1283 4406 1329 4451 not
1351 4402 1455 4453 Walter

376 4461 425 4510 ‘A
443 4466 533 4524 postca
550 4462 577 4511 in
594 4463 616 4512 B
633 4462 734 4513 records
752 4462 810 4513 how
827 4463 871 4513 the
921 4464 969 4514 but
980 4463 1076 4513 Robert
1089 4466 1128 4529 (l).
