3342 5217
395 417 458 481 306
604 429 839 490 MchAELMAS,
860 428 925 478 nn.
950 416 1042 491 1229,
1064 430 1128 479 aa
1153 415 1290 479 13-14.

396 599 518 668 Arches
534 606 613 664 tunc
627 597 774 686 capitalis
789 597 939 664 domiuus
953 599 1043 664 illius
1056 599 1142 665 feodi
1155 621 1214 687 pro
1227 599 1357 664 delectu
1371 596 1501 663 seruicii

233 739 362 827 mm
396 707 483 794 cepit
498 729 571 772 eam
590 707 626 772 iu
644 729 777 781 menum
798 729 890 772 stram
913 714 948 770 et
968 706 1017 771 ita
1039 705 1125 792 quod
1145 715 1221 793 post
1240 713 1378 771 mortem
1399 703 1503 790 ipsius

234 839 362 874 aarum·
396 810 533 876 Aluredi
557 810 650 875 uenit
678 809 844 896 predictus
865 808 1051 874 Willelmus
1072 809 1270 895 [postnatus]
1292 817 1327 872 et
1347 830 1407 893 per
1427 829 1501 871 eon-

233 880 383 1013 }‘ffiffir
397 914 571 980 cessionem
586 913 724 999 predicti
745 911 923 978 Alexandri
943 912 1052 976 fratris
1070 911 1122 976 sui
1143 911 1351 999 primogeniti
1370 918 1502 974 tantum

234 1019 367 1115 fflffi·
397 1017 474 1082 fecit
494 1039 571 1104 erga
590 1017 771 1103 predictum
795 1016 972 1081 Radulfum
995 1038 1052 1101 pro
1074 1017 1119 1101 iij.
1135 1040 1231 1081 mare.
1255 1038 1337 1101 quas
1357 1015 1389 1080 ei
1410 1013 1506 1079 dedit

234 1113 385 1208 {Pulfflssss
397 1121 483 1208 quod
497 1121 585 1187 idem
605 1120 764 1186 Radulfus
784 1119 940 1185 concessit
959 1119 991 1184 ei
1009 1128 1129 1184 terram
1151 1121 1240 1184 illam
1260 1129 1295 1184 et
1317 1119 1394 1207 quia
1414 1116 1501 1182 idem
1564 1177 1569 1188 ,

234 1207 370 1294 &diffie
398 1225 582 1289 Willelmus
595 1245 660 1288 non
680 1222 796 1288 habuit
817 1222 904 1287 unde
926 1223 1067 1288 solueret
1087 1223 1235 1288 denarios
1254 1223 1326 1287 illos
1347 1221 1503 1287 concessit

235 1300 343 1432 {iffi
398 1327 484 1392 idem
500 1325 684 1390 Willelmus
699 1324 923 1390 terramillam
938 1324 1067 1388 cuidam
1088 1324 1226 1389 Osberto
1245 1323 1304 1390 uni
1322 1325 1501 1389 iuratorum

235 1403 386 1526 {plrimis}
398 1439 433 1495 et
447 1429 573 1494 duobus
586 1427 660 1492 aliis
674 1427 716 1492 ad
731 1427 908 1491 terminum
923 1426 1025 1491 trium
1040 1448 1198 1491 annorum
1209 1427 1324 1513 persio
1338 1426 1425 1512 quod
1438 1426 1503 1511 ipsi

236 1497 369 1626 32:¹35?ss
398 1555 473 1598 eum
488 1531 693 1618 aquietarent
709 1553 821 1596 uersus
832 1531 1016 1618 predictum
1036 1530 1215 1596 Redulfum
1229 1529 1270 1596 de
1285 1529 1441 1618 predictis
1454 1529 1502 1615 iij.

236 1625 386 1712 Ἢοῗζᾛ*
398 1636 522 1714 marcis,
547 1645 582 1701 et
607 1643 684 1699 ante
710 1634 871 1721 predictos
896 1643 964 1699 tres
984 1656 1085 1699 annos
1106 1636 1273 1721 conpletos
1302 1634 1385 1700 obiit
1414 1633 1502 1698 idem

235 1719 369 1806 ιιιιῖιῗηῃι
397 1739 581 1805 Willelmus
595 1747 646 1802 set
661 1759 788 1824 semper
801 1737 837 1802 in
851 1737 923 1802 uita
936 1761 997 1802 sua
1010 1739 1157 1804 defendit
1177 1748 1212 1805 et
1231 1738 1414 1826 equietauit
1432 1738 1502 1824 ipse

396 1843 582 1908 Willelmus
593 1849 714 1906 terrem
728 1841 819 1906 illam
835 1841 875 1905 de
891 1843 1027 1907 seruicio
1041 1842 1127 1930 quod
1138 1828 1181 1908 ad
1192 1845 1347 1930 capitales
1357 1843 1504 1908 dominos

397 1947 438 2012 de
453 1947 611 2012 termille
625 1946 819 2032 pertinebat,
835 1954 870 2010 et
885 1945 999 2011 dicunt
1013 1947 1099 2032 quod
1121 1947 1204 2012 obiit
1223 1949 1308 2013 infre
1326 1947 1504 2012 terminum

398 2061 432 2116 et
469 2052 556 2138 quod
592 2051 654 2115 iste
692 2050 904 2134 [Alexander]
941 2061 992 2115 est
1027 2053 1237 2139 propinquior
1265 2052 1358 2117 heres
1389 2051 1506 2137 [ipsius

398 2152 577 2236 Willelmil
645 2152 689 2217 Et
725 2152 799 2217 ideo
842 2153 1080 2218 consideratum
1123 2163 1174 2218 est
1216 2153 1302 2240 quod
1338 2153 1505 2240 predictus

399 2255 585 2320 Alexander
599 2256 804 2342 recuperauit
818 2256 969 2321 seisinam
985 2279 1076 2321 suam
1092 2266 1127 2322 et
1141 2257 1300 2323 Rioerdus
1318 2265 1353 2321 et
1368 2256 1507 2320 Matillie

398 2359 434 2424 in
462 2359 686 2426 misericordia.
744 2359 787 2424 Et
817 2358 984 2424 sciendum
1013 2360 1099 2446 quod
1127 2361 1292 2446 predictus
1320 2361 1507 2426 Alexander

397 2462 549 2548 cognouit
565 2462 650 2548 quod
664 2462 765 2526 nichil
780 2462 900 2526 clamat
915 2462 950 2526 in
964 2485 1030 2527 uno
1047 2464 1214 2551 mesuagio
1234 2472 1269 2528 et
1287 2463 1312 2549 j.
1334 2486 1396 2530 aer.
1418 2473 1506 2529 terre

398 2566 433 2631 in
447 2567 607 2632 dominico
622 2565 685 2630 nisi
700 2567 734 2630 in
750 2566 893 2631 seruicio.

463 2669 657 2757 Preceptum
687 2669 751 2734 fuit
788 2670 972 2735 uieecomiti
1001 2671 1088 2757 quod
1123 2671 1298 2760 diligenter
1326 2671 1507 2758 inquireret

399 2773 457 2859 qui
476 2781 584 2838 essent
605 2771 782 2838 iuratoresl
801 2795 887 2837 noue
909 2772 1076 2838 diaseisine
1097 2784 1191 2860 cepte
1213 2799 1319 2841 coram
1342 2776 1508 2842 Willelmo

400 2877 466 2942 filio
480 2877 606 2942 Warini
628 2887 662 2942 et
684 2877 777 2942 sociis
799 2878 866 2942 suis
887 2879 975 2942 inter
991 2878 1193 2944 Willelmum
1215 2879 1295 2944 Biid
1315 2889 1507 2965 querentem

400 2989 435 3044 et
454 2979 650 3044 Nicholeum
670 2980 748 3044 Dun
769 2987 803 3043 et
818 2980 968 3045 Emmam
987 2995 1120 3044 'uxorem
1142 2981 1213 3046 eius
1232 2981 1445 3046 deforciantee
1466 2982 1508 3048 de

400 3091 588 3148 tenemento
608 3083 643 3146 in
664 3083 881 3148 Hethfeuldie
901 3092 937 3148 et
958 3084 1030 3149 illos
1052 3084 1188 3174 haberet
1201 3107 1307 3150 coram
1321 3086 1509 3151 iusticiariis

400 3185 443 3251 ad
456 3186 699 3251 certificandum
715 3209 768 3252 eos
783 3186 824 3252 de
839 3188 952 3253 eedem
967 3189 1072 3255 assisa

467 3292 510 3356 Et
540 3291 717 3356 Nicholous
746 3300 780 3356 et
811 3291 928 3357 Emma
955 3293 1095 3357 ueniunt
1124 3300 1160 3358 et
1195 3302 1393 3380 cognoscunt
1421 3295 1509 3380 quod

401 3394 532 3481 quidem
548 3393 628 3458 Milo
643 3393 729 3458 lilius
743 3393 892 3459 Widonis
911 3395 991 3459 tulit
1009 3394 1143 3460 assisam
1163 3397 1276 3462 mortis
1298 3401 1509 3465 antecessoris

401 3519 499 3584 super
515 3519 568 3562 eos
590 3505 625 3561 et
646 3497 709 3584 ipsi
731 3507 931 3563 uocauerunt
952 3499 1029 3564 inde
1050 3499 1093 3564 ed
1114 3508 1294 3565 warantum
1316 3501 1358 3565 de
1375 3502 1429 3587 xij.
1446 3525 1506 3568 ser.

402 3608 486 3664 terre
508 3597 696 3684 Philippum
718 3598 758 3664 de
779 3600 937 3665 Westone
958 3611 993 3666 et
1022 3602 1171 3666 Emmam
1198 3625 1329 3668 uxorem
1358 3604 1430 3670 eius
1451 3607 1508 3692 qui
1635 3587 1636 3602 ¹

402 3708 564 3766 uenerunt
591 3723 697 3766 coram
719 3702 854 3786 prelatis
878 3703 1063 3768 iusticiariis
1086 3712 1121 3769 et
1144 3704 1192 3770 eis
1216 3706 1510 3772 warentiaauerunt
1635 3769 1636 3778 t

403 3813 437 3869 et
459 3803 637 3868 emiserunt
666 3813 785 3870 terram
814 3806 904 3870 illam
935 3829 993 3892 per
1021 3806 1158 3873 eandem
1180 3808 1321 3888 assisam,
1344 3810 1393 3875 ite
1422 3811 1509 3896 quod

402 3907 638 3972 consideratum
668 3909 731 3972 fuit
760 3909 847 3996 quod
883 3909 963 3974 Milo
999 3918 1203 3997 recuperaret
1234 3912 1386 3977 seisinam
1415 3937 1509 3980 snam
1635 3945 1636 3950 ¹

404 4031 515 4074 uersus
540 4009 727 4095 Philippum
749 4020 784 4075 et
807 4011 956 4076 Emmarn
978 4020 1013 4076 et
1035 4011 1100 4097 ipsi
1127 4012 1298 4099 Philippus
1327 4023 1363 4080 et
1392 4016 1511 4083 Emma
1635 4035 1636 4059 ¹

403 4116 545 4178 facerent
567 4114 764 4178 escambium
786 4114 828 4180 ad
851 4114 1031 4181 ualeneiam
1050 4116 1269 4203 predictarum
1290 4118 1344 4205 xij.
1363 4142 1510 4186 acrarum
1635 4113 1636 4116 ¹

436 4241 446 4274 ¹
464 4241 504 4290 On
516 4240 625 4290 Alhed’e
641 4239 720 4291 death
736 4239 778 4291 hia
795 4241 865 4292 elder
879 4257 928 4292 eon
977 4243 1115 4294 William's
1136 4243 1215 4294 death
1236 4244 1347 4296 without
1369 4246 1446 4310 isene,
1471 4264 1510 4299 re·

403 4305 548 4358 Alexander
558 4321 611 4355 was
622 4305 677 4355 heir
694 4305 741 4356 bnt
757 4307 864 4358 allowed
880 4307 927 4358 the
977 4308 1084 4358 covered
1095 4309 1141 4358 the
1152 4310 1217 4360 land
1227 4325 1257 4360 aa
1267 4311 1408 4362 William’s
1419 4313 1486 4364 heir.

403 4371 459 4419 lord
471 4377 498 4420 to
514 4374 601 4432 scoept
617 4371 733 4420 william
750 4372 794 4422 the
810 4386 928 4435 younger
1010 4372 1021 4404 ²
1039 4374 1138 4437 Supply
1149 4378 1236 4425 atrise.

404 4451 451 4484 eon
479 4450 508 4485 aa
536 4439 635 4496 tenum,
670 4437 722 4486 and
754 4437 828 4494 then,
860 4437 927 4487 almr
