3342 5217
381 443 443 506 136
692 452 833 514 annau
854 449 921 500 ao.
944 437 1038 511 1222,
1059 447 1122 498 aa
1146 436 1175 498 6.

383 624 634 711 primogenitum
649 625 825 690 Radulfum
847 622 977 687 nominc
996 621 1055 707 qui
1074 621 1138 685 fuit
1160 642 1242 684 auus
1262 641 1341 684 suus
1360 617 1483 684 'scilicet

383 739 477 816 pater
490 730 588 794 Alani
602 731 704 816 patris
719 730 770 794 sni
790 737 824 794 et
844 727 1027 815 predictum
1046 725 1193 791 duellum
1213 746 1400 810 percussum
1421 722 1485 787 fuit

384 836 471 900 inter
484 835 612 900 eosdem
628 835 761 900 Petrum
781 843 816 898 22
837 834 1029 899 Gauii-idum
1048 832 1127 896 dum
1148 831 1273 895 Alanus
1294 838 1387 915 pater
1407 849 1485 892 suus

237 1033 241 1042 ι
276 948 289 976 ⁰
345 946 358 976 ⁰
385 939 448 1005 fuit
462 941 550 1005 ultra
562 962 659 1017 mare,
674 939 722 1004 ita
736 939 822 1024 quod
837 939 966 1024 quando
981 939 1106 1003 Alanus
1120 945 1214 1022 pater
1232 958 1310 1000 suus
1329 933 1426 998 rediit
1444 931 1485 996 de

237 1043 269 1072 ”⁸¹¹
284 1043 303 1072 ⁰·
385 1043 531 1129 partibus
552 1041 773 1107 transmarinis
798 1041 931 1106 aaran
956 1040 998 1105 ad
1025 1041 1146 1104 curram
1172 1039 1295 1105 domin
1323 1037 1422 1123 aega
1451 1043 1486 1099 er

385 1147 527 1212 ostendit
550 1147 581 1210 ei
602 1147 688 1232 quod
710 1145 886 1211 Gauffidus
905 1146 1087 1210 auunculus
1106 1168 1184 1209 suus
1203 1145 1302 1209 frater
1320 1139 1486 1228 patrissui

386 1259 555 1337 postnatus
577 1273 634 1336 per
655 1250 879 1336 decepcionem
901 1247 1053 1312 amiserat
1078 1247 1293 1312 hereditatem
1318 1268 1411 1310 suam
1439 1244 1488 1308 ita

387 1355 472 1440 quod
486 1354 574 1440 cepit
593 1353 627 1417 in
646 1374 759 1437 campo
779 1375 872 1417 xxxv.
888 1373 1010 1415 marcas
1031 1372 1089 1435 pro
1111 1350 1223 1436 quieta
1243 1345 1425 1421 clamancia,
1439 1344 1488 1408 ita

387 1458 474 1544 quod
483 1457 632 1522 dominus
643 1457 713 1520 Rex
726 1455 767 1520 H.
780 1455 858 1519 fecit
871 1475 1041 1518 sumonere
1055 1454 1246 1518 comitatum
1260 1451 1302 1516 ad
1316 1448 1486 1515 ostenden-

387 1561 465 1625 dum
480 1582 578 1646 quare
594 1559 738 1624 fecerunt
753 1558 884 1623 uadiare
899 1557 1044 1621 duellum
1058 1557 1146 1621 inter
1160 1555 1288 1620 eosdem
1303 1554 1436 1618 Petrum
1452 1559 1487 1615 et

388 1663 579 1730 Gaufridum
603 1663 727 1727 desicut
751 1662 838 1727 idem
865 1660 1039 1725 (laufridus
1064 1659 1181 1725 habuit
1204 1666 1358 1744 nepotem
1382 1655 1487 1719 filiurn

387 1768 594 1855 primogeniti
615 1767 723 1832 fratris
744 1775 778 1830 22
800 1788 858 1852 per
879 1764 1035 1830 iudiciuin
1057 1773 1117 1830 etc.
1137 1761 1341 1849 recuperauit
1362 1760 1487 1824 Alanus

387 1880 480 1957 pater
508 1893 585 1935 suus
614 1871 829 1936 hereditatem
857 1892 950 1934 suam
982 1877 1017 1933 22
1052 1869 1226 1932 comitatus
1261 1864 1416 1932 remansit
1451 1863 1486 1928 in

388 1974 603 2039 misericordia
623 1982 658 2038 et
679 1976 777 2038 finem
800 1974 877 2038 fecit
900 1995 958 2058 per
981 1980 1113 2036 centum
1137 1972 1234 2036 libras
1257 1978 1292 2034 et
1317 1968 1403 2055 quod
1428 1967 1487 2031 hoc

388 2099 502 2141 uerum
527 2077 570 2142 sit
595 2078 687 2163 ponit
717 2101 751 2143 se
780 2100 878 2164 super
902 2077 1024 2141 curiam
1053 2075 1177 2140 domini
1201 2073 1300 2161 Regis
1329 2080 1364 2136 et
1392 2093 1489 2157 super

388 2179 509 2244 rotulos
524 2188 558 2243 et
572 2180 633 2244 hac
648 2180 773 2244 racione
788 2179 873 2265 petit
888 2178 976 2263 quod
989 2178 1096 2263 capiat
1111 2187 1171 2244 eta

454 2283 498 2348 Et
512 2284 535 2349 J
536 2285 672 2350 ordanus
691 2285 838 2350 defendit
856 2283 942 2370 quod
962 2305 1129 2368 nunquam
1149 2304 1207 2367 per
1224 2279 1381 2346 iudicium
1401 2277 1488 2342 curie

388 2387 591 2472 recuperauit
606 2387 730 2452 Alanus
744 2394 864 2451 terram
879 2386 969 2450 illam
983 2394 1034 2449 set
1048 2407 1105 2470 per
1335 2382 1345 2413 ¹
1360 2378 1486 2465 capital’

389 2489 494 2555 iustic’
517 2513 592 2555 cum
623 2513 686 2578 quo
716 2491 803 2557 idem
832 2491 957 2555 Alanus
983 2497 1062 2553 tuno
1091 2488 1156 2552 fuit
1184 2485 1390 2571 recuperauit
1417 2484 1488 2569 ipse

389 2603 508 2660 terram
527 2594 626 2672 illam,
640 2617 699 2659 neo
714 2617 858 2680 unquam
873 2593 1047 2659 comitatus
1060 2615 1117 2679 pro
1132 2591 1250 2657 iudicio
1265 2591 1320 2655 illo
1334 2588 1489 2654 remansit

387 2700 423 2763 in
444 2698 660 2764 misericordia
681 2707 715 2762 et
736 2699 811 2763 inde
832 2699 926 2785 ponit
947 2721 982 2763 se
1001 2721 1098 2784 super
1116 2697 1239 2762 curiam
1259 2704 1294 2760 et
1312 2694 1434 2758 rotulos
1452 2701 1488 2756 22

386 2805 512 2868 Alanus
533 2803 682 2868 similiter
703 2811 737 2868 et
759 2803 885 2868 desicut
906 2803 1068 2889 cognoscit
1090 2802 1176 2889 quod
1200 2799 1374 2866 Gaufridus
1396 2805 1487 2861 ante-

386 2927 490 2970 cessor
511 2904 655 2971 eiusdem
677 2906 776 2970 Alani
797 2906 906 2972 amisit
928 2905 1159 2970 terramillam
1181 2903 1266 2990 petit
1285 2899 1488 2968 iudiciumsi

386 3009 504 3074 debeat
519 3010 704 3097 homagium
720 3033 815 3075 suum
830 3033 951 3096 capere.

451 3114 597 3200 Rogerus
618 3113 658 3178 de
681 3114 844 3180 Leiburne
865 3115 1071 3180 athschiatus
1090 3114 1154 3178 fuit
1168 3113 1211 3178 ad
1231 3109 1488 3198 respondendum

290 3241 315 3270 m
387 3217 528 3306 Henrico
554 3216 594 3282 de
617 3217 752 3305 Tresgot
777 3227 812 3283 et
839 3219 960 3283 Thome
986 3219 1079 3282 fratri
1101 3217 1171 3280 eius
1196 3214 1284 3300 quod
1305 3221 1416 3278 teneat
1441 3202 1488 3278 eis

387 3321 485 3386 finem
507 3322 629 3385 factum
650 3321 685 3385 in
707 3322 796 3386 211112
816 3322 940 3387 1121111111
961 3321 1061 3408 Regis
1081 3319 1211 3385 Ricardi
1231 3328 1266 3383 22
1279 3341 1337 3404 per
1350 3317 1488 3402 cirogra-

387 3424 489 3512 phum
515 3423 602 3488 inter
625 3424 805 3489 Robertum
831 3433 957 3510 patrem
983 3424 1120 3511 predicti
1142 3421 1261 3509 Rogeri
1282 3421 1374 3485 cuius
1395 3420 1488 3484 heres

387 3539 445 3594 222
476 3537 511 3593 22
539 3528 722 3594 Johannem
751 3530 792 3594 de
822 3530 965 3616 Tresgot'
995 3539 1030 3595 22
1059 3529 1238 3594 Henricum
1266 3535 1301 3591 et
1330 3527 1487 3591 Thomam

387 3633 500 3697 fratres
522 3655 595 3697 suos
617 3633 657 3697 de
675 3633 700 3718 j.
723 3642 874 3697 carucata
894 3642 979 3698 terre
1001 3656 1075 3697 curn
1101 3631 1309 3717 pertinenciis
1331 3631 1366 3694 in
1389 3629 1487 3704 Mare,

253 3773 288 3850 eur
310 3774 322 3803 ο
386 3738 475 3802 unde
487 3736 574 3802 idern
589 3738 750 3802 chricus
768 3744 802 3802 22
817 3737 957 3801 Thomas
976 3739 1142 3823 proferunt
1162 3735 1386 3822 cirographum
1400 3731 1488 3818 quod

326 3838 332 3851 '
385 3848 526 3906 testatur
550 3841 637 3926 quod
662 3841 724 3927 ipsi
747 3842 912 3907 Johannes
935 3842 1095 3906 Henricus
1121 3849 1156 3905 et
1177 3841 1316 3904 Thomas
1337 3845 1488 3925 petentes

385 3944 577 4009 remiserunt
592 3945 735 4030 predicto
750 3947 893 4011 Roberto
907 3954 1014 4010 totum
1030 3946 1080 4010 ius
1095 3953 1129 4009 et
1146 3945 1299 4010 clamium
1318 3942 1406 4029 quod
1424 3941 1487 4027 ipsi

386 4049 569 4115 habuerunt
590 4050 625 4115 in
647 4074 713 4115 una
733 4059 883 4116 carucata
902 4060 986 4115 terre
1006 4051 1041 4115 in
1061 4052 1150 4115 Mere
1170 4058 1205 4113 et
1223 4071 1281 4134 pro
1301 4048 1362 4112 222
1375 4047 1489 4133 quieta

384 4155 561 4219 clamanoia
579 4164 638 4220 ete
657 4155 744 4220 idern
765 4156 926 4220 Robertus
946 4155 1037 4219 dedit
1059 4155 1106 4219 eis
1127 4163 1231 4218 totam
1253 4161 1372 4216 terram
1394 4173 1487 4214 suam

384 4260 425 4325 de
441 4259 578 4324 Bockele
592 4283 667 4324 cum
686 4259 894 4345 pertinenciis
913 4258 1096 4324 habendam
1116 4266 1151 4324 et
1170 4256 1345 4322 tenendam
1364 4253 1487 4319 eisdem

384 4363 527 4428 Johanni
548 4363 670 4428 Thome
692 4373 726 4430 et
749 4365 891 4429 Henrico
912 4364 954 4428 de
976 4387 1013 4429 eo
1035 4372 1070 4428 et
1089 4363 1130 4429 de
1150 4361 1322 4427 heredibus
1341 4359 1408 4423 suis
1428 4381 1488 4444 per

433 4493 441 4524 ¹
460 4493 481 4542 A
494 4507 568 4556 space
579 4490 602 4541 is
614 4493 667 4543 lert.
688 4493 751 4543 Was
760 4493 803 4544 the
815 4509 891 4545 name
903 4493 1013 4556 illegible
1025 4509 1116 4543 ornas
1128 4492 1171 4542 2112
1183 4495 1253 4554 story
1264 4489 1436 4541 scandalous?
