3342 5217
354 403 396 468 96
544 419 676 470 nrrrsr
697 421 770 470 sur>
793 421 929 483 raama,
951 421 1015 474 so.
1040 410 1132 485 1220,
1154 424 1218 475 au
1240 412 1269 474 4.

352 591 417 657 fuit
437 592 600 659 hereditas
620 593 771 680 Philippi,
787 601 821 659 et
843 602 894 659 est
916 593 1078 660 hereditas
1099 594 1227 660 heredis
1248 595 1300 660 sui
1321 603 1356 660 et
1371 595 1457 682 quod

352 717 417 760 nou
440 696 559 762 clamat
584 697 800 763 hereditatem
824 697 860 763 in
885 705 972 763 terra
994 698 1060 776 illa,
1084 708 1136 763 set
1158 696 1239 763 dicit
1261 698 1349 784 quod
1369 698 1458 763 idern

352 797 522 885 Philippus
536 799 661 865 dimisit
682 801 863 866 manerium
880 801 962 867 illud
982 802 1014 867 ei
1027 801 1070 868 ad
1083 802 1210 867 firmam
1225 802 1268 868 ad
1282 801 1458 867 terminum

352 901 427 987 xvij.
443 923 610 981 annorum,
624 903 787 968 reddendo
808 905 980 969 annuatim
1001 905 1032 970 ei
1055 915 1090 970 et
1111 905 1284 971 heredibus
1305 905 1373 970 suis
1393 905 1457 991 xvj.

352 1004 405 1070 lib.
436 1005 672 1093 sterlingorum,
695 1004 874 1072 tenendum
902 1007 1026 1073 alesta
1054 1007 1085 1074 S.
1109 1008 1206 1073 Mich.
1228 1029 1314 1072 anno
1335 1007 1459 1072 domini

351 1109 452 1195 Regis
477 1109 520 1175 Η
543 1110 682 1175 secundo
705 1133 806 1198 usque
828 1111 864 1176 in
885 1112 1063 1177 octodecim
1082 1135 1184 1178 annos
1204 1122 1376 1200 sequentes
1398 1121 1457 1178 etc

352 1212 478 1278 atinde
495 1213 617 1298 profert
631 1213 792 1299 quoddam
812 1213 1040 1300 cirographum
1061 1215 1249 1302 sigillatum,
1264 1216 1350 1302 quod
1371 1215 1458 1281 idem

352 1323 499 1384 testatur.
544 1317 740 1384 continetur
759 1317 861 1384 eciam
877 1319 962 1404 quod
982 1319 1069 1384 idem
1089 1318 1259 1406 Philippus
1274 1329 1309 1385 et
1318 1318 1460 1384 heredes

351 1418 402 1485 sui
417 1419 672 1485 warentizabunt
691 1419 873 1484 manerium
890 1419 972 1484 illud
989 1443 1064 1484 cum
1084 1420 1294 1506 pertinenciis
1314 1421 1459 1507 predicto

352 1522 494 1588 Roberto
508 1530 543 1588 et
560 1522 613 1588 cui
632 1523 795 1610 assignare
815 1525 958 1590 uoluerit
974 1547 1077 1611 usque
1099 1523 1142 1590 ad
1163 1524 1340 1589 terminum
1362 1546 1458 1589 suum

351 1629 556 1714 completum,
586 1637 621 1694 et
650 1628 678 1694 si
707 1629 790 1694 forte
818 1628 990 1715 contingat
1018 1629 1125 1714 ¹quod
1153 1627 1195 1692 de
1229 1628 1372 1693 Roberto
1400 1649 1460 1713 per

351 1731 507 1798 mortem¹
530 1733 631 1819 ipsius
653 1733 797 1820 Philippi
820 1741 855 1798 et
876 1755 935 1819 per
956 1733 1136 1799 custodiam
1159 1732 1287 1799 heredis
1308 1733 1359 1798 sui
1380 1741 1457 1798 ante

351 1835 531 1922 legitimam
546 1842 669 1900 etatem
683 1835 737 1901 uel
760 1835 869 1922 aliquo
888 1835 953 1900 alio
973 1835 1067 1900 modo
1086 1858 1146 1921 per
1159 1835 1323 1901 delectum
1336 1858 1459 1902 waren·

237 1954 239 1958 ’
351 1939 515 2005 tizacionis
544 1939 668 2026 aliquid
689 1939 875 2025 perdiderit,
897 1939 991 2005 heres
1020 1939 1122 2025 ipsius
1144 1939 1290 2026 Philippi
1318 1962 1393 2005 cum
1414 1938 1457 2004 ad

350 2043 531 2130 legitimam
560 2051 683 2112 etatem
712 2044 907 2130 peruenerit,
932 2044 1042 2110 omnia
1069 2043 1212 2131 dampna
1240 2066 1298 2130 pro
1327 2043 1456 2110 deiectu

350 2169 409 2213 suo
424 2148 545 2226 habita,
560 2148 591 2214 ei
608 2149 804 2214 restaurabit
824 2157 883 2214 etc.
900 2155 936 2214 et
957 2148 1017 2213 hac
1039 2148 1166 2213 racione
1187 2148 1274 2234 petit
1296 2147 1457 2214 Robertus

351 2249 437 2336 quod
452 2251 544 2316 heres
559 2250 590 2316 ei
605 2250 799 2316 warentizet.

417 2355 461 2420 Et
483 2355 554 2442 ipsa
574 2355 659 2442 petit
677 2355 835 2422 iudicium
857 2354 886 2420 si
907 2353 1026 2420 debeat
1046 2376 1086 2422 ea
1105 2354 1232 2420 racione
1252 2353 1362 2420 dotem
1384 2376 1457 2440 per·

350 2457 434 2523 dere.

416 2561 461 2627 Et
474 2560 640 2628 sciendum
655 2563 741 2649 quod
754 2561 843 2627 idem
865 2561 1028 2627 Robcrtus
1048 2561 1128 2627 alias
1150 2560 1257 2628 noluit
1277 2561 1308 2627 ei
1327 2583 1456 2648 respon-

350 2664 426 2730 dere
448 2665 517 2730 sine
531 2675 673 2731 waranto
695 2688 753 2732 suo
770 2666 811 2732 de
833 2665 910 2732 dote
931 2688 998 2743 sua,
1020 2673 1056 2730 et
1077 2666 1149 2751 ipsa
1169 2666 1211 2731 ad
1233 2665 1320 2731 diem
1342 2665 1456 2731 illum'

350 2767 503 2854 produxit
517 2778 696 2835 warantum
718 2792 813 2836 suum
828 2770 934 2835 filium
954 2779 990 2835 ct
1009 2770 1161 2836 heredem
1176 2770 1320 2856 Philippi
1335 2770 1392 2856 qui
1406 2779 1457 2835 est

350 2871 434 2937 infra
453 2879 584 2951 etatem,
604 2881 639 2938 et
658 2874 693 2938 in
713 2873 860 2939 custodia
880 2881 914 2939 et
935 2874 1034 2960 Hugo
1054 2872 1095 2940 de
1117 2874 1331 2960 Wyndesores
1350 2883 1456 2939 custos

350 2976 421 3042 eius
445 2977 531 3062 petit
554 2977 713 3043 iudicium
736 2979 765 3044 si
789 2979 896 3044 infans
922 2978 979 3065 qui
1005 2979 1089 3044 inira
1113 2987 1237 3044 etatem
1262 2986 1313 3044 est
1338 2978 1456 3044 debeat

350 3080 540 3167 respondere
554 3082 597 3147 ad
611 3083 799 3148 warentiam
815 3092 892 3147 ante
909 3088 1031 3147 etatem
1047 3103 1148 3146 suam
1246 3083 1250 3090 '

417 3183 608 3252 Concordati
622 3195 700 3251 sunt
718 3209 776 3272 per
795 3185 963 3251 licenciam
982 3185 1231 3252 iusticiariorum
1254 3193 1289 3250 et
1310 3193 1360 3250 est
1382 3206 1456 3250 con·

349 3287 457 3353 cordia
480 3289 555 3355 talis
585 3290 670 3378 quod
699 3291 786 3356 idem
816 3291 979 3356 Robertus
1008 3289 1039 3355 ei
1067 3289 1223 3354 concessit
1252 3297 1287 3354 et
1315 3287 1456 3353 reddidit

350 3391 382 3456 ei
402 3392 583 3456 manerium
605 3391 687 3458 illud
708 3392 743 3456 in
766 3390 887 3469 dotem,
912 3392 1004 3457 salua
1028 3390 1135 3456 eidem
1158 3390 1301 3455 Roberto
1323 3399 1457 3455 uestura

350 3515 409 3559 sua
423 3494 463 3558 de
478 3493 573 3560 blado
587 3495 622 3560 in
637 3503 817 3581 autumpno
831 3495 951 3572 futuro,
966 3504 1001 3559 et
1015 3516 1056 3558 ne
1071 3493 1165 3559 heres
1178 3493 1279 3579 possit
1293 3493 1406 3558 uexari
1420 3493 1455 3557 in

350 3603 514 3680 posterum
541 3597 585 3674 ¹de
614 3597 752 3662 termino
780 3597 837 3661 illo
862 3596 950 3662 idem
975 3596 1138 3662 Robertus
1162 3594 1289 3660 custodi
1313 3593 1456 3660 reddidit

350 3700 584 3785 cyrographum
599 3700 685 3764 iuter
699 3723 753 3766 eos
767 3700 973 3778 confectnm⁸,
985 3710 1020 3765 et
1034 3699 1197 3764 Robertus
1211 3699 1333 3765 habeat
1347 3698 1456 3763 omnia

351 3823 447 3888 opera
461 3803 496 3868 in
510 3812 691 3891 autumpno
706 3826 874 3891 quousque
888 3804 1022 3870 bladum
1037 3803 1215 3889 colligatur.

229 3916 301 3984 107,
415 3903 545 3971 ‘Abbas
573 3905 614 3972 de
644 3907 798 3972 Watham
830 3905 916 3993 petit
944 3928 1059 3971 uersus
1095 3905 1260 3970 Simonem
1298 3904 1328 3969 le
1365 3904 1454 3982 Bret,

235 4018 291 4057 Une·
351 4005 530 4072 Henricurn
556 4008 597 4073 de
621 4007 763 4074 Gardino
785 4008 961 4074 Ricardum
986 4007 1090 4072 filium
1114 4006 1215 4084 Brini,
1238 4015 1274 4072 et
1298 4007 1454 4092 Magnum

204 4083 318 4132 'mm'
350 4110 454 4176 filium
484 4111 645 4199 Thurgoti
674 4113 811 4180 seruicia
840 4120 875 4178 et
904 4111 1154 4179 consuetudines
1183 4133 1264 4197 quas
1292 4111 1322 4176 ei
1352 4112 1455 4176 facere

381 4305 419 4340 Η
429 4307 622 4370 macomus
630 4325 677 4374 per
687 4310 834 4372 mortem,A‚
844 4310 875 4360 B.
958 4309 970 4340 ⁴
986 4309 1017 4360 Δ.
1030 4322 1067 4358 m.
1079 4309 1111 4357 18
1122 4307 1151 4367 ἃς
1169 4306 1200 4356 Β.
1212 4321 1248 4358 m.
1266 4305 1298 4354 14
1312 4304 1339 4354 d.
1371 4303 1423 4352 For
1437 4318 1455 4353 a

381 4371 393 4403 ²
409 4373 492 4430 utum,
503 4372 535 4436 Δ,
548 4371 578 4424 Β.
926 4375 993 4424 urar
1008 4378 1081 4435 sugo
1096 4373 1125 4423 ol
1144 4371 1198 4423 this
1215 4371 1318 4433 disputa
1334 4383 1375 4419 see
1388 4369 1454 4419 Cass

381 4435 393 4468 ⁸
408 4436 514 4500 Batops
524 4437 593 4489 here.
928 4441 985 4488 122.
