3342 5217
362 434 425 497 396
669 446 812 507 11111111,
834 445 898 494 nn.
925 432 1018 507 1231,
1040 445 1102 495 111
1128 433 1176 495 15.

362 620 426 684 nisi
441 642 516 684 eum
531 619 750 705 aquietauerit
764 618 849 683 inim
863 619 988 685 Pascha
1002 620 1088 706 quod
1102 619 1143 685 de
1159 619 1253 685 terris
1268 627 1301 685 et
1315 620 1356 684 de
1372 618 1471 684 catal-

362 724 402 788 lis
416 724 579 809 ipsorum¹
595 724 792 810 ubicumque
813 724 936 789 fuerint
956 726 1038 789 fiant
1052 724 1178 789 denarii
1192 725 1241 790 illi
1256 733 1290 789 et
1304 725 1474 789 soluantur

361 828 494 913 capitali
516 826 655 904 domino,
677 835 712 891 et
733 850 792 913 per
816 828 953 892 eandem
980 828 1146 913 pleuinam
1172 828 1359 914 manucapit
1385 828 1473 913 quod

361 932 425 997 nisi
440 930 577 1017 predicti
591 954 620 995 x.
636 931 691 995 sol
704 930 932 1015 persoluantur
946 930 1051 995 eidem
1068 932 1200 997 Hemeo
1215 932 1299 997 inlra
1313 941 1373 997 etc.
1385 931 1472 1018 quod

361 1036 461 1100 simili
483 1035 578 1099 modo
600 1036 682 1099 fiant
704 1034 828 1100 denarii
850 1036 900 1099 illi
921 1036 962 1101 de
987 1037 1082 1101 terris
1105 1046 1140 1101 et
1164 1038 1288 1102 catallis
1309 1037 1473 1123 ipsorum*

361 1141 539 1206 secundum
562 1141 649 1227 quod
670 1140 853 1227 predictum
876 1150 926 1205 est
949 1139 1045 1206 'fiant
1068 1140 1147 1206 dicti
1168 1142 1292 1207 denarii
1312 1151 1346 1207 et
1366 1142 1473 1207 eidem

362 1244 495 1310 Herueo
509 1242 762 1331 persoluentur⁸.

240 1360 311 1426 507,
427 1347 590 1434 Margeria
609 1347 676 1411 filia
697 1346 827 1413 Osberti
848 1369 906 1432 per
925 1355 1127 1412 ottomatum
1148 1370 1243 1413 suum
1258 1348 1344 1433 petit
1359 1370 1473 1412 uersus

221 1456 329 1499 fletam
363 1448 557 1535 Margeriam
582 1470 645 1533 que
672 1448 737 1512 fuit
762 1470 844 1511 uxor
870 1447 1001 1513 Osborti
1026 1449 1067 1512 de
1093 1448 1308 1534 Duningtona
1333 1472 1384 1513 xx.
1410 1472 1472 1514 acr.

363 1562 448 1618 terre
463 1562 497 1617 et
517 1552 628 1618 dimid.
648 1560 683 1616 et
705 1552 839 1617 terciam
862 1560 987 1637 partem
1005 1552 1030 1638 j.
1047 1553 1224 1618 molendini
1245 1576 1319 1618 cum
1341 1562 1421 1639 pert.
1437 1554 1473 1617 in

363 1658 584 1744 Duningtona,
609 1664 644 1722 et
668 1679 781 1721 uersus
811 1656 987 1721 Ricardum
1017 1656 1194 1722 Pauncelot
1220 1658 1274 1743 xij.
1299 1680 1359 1723 acr.
1387 1668 1472 1721 terro

363 1785 438 1827 cum
453 1770 533 1847 pert
548 1761 584 1825 in
600 1761 714 1826 eadem
729 1762 817 1839 uilla,
832 1770 866 1827 et
882 1784 995 1826 uersus
1009 1762 1204 1827 Mauricium
1220 1761 1412 1827 Underdun'
1426 1760 1472 1846 iij.

362 1890 424 1933 acr.
447 1876 532 1931 terre
558 1889 633 1931 cum
657 1874 738 1952 pert
760 1866 795 1930 in
818 1854 936 1931 eadem
954 1866 1042 1941 uilla,
1065 1875 1099 1931 et
1121 1890 1235 1931 uersus
1260 1867 1369 1952 plures
1393 1866 1474 1929 alios

363 1972 472 2057 plures
497 1980 599 2035 terras
626 1978 661 2033 et
686 1970 833 2035 redditus
857 1978 896 2035 ut
921 1970 973 2035 ius
999 1992 1093 2035 suum
1117 1978 1179 2035 etc.
1202 1969 1289 2034 unde
1313 1969 1384 2054 ipsa
1410 1968 1474 2033 fnit

247 2096 250 2101 ·
363 2076 398 2140 in
420 2073 539 2139 seisina
559 2082 706 2159 tempore
728 2075 829 2162 Regis
851 2074 982 2139 Ricanli
1004 2082 1042 2137 ut
1063 2073 1104 2139 do
1125 2072 1218 2138 leodo
1237 2082 1272 2138 et
1292 2073 1474 2159 1111000ρὶ-

364 2177 447 2244 endo
462 2185 521 2241 etc.

429 2281 473 2345 Et
488 2276 669 2366 Margaria⁴
683 2287 718 2343 et
734 2278 891 2344 Ricardus
906 2289 941 2344 et
955 2302 1066 2344 omnes
1081 2280 1137 2344 alii
1153 2280 1291 2345 ueniunt
1302 2286 1337 2343 et
1350 2284 1471 2342 uocant

363 2385 440 2450 inda
466 2383 508 2448 ad
534 2391 713 2447 warantum
740 2383 875 2447 Petrum
901 2383 1005 2448 filium
1033 2383 1163 2448 Osberti
1190 2382 1247 2468 qui
1269 2404 1400 2468 presens
1422 2390 1475 2445 est

364 2500 398 2554 et
420 2488 571 2553 omnibus
588 2486 812 2553 warentizauit
834 2497 870 2552 et
892 2488 1039 2554 defendit
1060 2489 1111 2553 ius
1133 2488 1235 2574 ipsius
1257 2486 1417 2573 Margaric
1439 2494 1474 2549 et

366 2601 473 2657 totum
487 2601 522 2656 et
537 2590 618 2655 dicit
632 2590 719 2675 quod
733 2590 803 2676 ipae
819 2599 939 2655 terram
954 2591 1044 2655 illam
1059 2591 1213 2657 habetat
1229 2591 1316 2655 lilius
1331 2600 1366 2655 et
1380 2591 1473 2654 heres

366 2696 497 2761 Osberti
512 2694 613 2780 patris
628 2694 679 2758 sui
694 2703 729 2758 et
743 2704 782 2760 ut
796 2694 887 2759 illam
902 2718 966 2781 qus
981 2695 1012 2760 ei
1031 2695 1198 2760 descendit
1218 2695 1288 2759 iure
1310 2693 1473 2767 hamdita2

366 2799 414 2863 rio
429 2806 464 2863 et
483 2797 570 2862 unde
590 2805 684 2883 pater
706 2820 784 2862 suus
806 2798 870 2863 fuit
896 2798 1026 2863 saisitus
1048 2799 1083 2862 in
1107 2797 1267 2863 dominico
1289 2820 1347 2861 suo
1370 2803 1410 2860 ut
1433 2795 1474 2859 de

366 2906 459 2971 feodo
474 2914 508 2969 et
523 2904 593 2969 iure
609 2912 754 2990 tempore
770 2906 871 2992 Regis
886 2906 1047 2991 Stephani
1062 2914 1096 2971 et
1117 2913 1187 2970 toto
1208 2914 1354 2990 tempore
1374 2903 1475 2989 Regis

368 3008 503 3072 Henrici
520 3008 576 3071 aui
596 3015 630 3072 et
653 3007 854 3093 temporibus
877 3008 976 3093 Regis
998 3008 1128 3073 Ricardi
1151 3017 1185 3073 et
1208 3017 1352 3093 tempore
1376 3006 1476 3093 Regis

366 3111 525 3177 Johannis
540 3112 606 3175 fere
621 3110 781 3195 usquead
795 3121 934 3177 mortem
954 3112 1053 3199 Regis
1067 3113 1091 3177 J
1092 3112 1227 3177 ohannis
1241 3120 1276 3175 et
1291 3110 1378 3175 unde
1393 3110 1475 3175 obiit

367 3216 497 3281 seisitus
513 3223 658 3301 tempore
674 3216 774 3301 Regis
788 3216 820 3281 J.

432 3320 477 3383 Et
492 3317 667 3405 Margena⁸
682 3317 763 3383 dicit
778 3319 864 3403 quod
876 3328 962 3383 teria
972 3320 1029 3385 illa
1043 3320 1121 3384 data
1135 3320 1199 3384 fuit
1213 3320 1248 3383 in
1263 3319 1473 3406 maritagium

367 3446 442 3489 cum
468 3445 508 3487 ea
532 3421 661 3487 cuidam
688 3422 785 3486 Petro
813 3421 854 3486 de
884 3422 983 3488 Peneo
1013 3423 1070 3509 qui
1099 3431 1218 3487 terram
1247 3423 1337 3486 illam
1366 3423 1476 3488 tenuit

367 3524 522 3611 quamdiu
539 3524 624 3589 uixit
638 3523 674 3588 in
688 3524 898 3609 maritagium
914 3547 987 3589 cum
1006 3548 1045 3590 ea
1064 3533 1099 3589 et
1120 3533 1192 3610 post
1212 3534 1350 3589 mortem
1372 3525 1475 3610 ipsius

367 3628 457 3692 Petri
472 3626 605 3691 nubsit⁸
619 3627 691 3713 ipsa
704 3627 832 3692 cuidam
848 3627 1009 3691 Willelmo
1024 3627 1090 3692 lilio
1106 3627 1237 3692 Osbeiti
1252 3627 1309 3713 qui
1324 3627 1475 3693 similiter

368 3740 487 3795 terram
513 3731 603 3795 illam
629 3732 738 3795 tenuit
761 3740 812 3796 set
836 3741 981 3817 tempore
1011 3731 1188 3795 senectutis
1214 3730 1316 3816 ipsius
1343 3730 1476 3795 Osberti

367 3834 469 3920 patris
478 3835 528 3900 sui
539 3858 653 3899 reuera
662 3836 755 3899 uenit
766 3836 854 3901 idem
867 3836 1024 3901 Osbeitus
1035 3844 1069 3900 et
1080 3835 1120 3899 de
1132 3834 1240 3922 gracia
1251 3842 1402 3919 receptus
1411 3836 1476 3899 fuit

364 3938 402 4003 in
414 3948 532 4003 terram
545 3938 634 4001 illam
646 3937 946 4004 011111111101111111...ἵ
958 3946 992 4001 et
1008 3938 1129 4002 ibidem
1145 3937 1226 4001 obiit
1241 3944 1276 4001 et
1290 3960 1355 4001 non
1370 3937 1475 4003 aliter.

401 4074 411 4105 ¹
427 4073 438 4105 ¹
454 4074 504 4123 Sic.
539 4071 595 4120 The
611 4070 687 4120 landa
704 4070 758 4120 and
772 4070 852 4133 goods
870 4073 899 4121 ol
981 4072 992 4105 ⁷
1009 4071 1064 4121 Tho
1072 4072 1142 4121 word
1151 4071 1224 4120 looks
1232 4070 1284 4120 like
1293 4073 1475 4128 exhibituum,-

369 4138 468 4187 Gilbert
480 4136 533 4185 and
544 4138 573 4186 ol
581 4136 624 4185 his
635 4142 724 4199 surety
734 4151 764 4186 01
775 4136 895 4187 1111111101.
948 4139 1051 4186 exhibeo
1074 4152 1134 4199 may
1156 4152 1234 4186 mean
1257 4141 1284 4185 to
1312 4141 1428 4198 support,
1447 4142 1476 4185 to

401 4202 440 4234 Η
457 4201 572 4265 Perhaps
589 4202 663 4252 these
678 4203 762 4253 words
778 4217 822 4253 arc
842 4202 893 4253 dis·
948 4202 1042 4263 supply
1064 4202 1127 4250 with
1151 4200 1323 4261 necessaries;
1352 4201 1477 4265 probably

367 4267 477 4317 located.
948 4268 1040 4315 Osbert
1052 4282 1104 4317 was
1116 4266 1231 4316 received
1247 4282 1276 4315 as
1293 4282 1309 4315 a
1325 4270 1410 4328 guest,
1429 4267 1476 4317 but

400 4334 412 4364 ⁴
429 4332 538 4381 Tenent.
946 4331 991 4381 the
1004 4332 1106 4393 copyist
1122 4332 1166 4381 did
1183 4337 1231 4382 not
1248 4332 1413 4382 understand
1430 4332 1475 4383 the

400 4397 602 4512 :gssmandant
944 4412 1061 4460 passage.
1164 4410 1168 4419 ·
