3342 5217
374 382 439 446 430
675 394 813 456 sesana,
835 394 900 445 ιι.
923 380 1018 454 1231,
1039 394 1102 443 ιιι
1127 382 1175 443 15.

374 566 455 632 exiit
476 565 609 653 quidam
631 566 765 645 Alenus,
779 574 815 631 et
837 566 879 631 de
901 566 1047 652 predicto
1069 567 1177 631 Alano
1197 564 1262 631 iste
1284 564 1401 631 Petrus
1422 563 1485 649 qui

373 692 460 737 nunc
474 671 603 749 clamat,
616 678 652 737 et
666 671 707 736 de
727 671 855 759 Rogero
873 670 982 736 medio
1001 672 1083 736 exiit
1102 672 1165 736 iste
1185 670 1303 736 Petms
1317 668 1375 757 qui
1393 690 1486 733 nunc

373 774 449 852 est¹,
470 773 558 839 unde
581 773 715 839 uidetur
740 773 772 838 ei
798 772 883 860 quod
909 794 970 839 nec
990 796 1112 861 magna
1131 774 1233 839 assisa
1253 794 1314 839 nec
1333 772 1486 838 duellum

372 877 458 943 iacet
477 878 565 943 inter
583 900 646 954 eos,
660 886 696 943 et
714 874 799 942 bene
821 876 904 942 dicit
925 876 1012 963 quod
1034 886 1106 943 tota
1126 886 1215 943 term
1234 877 1293 942 illa
1312 875 1429 942 debuit
1450 876 1487 940 ei

373 981 565 1047 descendere
580 982 615 1046 in
630 981 850 1047 hereditatem
865 1004 924 1068 per
934 982 1117 1068 predictum
1127 980 1263 1047 Petrum
1273 1004 1374 1047 auum
1381 1003 1485 1046 suum

373 1086 477 1151 lilium
492 1086 747 1174 primogenitum
762 1086 867 1173 ipsine
880 1084 987 1151 Alani

439 1188 482 1253 Et
497 1191 612 1255 Petrus
627 1187 714 1254 filius
728 1188 849 1276 Rogeri
859 1189 954 1254 uenit
967 1197 1003 1255 et
1017 1189 1100 1254 hene
1114 1188 1264 1254 concedit
1277 1186 1483 1275 parentelam

373 1296 407 1353 et
430 1288 618 1353 descensum
640 1296 692 1353 set
713 1288 797 1353 bene
819 1288 901 1354 dicit
926 1289 1014 1375 quod
1038 1289 1109 1374 ipse
1139 1289 1241 1354 nichil
1270 1289 1389 1353 clamat
1418 1310 1485 1354 nec

373 1393 496 1480 aliquid
517 1392 618 1458 habet
639 1415 699 1479 per
719 1392 910 1459 descensum
932 1393 1027 1458 illum
1048 1400 1084 1458 et
1104 1393 1188 1458 bene
1207 1391 1371 1480 cognoscit
1391 1392 1484 1478 quod

372 1496 537 1584 predictus
550 1496 676 1561 Alanus
690 1495 807 1562 habuit
823 1506 890 1562 tres
903 1496 987 1568 filios
1000 1494 1180 1561 secundum
1194 1495 1282 1582 quod
1295 1494 1484 1582 predictum

373 1608 423 1665 est
448 1608 483 1665 et
508 1600 689 1687 quemlibet
711 1600 856 1687 ipsorum
882 1600 1030 1665 leoffeuit
1058 1597 1100 1664 de
1128 1598 1309 1685 perquisito
1336 1620 1406 1676 suo,
1427 1608 1484 1664 set

373 1704 557 1769 Willelmus
582 1712 754 1791 postnatus
777 1704 870 1769 dedit
892 1713 1020 1790 purtem
1044 1726 1138 1769 suam
1159 1704 1287 1791 Regem
1307 1703 1401 1769 fratri
1422 1726 1486 1769 suo

373 1810 459 1895 patri
481 1810 576 1875 istius
597 1809 687 1874 Petri
709 1810 767 1895 qui
786 1818 888 1887 tenet,
903 1810 952 1875 ita
971 1809 1013 1874 de
1032 1808 1146 1874 eodem
1167 1808 1294 1896 Rogero
1312 1814 1407 1893 petre
1421 1830 1486 1873 suo

372 1913 540 1979 descendit
555 1914 618 1979 sibi
637 1914 811 2003 gardinum
830 1913 914 1979 illud
933 1920 968 1978 et
988 1913 1130 2000 mesuag’
1150 1912 1185 1977 in
1207 1912 1425 1979 hereditatem
1447 1922 1487 1977 et

373 2016 460 2082 unde
484 2016 565 2082 dicit
590 2016 677 2103 quod
700 2016 801 2083 nichil
825 2017 945 2083 clamat
970 2038 1030 2102 per
1054 2015 1245 2081 descensum
1267 2014 1309 2080 de
1332 2013 1485 2101 predicto

372 2122 478 2187 Alano
493 2122 556 2187 nisi
575 2130 708 2187 tantum
727 2120 769 2187 de
784 2123 1001 2198 leoffemento,
1014 2118 1067 2185 'et
1081 2121 1110 2185 si
1124 2120 1216 2185 cruia
1228 2120 1487 2185 considerauerit

373 2226 460 2311 quod
483 2226 628 2292 duellum
648 2249 714 2291 uon
732 2226 777 2291 sit
796 2227 885 2291 inter
904 2248 959 2291 eos
972 2224 1067 2312 ponit
1079 2247 1115 2289 se
1130 2225 1166 2289 in
1179 2246 1331 2311 magnam
1345 2224 1484 2289 amisum

373 2328 466 2394 Dom
490 2328 590 2417 Regis
611 2338 646 2395 et
667 2330 753 2416 petit
778 2328 1034 2416 recognicionem
1056 2327 1127 2394 fieri
1148 2336 1261 2393 utrum
1281 2327 1352 2414 ipse
1373 2328 1486 2393 maius

374 2431 426 2495 ius
447 2431 567 2497 habeat
586 2433 621 2497 in
640 2432 775 2520 gardino
794 2432 852 2497 illo
871 2442 907 2498 et
926 2434 1004 2497 mcs’
1020 2440 1059 2498 ut
1079 2432 1115 2497 in
1134 2431 1199 2498 illis
1212 2432 1300 2498 unde
1314 2431 1486 2518 predictus

375 2534 521 2621 Rogerus
546 2544 640 2622 peter
664 2558 743 2602 suus
768 2535 887 2601 habuit
916 2535 1127 2602 medietatem
1156 2536 1199 2602 de
1227 2534 1312 2602 dono
1339 2536 1486 2622 predicti

376 2639 474 2704 Alani
488 2640 573 2705 senis
587 2641 689 2726 patris
704 2641 756 2706 sui
770 2648 805 2705 et
824 2640 924 2705 aliam
944 2638 1155 2706 medietatem
1169 2641 1210 2706 de
1225 2640 1309 2707 dono
1322 2641 1486 2707 Willelmi

376 2742 484 2807 fratris
498 2742 601 2829 ipsius
615 2742 735 2831 Rogeri
749 2743 803 2808 cui
817 2742 984 2828 predictus
998 2743 1124 2808 Alanus
1138 2751 1232 2829 pater
1244 2742 1347 2829 ipsius
1360 2744 1487 2831 Rogeri

376 2846 467 2911 dedit
481 2846 692 2911 medietatem
707 2846 798 2911 illam
818 2854 858 2910 ut
875 2845 917 2910 de
931 2846 1109 2932 perquisito
1123 2868 1191 2922 suo,
1205 2868 1248 2911 ιιι
1262 2846 1350 2911 idem
1364 2845 1486 2912 Petrus

376 2949 463 3015 filius
476 2950 583 3016 Alani

441 3054 486 3119 Et
506 3054 547 3119 xl.
563 3054 618 3119 sol
634 3053 845 3141 recipiuntur,
865 3063 900 3119 et
918 3052 994 3119 ideo
1012 3062 1204 3140 preceptum
1225 3059 1276 3117 eet
1297 3051 1488 3118 uiceeomiti

376 3158 463 3245 quod
496 3158 532 3223 in
560 3158 658 3244 pleno
691 3158 850 3223 comitatu
885 3157 1044 3223 recordari
1072 3158 1172 3223 faciat
1200 3157 1362 3243 loquelam
1389 3157 1485 3222 illem

376 3262 517 3350 qualiter
537 3262 609 3349 ipsa
629 3262 771 3329 deducta
792 3263 857 3328 fuit
878 3264 914 3329 in
935 3264 1093 3329 comitatu
1115 3272 1151 3328 et
1172 3262 1339 3328 recordum
1361 3260 1488 3328 habeat

376 3388 434 3452 per
447 3365 504 3453 iiij.
520 3366 642 3431 milites
656 3364 698 3431 de
712 3366 872 3431 comitatu
888 3374 947 3431 etc

442 3470 487 3535 Et
508 3470 586 3556 quia
607 3469 781 3535 comitatus
802 3469 989 3535 recordatur
1014 3466 1101 3557 quod
1124 3469 1291 3556 predictus
1318 3468 1488 3555 Rogeros⁸

376 3572 485 3656 posuit
499 3594 534 3636 se
548 3572 584 3636 in
598 3594 751 3658 magnum
771 3571 905 3637 assisam
924 3571 959 3635 in
979 3571 1146 3648 comitatu.
1161 3571 1409 3638 Consideratum
1431 3582 1490 3637 est

377 3673 463 3760 quod
478 3696 596 3763 magna
609 3674 709 3740 assisa
722 3674 877 3760 procedat
890 3696 949 3760 per
963 3675 1064 3740 uerba
1077 3674 1232 3760 predicta

315 3836 322 3850 ,
440 3776 604 3841 Robertus
623 3777 664 3841 de
685 3777 829 3843 Markele
848 3777 1056 3842 athachiatus
1080 3777 1144 3842 luit
1163 3777 1205 3842 ad
1224 3775 1488 3864 respondendum

410 3962 509 4013 1ιιιΤι
510 3968 549 4013 nt
957 3965 992 4029 by
1008 3965 1169 4017 inheritance
1184 3964 1328 4028 endegree
1343 3963 1423 4015 about
1437 3964 1491 4017 the

409 4028 655 4079 'lntheffslllS
680 4042 736 4079 new
762 4029 907 4093 parsgmph
956 4029 1350 4093 pedigreetherecenbeuo
1315 4028 1492 4081 uoduelor

378 4044 896 4171 beginehsremrhtclesrlpthepeelo
832 4096 910 4144 ιιιι
956 4094 1491 4157 grandescimuetthmutterwillbe

378 4158 631 4223 PeiterthRoger
647 4164 782 4209 conutmee
784 4158 907 4209 ,There
956 4158 1168 4251 decidedbp‘wo
1136 4158 1491 4223 conntoountantendplen

378 4224 602 4287 msybebaemttl
610 4223 787 4287 deasiz
797 4224 907 4275 because
956 4225 1133 4287 pstrlemnnt
1141 4224 1490 4276 axtwiubsdeuidedm

378 4288 598 4366 thepartiea‚tho
598 4290 651 4351 ugh
666 4290 696 4339 ol
709 4302 760 4339 one
776 4288 907 4351 stochdo
956 4240 1001 4341 llis
1011 4240 1165 4404 plecdingi

379 4354 553 4429 notegreein
568 4352 907 4418 clsimingbyinheritanoe

379 4418 445 4466 from
403 4418 559 4480 omegien
527 4424 694 4469 ιιιοιιιιιιιι
728 4419 905 4482 litheyclsim
