3342 5217
505 443 646 502 nuanr,
669 439 733 490 an.
759 429 853 502 1999,
875 443 939 490 aa.
964 430 1014 490 13.
1249 423 1314 492 ’969

208 614 303 678 uxori
326 614 396 680 eius
415 615 605 702 petentibus
627 637 685 701 per
706 623 909 680 attornatum
932 638 1029 680 suum
1051 623 1085 679 et
1101 614 1264 679 Willelmo
1286 614 1317 679 le

211 716 290 782 Bret
306 717 440 782 tenenti

109 843 119 857 ·
152 875 159 888 .
276 818 450 883 ¹Ricardus
479 819 568 884 filius
597 819 723 906 Nigelli
752 820 875 905 optulit
910 842 945 884 se
974 828 1091 906 quarto
1121 819 1176 883 die
1204 841 1318 884 uersus
1389 828 1410 868 '⁰

210 923 368 987 Thomsm
384 923 543 988 Priorem¹
553 924 594 988 de
605 924 885 1011 Wyrnundesham
896 925 937 990 de
952 924 1072 1011 placito
1084 945 1184 1011 quare
1305 921 1318 953 ⁸

212 1027 244 1090 ei
265 1049 365 1090 unam
391 1049 493 1091 cerac.
518 1035 603 1091 terre
626 1050 701 1092 curn
724 1036 804 1113 pert.
829 1028 865 1092 in
886 1028 1165 1114 Wymundesham
1188 1027 1230 1092 de
1252 1049 1319 1113 qna

211 1137 298 1193 terra
312 1127 477 1214 predictus
498 1129 649 1216 Nigellus
663 1139 758 1215 pater
772 1131 874 1217 ipsius
888 1131 1020 1196 Ricardi
1034 1131 1127 1195 cuius
1141 1131 1234 1195 heres
1248 1131 1318 1216 ipse

210 1239 261 1296 est
276 1231 340 1296 fuit
360 1231 489 1296 scisitus
509 1232 544 1297 in
567 1232 726 1297 dominico
748 1255 806 1296 suo
828 1242 867 1298 ut
887 1233 931 1298 de
953 1234 1045 1299 feodo
1066 1233 1120 1298 die
1142 1257 1206 1320 quo
1228 1233 1318 1298 obiit.

211 1335 256 1399 Et
276 1333 367 1398 Prior
389 1358 453 1399 non
468 1335 562 1400 uenit
575 1344 611 1400 et
627 1336 709 1400 sum’
731 1345 800 1414 etc,
815 1346 851 1400 et
865 1359 947 1423 puer
961 1345 1011 1402 est
1033 1337 1117 1402 infra
1138 1345 1260 1402 etatem
1283 1347 1317 1401 et

209 1437 364 1524 cognouit
379 1439 467 1524 quod
481 1439 580 1504 debet
595 1440 761 1505 tancrede
783 1439 902 1517 Priore,
917 1453 952 1505 et
973 1441 1119 1505 nescitur
1137 1450 1250 1504 utrum
1273 1441 1317 1504 sit

208 1540 375 1627 socagium
399 1542 454 1605 uel
480 1541 610 1606 feodum
636 1542 786 1607 militare.
832 1543 877 1606 Et
900 1543 973 1608 ideo
999 1543 1090 1608 Prior
1115 1543 1318 1608 attachietur

209 1643 298 1728 quod
312 1643 356 1708 sit
370 1666 391 1708 a
405 1643 458 1708 dic
474 1643 584 1710 Pasch.
600 1643 636 1708 in
651 1667 753 1709 unum
769 1667 922 1711 mensem.

146 1811 153 1822 ,
275 1745 457 1812 ‘Galfridns
466 1745 507 1811 de
520 1747 691 1812 Clinctona
702 1747 787 1833 petit
796 1771 911 1812 uersus
919 1748 1085 1814 Abbatem
1096 1749 1137 1814 de
1147 1749 1318 1814 Rameseia
1376 1777 1406 1806 un

210 1873 311 1915 unam
326 1859 509 1916 carucatam
532 1859 617 1916 terre
632 1874 707 1916 curn
728 1853 938 1938 pertinenciis
958 1852 993 1917 in
1014 1853 1186 1919 Clinctona
1207 1863 1247 1917 nt
1266 1853 1318 1917 ius

209 1977 307 2018 suum
323 1963 382 2018 etc.
399 1954 485 2019 unde
501 1954 633 2040 quidam
649 1955 806 2020 Godricus
820 1964 1004 2021 antecessor
1016 1979 1096 2021 suus
1109 1957 1174 2021 fuit
1188 1957 1317 2022 seisitus

209 2057 246 2121 in
260 2056 421 2121 dominico
436 2078 494 2121 suo
510 2065 547 2120 ut
568 2057 609 2122 de
630 2057 722 2122 feodo
744 2067 779 2122 et
801 2058 871 2123 iure
894 2068 1038 2144 tempore
1061 2059 1196 2124 Henrici
1217 2059 1318 2145 Regis

209 2162 267 2227 aui
290 2161 447 2248 capiendo
473 2161 548 2226 inde
576 2161 708 2246 expleta
730 2161 775 2226 ad
800 2162 988 2227 welenciam
1016 2162 1128 2229 dimid„
1158 2185 1253 2228 marc.
1283 2172 1318 2227 et

209 2266 356 2352 predicto
371 2265 508 2330 Godrico
523 2264 690 2340 descendit
705 2266 757 2330 ius
772 2273 857 2330 terre
872 2265 968 2330 illius

278 2369 322 2433 Et
350 2368 461 2433 Abbas
484 2368 577 2432 uenit
599 2377 633 2432 et
655 2367 735 2432 dicit
757 2367 844 2453 quod
865 2391 931 2432 non
953 2367 1052 2432 debet
1072 2367 1116 2433 ad
1137 2369 1198 2433 hoc
1218 2368 1319 2434 breue

209 2473 404 2559 respondere
428 2472 505 2557 quia
524 2471 610 2536 idern
627 2472 791 2538 Galfridus
810 2473 896 2558 petit
915 2495 1013 2537 unam
1029 2481 1212 2537 carucatam
1234 2480 1319 2536 terre
1378 2489 1381 2497 ·

211 2600 286 2642 curn
301 2576 511 2663 pertinenciis
526 2576 561 2640 in
576 2576 722 2661 predicta
736 2575 824 2654 uilla,
840 2585 875 2641 et
889 2575 1062 2642 aduocacio
1085 2577 1218 2642 ecclesie
1232 2577 1320 2641 illius

210 2681 291 2746 uille
306 2689 357 2744 est
372 2680 412 2744 de
434 2679 643 2766 pertinenciis
663 2680 751 2744 illius
771 2688 920 2744 carueate
944 2689 1038 2758 terre,
1053 2690 1087 2745 et
1111 2681 1238 2746 desicut
1256 2703 1322 2746 non

211 2785 334 2871 excipit
349 2784 384 2849 in
405 2784 499 2849 breui
520 2807 578 2850 suo
600 2807 659 2848 nec
683 2785 717 2848 in
741 2785 926 2849 narracione
950 2785 1198 2850 aduooacionem
1221 2785 1320 2861 illam,

209 2912 276 2954 non
291 2890 348 2954 wlt
362 2888 554 2975 respondere
569 2887 610 2952 ad
625 2886 686 2952 hoc
702 2887 800 2953 breue
815 2887 880 2951 nisi
893 2887 984 2952 curia
997 2887 1257 2953 considerauerit.

277 2995 322 3058 Et
338 2993 503 3058 Galfridus
518 2992 598 3057 dicit
613 2992 699 3078 quod
714 3014 828 3056 reuera
848 2991 934 3076 petit
953 3000 1058 3056 totarn
1080 3002 1200 3056 ternam
1223 3014 1321 3077 quam

209 3099 324 3163 Abbas
339 3105 431 3162 tenet
445 3097 481 3160 in
497 3097 609 3162 eadem
625 3095 706 3159 uilla
725 3118 798 3160 curn
820 3096 1038 3181 pertinenciis,
1053 3105 1104 3160 set
1125 3119 1191 3160 non
1212 3097 1321 3182 posuit

209 3201 247 3266 in
262 3201 336 3266 uisu
352 3199 600 3264 aduocacionem
616 3221 675 3262 nec
690 3198 814 3284 aliquid
828 3199 948 3263 clamat
962 3197 1003 3263 de
1018 3198 1239 3263 adnooacione

278 3305 322 3368 Et
353 3305 430 3390 quia
451 3303 617 3369 Galfridns
639 3303 802 3389 cognoscit
824 3303 911 3388 quod
933 3303 1052 3368 clamat
1075 3311 1178 3367 totam
1201 3311 1320 3367 terram

210 3429 310 3492 quarn
347 3406 461 3470 Abbas
492 3413 585 3470 tenet
623 3405 658 3470 in
689 3403 803 3469 eadem
834 3405 916 3468 uilla
944 3428 1019 3469 oum
1048 3405 1256 3490 pertinenciis
1285 3414 1320 3469 et
1358 3421 1436 3462 ms.

209 3508 383 3574 aduocacio
407 3517 457 3573 est
475 3507 515 3573 de
536 3507 745 3594 pertinenciis
765 3517 799 3573 et
821 3531 887 3572 non
909 3509 1037 3594 excepit
1060 3530 1132 3572 eam
1154 3509 1190 3572 in
1212 3508 1320 3585 breue,

208 3611 286 3676 ideo
314 3610 554 3675 consideratum
577 3618 628 3674 est
651 3609 737 3696 qnod
758 3610 872 3674 Abbas
893 3632 958 3674 non
980 3609 1173 3696 respondeat
1195 3610 1238 3675 ad
1260 3611 1320 3675 hoc

207 3716 320 3793 breue,
335 3723 370 3780 et
393 3714 466 3780 ideo
489 3714 600 3781 Abbas
624 3715 700 3779 inde
725 3715 793 3780 sine
818 3715 871 3780 die
893 3725 928 3779 et
952 3714 1116 3780 Galfridus
1138 3716 1173 3780 in
1197 3716 1320 3781 miseri-

208 3817 328 3884 cordia

276 3919 1142 4010 ‘RannulfusfiliusHenricipetituersusWillelmum
1153 3923 1320 3988 Britonem
1343 3946 1471 3986 somma.

243 4131 253 4162 ¹
271 4130 347 4179 A.m.
361 4131 385 4180 9.
792 4129 947 4191 apparently
966 4128 1000 4191 hy
1016 4128 1072 4177 him
1089 4128 1147 4178 who
1170 4129 1258 4178 acored
1275 4130 1320 4180 the

241 4198 253 4227 ¹
271 4196 392 4252 Priorem,
405 4193 533 4256 repeated.
792 4195 851 4242 roll.
884 4193 898 4242 I
918 4193 994 4242 think
1012 4195 1125 4244 Bracton
1144 4194 1228 4243 would
1254 4195 1320 4245 hare

241 4259 394 4309 ’Ablanla
427 4259 601 4322 deforciot,A.
792 4259 849 4308 said
870 4257 930 4307 that
945 4258 1017 4307 there
1033 4273 1087 4308 was
1106 4260 1199 4308 ‘error’
1216 4259 1278 4310 here
1299 4261 1322 4309 it

241 4327 254 4358 ⁴
272 4325 303 4376 A.
317 4339 354 4372 m.
367 4327 382 4374 9
394 4323 420 4372 d.
793 4323 839 4372 the
857 4323 943 4373 Abbot
961 4322 1015 4372 had
1033 4322 1145 4386 nothing
1161 4323 1189 4373 in
1208 4323 1254 4375 the
1274 4325 1319 4376 ad·

241 4391 295 4439 ‘et
317 4391 401 4438 Abba
420 4390 502 4438 nichil
524 4397 589 4438 terret
608 4391 638 4438 de
665 4389 740 4438 aduo-
793 4388 1091 4445 vowson3seef.433b.

206 4458 322 4510 cacione.
335 4453 437 4503 written
449 4455 476 4502 iu
492 4453 536 4502 tho
554 4455 654 4515 margin
672 4455 701 4503 ol
720 4455 741 4502 A
825 4455 836 4485 θ
852 4457 882 4501 Δ.
894 4467 929 4502 m.
942 4453 995 4504 ed.
