3342 5217
328 132 362 176 se
378 110 554 176 essoniauit
568 109 610 176 ad
625 110 712 175 diem
727 110 838 187 istum,
854 117 888 176 et
907 110 1008 177 habet
1028 112 1116 179 diem
1137 136 1196 201 per
1210 116 1437 182 essoniatorem

328 237 431 279 suum.
478 215 522 279 Et
536 214 648 280 Abbas
662 235 720 300 per
734 222 938 280 attomatum
958 238 1054 282 suum
1073 219 1237 304 cognoscit
1260 220 1345 306 quod
1367 221 1438 306 ipse

328 318 522 384 Lambertus
537 326 629 383 tenet
643 318 684 383 de
700 318 770 404 ipso
785 320 1020 397 Bartholomeo‚
1036 330 1071 386 et
1086 321 1159 387 ideo
1174 322 1216 389 ad
1235 324 1322 390 diem
1340 347 1438 390 suum

327 423 519 508 procedatur
533 422 575 489 ad
589 422 747 488 iudicium
762 446 876 489 uersus
891 425 983 489 eum¹
995 448 1033 491 eo
1044 426 1131 514 quod
1140 428 1298 494 iuratores
1308 430 1438 517 acquie-

327 535 400 592 tant
415 536 523 593 totum
539 536 764 593 tenementum
779 529 882 614 ipsius
897 530 1119 599 Bartholomei
1134 530 1174 597 de
1190 541 1279 599 secta
1292 533 1355 599 illa
1375 532 1380 621 Ι

270 709 275 721 ι
392 632 503 697 Assisa
518 632 610 698 uenit
630 633 837 719 recognitum
856 633 884 699 si
907 633 930 698 J
932 635 1075 701 ohannes
1095 636 1136 701 de
1159 638 1322 702 Bereuilla
1343 646 1439 723 pater

327 735 386 800 Ele
401 736 509 801 uxoris
524 736 684 801 «Iohannis
698 737 729 801 le
744 737 912 823 Butyllere
928 747 963 803 et
984 739 1154 804 Matillidis
1175 741 1283 805 uxoris
1300 741 1439 807 Roberti

326 838 367 904 de
383 840 563 907 Hellebeok
578 841 642 906 fuit
656 842 786 907 seisitus
801 842 836 907 in
856 842 1017 908 dominico
1037 866 1095 909 suo
1115 852 1153 909 ut
1173 844 1214 909 de
1235 844 1327 911 feodo
1350 844 1392 911 de
1410 846 1437 931 j.

326 944 407 1033 uirg.
424 953 508 1010 terre
523 968 598 1011 curn
613 954 693 1031 pert.
709 946 745 1011 in
760 946 964 1012 Middletona
981 946 1034 1013 die
1054 957 1124 1026 etc,
1145 956 1180 1013 et
1199 948 1227 1013 si
1248 957 1317 1026 etc,
1337 970 1436 1035 quam

327 1057 446 1114 terram
474 1048 631 1115 Ricardus
654 1049 695 1114 de
721 1048 854 1137 Wemge
882 1059 916 1116 et
939 1050 1011 1116 Eue
1036 1074 1116 1117 uxor
1141 1052 1210 1117 eius
1233 1060 1356 1133 tenent,
1379 1055 1437 1140 qui

327 1151 467 1216 ueniunt
486 1161 521 1218 et
540 1160 658 1217 uocant
678 1151 721 1217 ad
741 1161 923 1219 warantum
945 1153 1052 1219 Adam
1075 1154 1117 1219 de
1138 1154 1300 1221 Bereuilla
1321 1165 1356 1221 et
1378 1157 1437 1242 qui

327 1256 374 1320 eis
388 1256 576 1321 warantizat
590 1263 625 1319 et
640 1254 739 1320 nichil
754 1254 835 1321 dicit
850 1279 949 1343 quare
964 1259 1065 1323 assisa
1079 1266 1255 1337 remaneat,
1270 1260 1333 1324 nisi
1347 1260 1436 1346 quod

326 1359 408 1425 dicit
431 1360 518 1447 quod
541 1360 707 1426 «Iohannes
732 1382 797 1424 non
828 1360 909 1426 obiit
935 1361 1011 1427 inde
1036 1361 1168 1428 scisitus
1192 1363 1270 1449 quia
1295 1364 1436 1449 quedam

202 1544 205 1549 ,
326 1463 444 1529 mulier
468 1463 558 1528 illam
584 1471 663 1529 tunc
689 1464 798 1529 tenuit
823 1465 859 1529 in
886 1464 1004 1531 dotem.
1050 1467 1142 1533 Dicit
1164 1467 1266 1533 eciam
1292 1467 1378 1555 quod
1400 1468 1437 1533 in

325 1569 442 1634 itinere
457 1568 593 1633 aliorum
608 1568 857 1634 iusticiariorum
874 1569 949 1635 finis
965 1570 1070 1637 factus
1086 1571 1149 1636 suit
1163 1570 1204 1636 de
1219 1570 1334 1637 eadem
1348 1582 1438 1638 terra

325 1676 421 1742 simul
451 1697 525 1741 cum
555 1675 695 1761 quadam
725 1675 829 1741 alters
852 1684 938 1741 terra
964 1699 1141 1764 perquem
1164 1676 1262 1743 finem
1285 1678 1435 1763 quietum

325 1780 481 1846 clamauit
509 1786 616 1843 totum
646 1778 713 1843 ius²
741 1801 846 1843 suum.
894 1779 938 1844 Et
967 1780 1141 1861 Johannesy
1163 1787 1197 1845 et
1229 1780 1289 1845 Ele
1318 1782 1436 1847 etalii

324 1883 439 1950 dicunt
454 1883 540 1971 quod
554 1883 595 1949 de
611 1893 698 1949 term
714 1882 772 1948 illa
792 1906 970 1970 numquam
991 1885 1066 1950 finis
1088 1885 1192 1950 factus
1215 1885 1279 1949 fuit
1301 1894 1335 1950 et
1357 1886 1436 1951 inde

325 1996 451 2075 ponunt
466 2011 500 2053 se
520 2010 618 2074 super
636 1988 785 2066 iuratam,
800 1996 835 2053 et
857 1987 943 2074 quod
966 1988 1053 2053 idem
1075 1988 1098 2053 J
1099 1988 1242 2053 ohannes
1264 2010 1329 2053 non
1352 1988 1437 2055 obiit

324 2093 400 2159 inde
412 2093 548 2159 seisitus

389 2197 558 2263 Juretores
583 2196 698 2262 dicunt
720 2196 806 2283 quod
831 2194 972 2283 quedam
999 2196 1152 2261 Asoelina
1172 2218 1311 2261 nouerca
1332 2196 1437 2283 ipsius

324 2301 485 2368 Johannis
500 2300 609 2366 tenuit
628 2298 718 2365 illam
738 2299 820 2387 uirg.
838 2308 923 2365 terre
945 2299 979 2365 in
1001 2299 1112 2365 dotem
1134 2320 1219 2363 anno
1238 2308 1274 2365 et
1293 2298 1347 2364 die
1370 2321 1436 2385 quo

324 2407 412 2472 idem
426 2406 593 2471 iohannes
607 2404 671 2469 fuit
685 2404 784 2469 uiuus
799 2413 833 2470 et
848 2413 996 2471 mortuus
1010 2404 1059 2469 ita
1078 2403 1165 2490 quod
1180 2425 1244 2469 non
1259 2403 1341 2469 obiit
1356 2403 1435 2469 inde

324 2509 461 2576 scisitus.
509 2511 553 2574 Et
571 2508 645 2573 ideo
665 2507 904 2573 consideratum
924 2507 1081 2594 estquod
1101 2506 1175 2573 Ada
1194 2506 1270 2573 inde
1286 2507 1355 2573 sine
1371 2507 1437 2587 die,

324 2623 359 2680 et
372 2614 540 2680 iohannes
554 2622 590 2679 et
604 2613 766 2679 Robertus
781 2614 816 2679 in
830 2612 1054 2679 misericordia

269 2765 274 2777 .
390 2717 483 2783 Eudo
497 2717 538 2782 de
555 2716 755 2803 Kalethorpe
769 2716 892 2801 optulit
906 2738 941 2781 se
955 2716 1011 2802 iiij.
1028 2715 1081 2782 dic
1093 2736 1205 2781 uersus
1215 2714 1354 2780 Alicism
1371 2737 1436 2801 que

197 2815 230 2854 '⁰¹
324 2822 389 2887 fuit
403 2843 484 2886 uxor
499 2820 644 2906 Philippi
657 2819 698 2884 de
719 2819 839 2907 placito
860 2818 995 2885 manerii
1013 2817 1054 2883 de
1074 2816 1239 2903 Thoresby
1258 2817 1344 2905 quod
1362 2817 1436 2905 ipsa

324 2925 479 2990 clamauit
508 2924 543 2989 in
574 2924 683 2989 dotem
714 2944 827 2989 uersus
858 2945 941 2990 eum
988 2922 1032 2987 Et
1057 2922 1165 2987 Alicio
1185 2944 1250 2987 non
1273 2922 1375 3001 uenit,
1398 2934 1435 2987 et

323 3030 403 3095 alias
418 3038 500 3116 aput
514 3028 715 3095 Lincclniam
730 3027 896 3115 respondit
911 3028 942 3093 ei
957 3026 1044 3093 idem
1067 3026 1160 3091 Eudo
1180 3025 1267 3112 quod
1281 3025 1387 3091 noluit
1402 3027 1435 3091 ei

324 3133 516 3220 respondere
534 3132 604 3197 sine
625 3140 768 3197 weranto
789 3155 848 3197 suo
866 3132 906 3197 de
927 3132 1003 3197 dote
1023 3152 1083 3197 sua
1106 3139 1140 3196 et
1162 3130 1247 3195 dixit
1263 3130 1351 3216 quod
1370 3131 1435 3196 fuit

324 3238 533 3303 Noumennus
547 3244 582 3302 et
596 3258 660 3301 non
681 3237 745 3301 fuit
765 3237 806 3302 ad
827 3236 925 3301 fidem
949 3237 1043 3302 Dom.
1062 3235 1162 3322 Regis
1184 3243 1243 3300 etc
1289 3234 1334 3299 Et
1355 3235 1435 3321 quia

323 3342 410 3408 idem
426 3350 588 3407 warantus
602 3364 666 3407 non
682 3350 732 3406 est
746 3343 789 3407 ad
808 3364 920 3428 pacem
942 3342 1036 3406 Dom.
1058 3341 1157 3427 Regis
1179 3362 1239 3406 nec
1259 3339 1301 3405 ed
1324 3339 1435 3415 fidem,

323 3447 396 3512 ideo
421 3445 659 3511 consideratum
690 3455 740 3511 est
769 3445 856 3532 quod
885 3446 916 3511 ei
945 3466 1010 3510 non
1039 3443 1280 3531 respondeatur,
1302 3452 1337 3509 et
1359 3443 1434 3510 ideo

325 3550 417 3615 Eudo
439 3550 509 3615 sine
533 3548 586 3615 die
608 3557 668 3615 etc.
693 3548 795 3615 donec
820 3548 908 3614 idem
930 3555 1094 3613 warantus
1118 3546 1231 3612 ueniat
1252 3544 1295 3611 ad
1318 3568 1432 3631 pacem

324 3656 418 3720 Dom.
434 3654 543 3742 Regis,
558 3663 592 3719 et
608 3653 709 3718 donec
724 3654 816 3717 Dom.
833 3652 904 3716 Rex
920 3650 1010 3717 aliud
1024 3649 1227 3736 preceperit⁸.

356 3873 494 3969 :damnet
505 3874 653 3950 tfieAbbot.
904 3872 961 3921 The
977 3870 1066 3921 widou
1084 3868 1136 3919 will
1151 3872 1200 3949 not
1215 3874 1259 3931 get
1279 3868 1327 3919 her
1348 3868 1433 3949 dorset

358 4004 369 4035 ⁸
384 3938 622 4061 {semipotpphpegsstgp
632 3940 850 4054 pptpptphtpp.em
903 3939 979 4051 diiii
984 3936 1370 4063 wprgepbffisgrgfflm,
1389 3950 1431 3987 m
