3342 5217
363 453 426 514 124
675 466 816 527 ιιιιιιιι,
840 466 907 517 sn.
930 453 1024 529 1222,
1046 467 1109 516 nn
1132 455 1161 518 6.

361 639 447 727 quod
477 640 634 706 Ricardus
663 649 717 706 eat
745 641 821 706 inde
852 642 984 728 quietus
1012 643 1083 729 ipse
1112 650 1146 707 et
1180 641 1315 708 heredes
1343 641 1396 707 sui
1424 641 1465 705 de

361 741 506 806 Waltero
536 750 570 807 et
606 743 779 808 heredibus
808 743 876 808 suis
911 745 1144 830 inperpetuum
1173 753 1208 810 et
1238 743 1402 808 Walterus
1430 743 1466 808 in

361 843 585 910 misericordia.

305 999 311 1015 .
426 947 619 1035 Preceptum
646 947 710 1012 fuit
735 948 920 1014 uicecomiti
943 948 1030 1035 quod
1058 972 1117 1035 per
1144 957 1381 1014 sacramentum
1410 972 1468 1035 ap-

361 1052 497 1138 preciari
511 1053 630 1118 faceret
644 1061 748 1117 totam
764 1061 883 1117 terram
902 1075 1000 1138 quam
1016 1053 1134 1118 Vitslis
1158 1053 1304 1140 Engonn'
1325 1061 1417 1117 tenet
1431 1052 1467 1117 in

361 1157 565 1244 Upministre
581 1166 650 1222 tam
672 1158 707 1222 in
729 1157 900 1222 dominicis
921 1165 956 1222 et
978 1157 1012 1222 in
1034 1158 1181 1222 seruiciis
1202 1165 1237 1222 et
1259 1158 1294 1222 in
1316 1158 1467 1222 omnibus

361 1261 433 1325 aliis
454 1261 551 1326 rebus
573 1270 632 1326 etc
656 1261 748 1326 cuius
770 1262 914 1326 uelorem
934 1262 1079 1348 exceptis
1098 1262 1139 1326 xl
1160 1261 1249 1326 solid
1271 1270 1357 1326 terre
1379 1261 1465 1326 idem

361 1363 480 1428 Vitalis
509 1363 664 1428 concessit
693 1363 879 1429 Theobeldo
908 1363 949 1428 de
979 1364 1083 1429 Kicel'
1113 1372 1147 1429 et
1176 1365 1250 1428 Ade
1278 1363 1372 1428 uxori
1397 1363 1467 1427 eius

361 1467 397 1532 in
420 1467 603 1554 Layintone
625 1468 659 1532 in
683 1468 841 1532 comitatu
863 1468 1124 1554 Norbamptonie
1146 1467 1213 1532 ten'
1234 1468 1365 1532 nominc
1381 1467 1468 1532 dotis

361 1577 433 1635 tots
453 1571 525 1635 uite
547 1570 692 1635 eiusdem
713 1570 794 1634 Ade.
840 1571 884 1634 Et
909 1570 1088 1634 uicecomes
1111 1570 1281 1635 mandauit
1303 1570 1389 1656 quod
1410 1593 1468 1657 ep·

361 1675 517 1760 preciacio
533 1682 582 1738 est
597 1675 638 1759 xj
656 1674 724 1739 libr.
742 1683 776 1738 et
791 1674 833 1759 xj.
850 1674 939 1739 solid.
960 1682 1012 1739 set
1034 1674 1111 1760 quia
1130 1673 1263 1739 uidetur
1281 1674 1469 1739 iusticisriis

198 1777 252 1865 ¹³⁹ss
238 1779 340 1864 *⁹⁹³⁸*
308 1781 448 1867 u,quod
470 1780 668 1866 appreciocio
691 1780 800 1844 minus
822 1779 1021 1844 sufficienter
1042 1780 1129 1858 facta
1149 1786 1199 1842 est
1220 1777 1264 1843 ad
1283 1777 1467 1864 porcionem

198 1825 307 1912 35⁰¹?
291 1876 324 1912 ²⁰⁸
360 1883 538 1948 Theobaldi
566 1891 601 1947 et
630 1882 739 1947 uxoris
768 1882 838 1946 eius
863 1880 1005 1967 appositi
1033 1888 1112 1944 sunt
1140 1903 1191 1944 xx
1216 1881 1281 1957 sol,
1306 1881 1356 1945 ita
1381 1880 1467 1966 quod

360 2009 487 2051 summa
506 1994 556 2050 est
578 1985 632 2071 xij.
655 1986 725 2051 libr.
748 1992 782 2050 et
802 1986 845 2070 xj.
868 1986 933 2062 sol,
948 1993 982 2048 et
1004 1984 1077 2049 ideo
1099 1993 1288 2069 preceptum
1309 1993 1359 2048 est
1381 1985 1469 2049 uice

359 2089 471 2154 comiti
486 2088 744 2175 Norhomptonie
759 2089 845 2174 quod
860 2110 918 2173 per
932 2087 1040 2151 uisum
1063 2087 1218 2172 legalium
1238 2096 1297 2151 etc
1321 2087 1362 2152 de
1382 2096 1470 2151 terro

359 2193 461 2279 ipsius
476 2191 595 2256 Vitalis
609 2192 644 2255 in
659 2192 842 2256 Lexintona
855 2190 978 2254 eisdem
992 2189 1156 2276 assignare
1176 2197 1211 2254 et
1231 2190 1350 2255 habere
1370 2191 1468 2256 faciat

360 2319 389 2358 x.
405 2295 474 2360 libr.
491 2303 524 2358 et
540 2295 582 2379 xj.
597 2293 686 2358 solid.
702 2301 787 2358 terre
803 2301 838 2357 et
857 2301 1006 2379 preterea
1025 2300 1213 2378 competens
1230 2293 1412 2380 mesogium
1432 2301 1467 2357 et

361 2397 440 2482 quid
470 2404 504 2460 et
533 2397 591 2461 ubi
620 2404 654 2460 et
683 2419 741 2481 per
769 2418 850 2481 quas
879 2395 1054 2481 particulas
1083 2394 1130 2459 eis
1156 2405 1276 2460 terrem
1301 2396 1392 2460 illam
1417 2419 1468 2460 as·

361 2499 547 2586 signauerit,
562 2499 642 2564 scire
662 2500 760 2564 faciet
777 2499 971 2566 iusticierios
991 2508 1051 2565 etc.
1072 2499 1243 2565 euidenter
1261 2508 1296 2564 et
1315 2500 1469 2564 distincte

361 2625 420 2689 per
433 2603 543 2668 literas
557 2626 632 2667 suas
647 2611 707 2668 etc.

305 2748 311 2762 ·
426 2709 609 2774 Rennulfus
637 2708 724 2773 filius
747 2708 883 2773 Henrici
908 2731 967 2794 per
995 2716 1198 2773 attornetum
1225 2731 1321 2773 suum
1347 2707 1468 2795 optulit

291 2809 308 2837 ⁸·
362 2835 395 2878 se
411 2834 524 2878 uersus
538 2813 743 2878 Gilebertum
758 2813 798 2877 de
815 2813 927 2878 Gount
947 2813 988 2878 de
1003 2813 1123 2898 placito
1142 2811 1183 2876 de
1204 2812 1258 2898 lvj.
1279 2811 1361 2876 acris
1383 2821 1468 2875 terre

361 2939 435 2980 cum
465 2915 673 3002 pertinenciis
701 2915 737 2979 in
771 2915 864 2980 Rich’
901 2937 982 3001 quas
1012 2914 1100 2979 idem
1133 2914 1320 2980 Gilebertus
1348 2915 1468 2980 clamet

360 3040 474 3084 uersus
496 3041 571 3082 eum
594 3026 633 3083 ut
654 3017 706 3082 ius
726 3040 823 3082 suum
846 3026 908 3082 etc.
952 3018 996 3081 Et
1019 3017 1204 3082 Gilebertus
1230 3040 1295 3082 non
1319 3018 1412 3082 uenit
1433 3025 1468 3082 et

199 3127 337 3260 Jffffiffi
361 3119 478 3184 habuit
504 3119 626 3184 diem
616 3142 652 3183 m
677 3119 779 3184 banco
803 3119 852 3184 ite
878 3119 964 3205 quod
987 3118 1075 3183 idem
1102 3119 1168 3205 po'¹
1197 3141 1232 3184 se
1257 3119 1292 3184 in
1314 3143 1468 3234 magnam

240 3221 334 3308 spur
361 3221 493 3286 assisam
509 3229 568 3285 etc.
585 3243 698 3286 uersus
713 3243 789 3285 eum
805 3228 874 3299 etc,
889 3229 940 3285 sot
954 3221 1033 3306 quic
1051 3221 1225 3285 inuentum
1239 3230 1290 3286 est
1311 3223 1346 3287 in
1363 3223 1469 3287 rotulo

199 3279 275 3401 “iiio
259 3278 334 3435 1111,
363 3324 522 3390 Willelmi
550 3324 591 3389 de
622 3324 765 3389 Eboraco
795 3323 881 3410 quod
907 3323 976 3388 dies
1001 3324 1098 3388 datus
1127 3325 1243 3389 fuit'
1215 3347 1262 3389 ers
1290 3333 1351 3391 etc
1376 3324 1470 3389 etin
1496 3383 1498 3387 ,

199 3406 279 3456 “⁹⁰¹²
362 3428 512 3493 omnibus
525 3428 597 3492 eliis
611 3428 726 3493 rotulis
741 3427 916 3492 inuentum
931 3435 981 3492 est
996 3427 1083 3513 quod
1097 3427 1168 3493 dies
1182 3429 1275 3493 fuit
1265 3451 1301 3494 ιιι
1320 3431 1382 3494 oct’
1398 3439 1469 3506 etc,

362 3531 459 3596 datus
487 3539 538 3596 est
567 3530 673 3595 eidem
702 3531 866 3596 Rannulfo
895 3531 965 3596 dies
994 3540 1053 3597 etc.
1084 3541 1119 3597 et
1148 3543 1228 3598 tunc
1256 3533 1413 3599 allocetur
1437 3533 1470 3598 ei

241 3655 310 3705 [ιιι]
362 3635 484 3699 defalta
498 3635 527 3699 si
540 3657 603 3721 que
619 3635 725 3701 fuerit.
746 3634 752 3721 Ι

241 3746 314 3808 150,
427 3735 534 3800 Adam
560 3736 592 3799 le
615 3735 797 3822 Desponser
822 3744 857 3801 et
883 3737 1044 3802 Katerina
1072 3760 1154 3802 uxor
1181 3737 1252 3802 eius
1280 3737 1471 3802 summoniti

242 3843 308 3884 Μ
363 3838 495 3903 fuerunt
510 3838 552 3904 cd
574 3840 832 3926 respondendum
853 3841 1031 3906 Benedicto
1052 3841 1164 3928 nepoti
1183 3849 1218 3906 et
1238 3842 1350 3906 heredi
1370 3841 1471 3906 Bricii

362 3939 403 4004 de
442 3941 650 4027 Stibbeheye,
678 3942 720 4007 de
749 3942 1034 4008 admensurecione
1063 3944 1150 4009 dotis
1179 3944 1283 4030 ipsius
1312 3945 1471 4009 Katerine

362 4042 520 4108 delibero
535 4051 723 4109 tenemento
737 4045 824 4130 quod
846 4047 910 4110 fuit
927 4046 1068 4132 predicti
1087 4047 1188 4112 Bricii
1209 4047 1250 4112 de
1271 4047 1472 4133 Stibbeheye

364 4145 525 4231 quondam
541 4147 605 4212 uiri
626 4148 685 4225 sui,
701 4148 787 4213 unde
810 4149 897 4214 idem
918 4150 1116 4216 Benedictus
1133 4153 1283 4238 queritur
1302 4152 1390 4238 quod
1408 4153 1473 4238 ipsi

396 4325 532 4378 ¹Probobl
532 4333 650 4394 yposoit.
939 4332 1276 4410 cndbishopolSclisbury‚
1285 4333 1471 4393 wosseemina·

396 4392 470 4442 ’See
492 4344 650 4446 13111352
672 4396 696 4446 b.
730 4397 846 4450 Willism
864 4399 894 4449 oi
942 4399 969 4462 ly
979 4399 1073 4449 atthis
1089 4400 1152 4449 time
1167 4414 1183 4449 (ι
1199 4399 1268 4448 clerlr
1284 4401 1314 4449 of
1328 4399 1373 4451 the
1387 4405 1470 4458 court,

363 4457 431 4508 York
434 4459 891 4528 ,afterwardscdistinguishedjudgs
941 4465 1053 4528 perhaps
1065 4463 1109 4514 the
1120 4467 1299 4528 protonotch.
