3342 5217
403 463 544 549 [Ηιιαιςι
565 459 633 527 ιιι
655 460 781 537 saror,
804 474 869 524 ιι).
893 460 985 537 rens,
1008 472 1072 525 aa
1096 423 1159 543 rs]
1269 463 1329 525 ιιι

225 654 363 718 bonatus
392 658 477 715 terre
503 657 537 713 et
562 647 627 712 duo
651 646 818 732 mesuagia
840 669 915 710 cum
940 653 1023 732 pert.
1045 645 1081 710 in
1104 646 1271 712 Linoolnia
1293 659 1332 713 ut

225 754 396 828 insenum,
411 759 500 816 etut
519 750 576 815 illa
592 747 680 813 unde
700 748 870 833 Philippus
890 747 948 812 des
961 749 1133 834 Apostoles
1151 758 1333 815 antecessor

226 879 305 921 suus
333 855 397 920 fuit
422 855 553 920 seisitus
575 861 614 917 ut
639 852 680 916 de
708 851 800 916 feodo
825 860 860 916 et
889 851 931 917 de
955 851 1026 916 iure
1051 860 1086 915 et
1114 852 1149 915 in
1171 853 1332 918 dominico

225 963 279 1026 ‹lie
295 983 358 1046 quo
373 960 462 1024 obiit.

293 1065 337 1128 Et
365 1064 453 1128 idem
482 1061 641 1148 Magister
664 1061 758 1125 uenit
786 1083 893 1125 coram
922 1059 1106 1125 iusticiariis
1129 1068 1164 1124 et
1186 1059 1332 1125 defendit

226 1169 277 1233 ius
306 1191 402 1233 suum
426 1176 461 1232 et
485 1165 636 1231 seisinam
673 1164 812 1249 predicti
849 1163 993 1249 Philippi
1023 1173 1058 1228 et
1094 1164 1204 1249 posuit
1233 1187 1267 1230 se
1295 1165 1330 1229 in

225 1275 367 1338 iuratam
385 1271 563 1337 secundum
587 1269 855 1334 consuetudinem
877 1269 1022 1334 ciuitatis
1043 1269 1085 1333 ad
1107 1292 1332 1356 recognoscen-

224 1378 305 1442 dum
327 1385 438 1440 utrum
460 1374 625 1460 predictus
647 1373 818 1488 Philippus
839 1373 897 1437 des
920 1374 1091 1458 Apostoles
1114 1374 1177 1438 fuit
1203 1374 1333 1438 seisitus

224 1481 266 1544 de
296 1479 443 1566 predicta
467 1487 554 1542 terra
583 1484 618 1541 et
646 1477 813 1562 mesuagio
843 1485 882 1540 ut
911 1475 953 1539 de
980 1475 1074 1540 feodo
1101 1485 1161 1540 etc
1190 1477 1245 1540 die
1267 1499 1332 1593 quo

228 1583 312 1647 obiit
341 1582 396 1646 uel
426 1603 499 1657 non,
528 1578 705 1644 seeundum
735 1578 821 1664 quod
851 1577 1034 1663 predictum
1063 1587 1121 1642 est
1166 1580 1227 1644 Set
1255 1603 1421 1673 qma
1344 1587 1433 1626 ΝΜ
1430 1588 1487 1674 sps

225 1685 385 1770 placitum
407 1682 490 1748 illud
516 1681 614 1746 fuit
605 1704 640 1745 1n
666 1703 793 1745 recessu
823 1680 1042 1766 predictorum
1074 1682 1384 1748 ίιιειίιιὶιιιιοιιιιιιωσι
1323 1635 1486 1776 ,Μῗξζὲθὶ

226 1799 260 1854 et
289 1789 378 1854 idem
406 1787 576 1853 iusticiarii
604 1808 671 1850 non
699 1793 878 1870 potuerunt
906 1785 1047 1850 iuratam
1076 1787 1166 1850 illam
1201 1797 1332 1874 propter
1343 1786 1394 1824 Ῥω
1402 1777 1464 1824 ⁰⁰¹⁷

225 1896 412 1960 libertatem
448 1891 593 1958 ciuitatis
628 1891 706 1955 alibi
744 1897 837 1954 extra
869 1891 1039 1955 ciuitatem
1078 1892 1214 1977 capere,
1244 1893 1332 1958 idem

226 1997 398 2063 iusticiarii
423 2002 637 2081 preceperunt
666 1994 841 2080 Radulpho
862 1995 929 2059 filio
950 1996 1123 2082 Reginaldi
1145 2005 1224 2062 tune
1245 1998 1331 2063 uice·

226 2102 339 2167 comiti
366 2101 532 2165 Lineolnie
556 2107 595 2164 ut
617 2121 723 2164 coram
746 2121 784 2163 eo
806 2107 841 2163 et
865 2122 972 2164 eoram
995 2100 1116 2164 maiore
1142 2109 1177 2165 et
1202 2101 1332 2167 balliuis

226 2217 261 2273 et
284 2206 394 2294 probis
419 2205 605 2270 hominibus
627 2204 801 2281 Lincolnie,
823 2213 955 2289 caperet
976 2204 1116 2268 iuratam
1138 2205 1237 2284 illam,
1259 2230 1330 2292 pre-

225 2314 374 2378 sentibus
389 2311 467 2398 ipsis
483 2310 634 2395 Philippo
650 2310 737 2395 Gery
752 2319 786 2374 et
801 2310 959 2396 Magistro
973 2309 1118 2375 Ricardo

292 2416 336 2480 Et
365 2414 544 2478 uiceccmes
569 2412 663 2476 uenit
689 2421 722 2476 et
747 2412 935 2476 recordatur
963 2411 1050 2497 quod
1078 2411 1219 2476 iuratam
1241 2413 1331 2478 illam

225 2520 346 2607 eligere
368 2517 445 2582 feeit
465 2517 596 2603 pluries,
617 2516 666 2580 ita
686 2517 773 2602 quod
795 2517 920 2581 amouit
940 2539 1052 2580 omnes
1073 2517 1230 2582 iuratores
1251 2541 1332 2604 quos

225 2620 314 2684 idem
338 2617 509 2702 Philippus
530 2638 680 2681 amouere
705 2615 811 2680 uoluit
832 2616 887 2679 uel
908 2615 1025 2701 potuit,
1045 2615 1103 2679 uel
1121 2639 1201 2701 quos
1222 2617 1332 2703 aliquo

225 2723 321 2787 modo
336 2721 496 2786 essoniare
510 2720 628 2806 potuit,
643 2727 677 2784 et
692 2719 794 2784 eciam
809 2719 867 2804 qui
888 2719 1045 2784 tenebant
1065 2718 1106 2784 de
1120 2721 1331 2786 tenementis¹

224 2827 328 2914 ipsius
343 2823 534 2891 Oanoellarii
549 2832 585 2889 et
599 2823 702 2890 dedis
716 2824 865 2909 partibus
882 2823 971 2888 diem
993 2823 1034 2889 de
1051 2823 1159 2888 iurata
1175 2825 1333 2910 capienda
1454 2863 1458 2870 ·

226 2938 261 2994 et
283 2926 415 2992 interim
437 2935 522 2990 terre
547 2924 656 2989 uisum
682 2924 753 2989 fieri
781 2925 868 3002 iecit,
893 2933 927 2990 et
952 2933 1025 3010 post
1048 2925 1156 2989 uisum
1179 2926 1222 2990 ad
1244 2925 1331 2991 diem

225 3033 274 3098 eis
288 3031 403 3096 datum
419 3036 581 3095 uenerunt
601 3029 760 3094 iuratores
781 3038 815 3093 et
834 3029 986 3093 similiter
1004 3028 1141 3113 predicti
1162 3029 1332 3116 Philippus

225 3144 261 3200 et
290 3134 449 3222 Magister
476 3132 642 3210 Ricardus
669 3142 703 3198 et
734 3155 808 3198 eum
837 3132 962 3218 primus
990 3133 1169 3197 iuratorum
1198 3134 1332 3199 deberet
1454 3142 1460 3157 '

225 3238 332 3304 iurare
352 3237 530 3302 secundum
553 3238 640 3322 quod
661 3245 770 3322 partes
792 3244 1028 3312 consenserant,
1044 3245 1078 3301 et
1100 3236 1187 3302 idem
1209 3239 1332 3304 iurator

226 3363 362 3412 manum
391 3363 483 3404 suam
513 3362 611 3426 super
639 3340 757 3404 librum
781 3347 917 3416 teneret,
941 3339 1028 3403 idem
1055 3340 1225 3427 Philippus
1247 3342 1332 3406 dixit

226 3445 314 3532 quod
335 3445 476 3508 iuratam
498 3444 589 3508 illam
615 3467 679 3508 non
703 3443 903 3519 admitteret,
927 3452 978 3507 set
1003 3445 1116 3510 statim
1141 3446 1272 3510 recessit
1297 3455 1332 3510 et

225 3556 362 3612 uocatus
385 3548 486 3612 semel
511 3547 653 3611 seeundo
681 3555 716 3611 et
746 3546 848 3610 tercio
877 3555 911 3610 et
939 3548 1061 3632 pluries
1087 3557 1125 3612 ut
1154 3549 1274 3613 rediret
1297 3558 1332 3613 et

225 3652 355 3716 audiret
384 3651 525 3716 iuratam
554 3651 589 3714 in
618 3673 716 3737 quarn
747 3672 854 3715 coram
884 3650 1070 3716 iusticiariis
1098 3653 1268 3730 consensit,
1297 3663 1332 3716 et

224 3755 332 3819 noluit
347 3755 461 3831 redire,
475 3776 535 3819 nec
551 3743 665 3840 postea
684 3777 791 3819 coram
813 3752 896 3818 iud'⁴
912 3754 1017 3817 uoluit
1036 3777 1229 3840 comparere,
1245 3757 1332 3820 unde

225 3861 335 3924 iurata
360 3858 417 3923 illa
438 3859 593 3924 remansit
615 3859 780 3945 capienda,
802 3881 841 3922 eo
862 3858 949 3944 quod
971 3857 1057 3922 idem
1082 3859 1251 3945 Philippus
1273 3863 1333 3926 tali

225 3963 322 4028 modo
344 3961 476 4026 recessit
498 3961 567 4024 sine
590 3961 731 4026 licencia
778 3962 821 4026 Et
844 3960 918 4025 ideo
938 3961 1026 4025 idem
1052 3963 1223 4048 Philippus
1245 3987 1331 4028 sum-

225 4075 399 4132 moneatur
413 4064 499 4151 qucd
514 4065 558 4129 sit
573 4087 678 4129 coram
699 4066 812 4130 eodem
835 4066 979 4130 Martino
998 4065 1039 4130 de
1059 4067 1224 4132 Pateshill’
1239 4068 1331 4134 audi·

227 4181 320 4236 turus
335 4169 493 4234 iudicium
508 4189 604 4233 suurn
619 4168 702 4234 inde.

258 4299 334 4349 ¹Ses
353 4297 399 4347 ths
415 4297 528 4348 Lincoln
548 4297 672 4359 ohe-rtem,
694 4297 756 4348 Bot.
807 4298 883 4348 made
903 4300 998 4349 several
1017 4299 1173 4350 corrections
1188 4299 1271 4350 which
1288 4315 1333 4350 aro

227 4366 300 4414 Cart
312 4379 340 4426 p.
352 4365 375 4422 5,
388 4363 429 4411 56.
807 4369 856 4413 not
864 4379 925 4425 very
936 4365 1035 4425 legrble

257 4431 316 4477 'de
329 4429 388 4484 κη’,
400 4427 745 4504 interlinedbynannotntor.
839 4429 850 4460 ⁴
866 4430 920 4477 r'ul'
951 4430 1088 4481 interlined
1118 4431 1153 4496 by
1180 4434 1333 4490 annotaton

257 4496 268 4527 ³
286 4493 342 4543 The
359 4497 501 4544 annotator
519 4493 610 4542 husin
628 4492 681 4542 this
699 4494 757 4556 ples
808 4494 934 4543 iudicibus
948 4495 988 4559 (l).
