3342 5217
504 527 641 590 nisrns,
664 525 730 576 sn.
756 511 851 590 1227,
871 525 935 578 ss
959 515 1008 578 ll,
1242 515 1305 579 195

198 721 232 764 se
255 699 290 763 in
309 719 462 786 magnam
481 699 615 764 assium
636 697 730 764 Dom.
752 697 861 786 Regis,
883 705 919 762 et
941 698 1027 784 petit
1048 697 1305 785 recognicionem
1384 686 1394 741 ’κ

198 803 278 880 fieri,
291 811 404 868 utrum
419 803 488 889 ipse
503 803 622 868 debeat
636 802 799 888 predictas
812 811 918 868 sectas
932 802 1103 888 sicutipse
1122 801 1235 888 exigit,
1249 802 1304 866 uel

197 906 283 971 sicut
297 906 367 993 ipse
381 906 552 994 cognoscit,
568 905 649 972 dicit
667 906 772 972 eciem
791 905 879 992 quod
900 905 942 971 de
961 905 1175 972 subdecennis
1194 905 1306 971 nullus

197 1008 295 1074 homo
308 1009 421 1074 uenire
436 1009 542 1074 debet

264 1112 309 1176 Et
335 1111 513 1198 Episcopus
538 1111 619 1177 dicit
642 1111 729 1198 quod
752 1095 875 1177 iniuste
898 1111 959 1176 hoc
981 1111 1070 1189 dicit,
1093 1111 1172 1198 quie
1193 1131 1307 1176 omnes

199 1222 269 1279 tem
295 1213 337 1279 de
363 1213 577 1280 subdecennis
603 1237 702 1300 quam
728 1215 770 1280 de
795 1214 990 1300 capitalibus
1015 1213 1167 1279 decennis
1193 1213 1306 1278 uenire

198 1316 322 1383 debent
336 1318 378 1383 sd
393 1319 502 1383 omnis
516 1317 686 1383 hundreda
699 1339 757 1404 per
771 1339 903 1395 annum,
914 1325 965 1382 set
979 1340 1095 1382 reuera
1103 1339 1145 1381 ne
1155 1315 1308 1381 uenirent

198 1421 262 1486 nisi
281 1421 325 1486 ed
345 1421 410 1486 duo
430 1421 681 1508 legehundreds,
703 1431 737 1487 et
756 1445 798 1488 ne
818 1421 861 1487 ad
880 1423 946 1487 alin
967 1422 1136 1486 hundreda
1155 1421 1309 1486 uenirent

198 1524 263 1589 nisi
287 1533 418 1590 tantum
438 1533 505 1589 tres
527 1525 674 1590 homines
691 1534 726 1590 et
746 1526 937 1611 prepositus,
956 1526 1055 1591 finem
1079 1527 1225 1590 fecerunt
1249 1545 1310 1610 per

198 1649 323 1692 annum
348 1649 407 1713 per
426 1627 452 1714 j.
479 1651 628 1706 marcam,
654 1637 688 1692 et
713 1629 754 1693 de
780 1629 839 1693 illc.
861 1651 969 1694 murco
993 1629 1058 1694 fuit
1080 1629 1249 1716 episcopus
1271 1635 1308 1692 et

198 1740 416 1796 antecessores
439 1732 490 1796 sui
509 1733 613 1797 seisiti
636 1755 694 1819 per
717 1732 758 1798 lx.
785 1755 895 1811 annos,
915 1741 950 1798 et
971 1733 1031 1798 hoc
1051 1735 1145 1798 offert
1163 1733 1308 1820 probm,

117 1843 126 1860 “
198 1835 287 1900 unde
309 1833 390 1899 dicit
409 1833 496 1920 quod
515 1835 550 1899 in
568 1835 736 1900 hundredo
755 1836 811 1900 illo
831 1835 902 1900 fieri
921 1835 1019 1904 debet
1038 1837 1129 1902 uisus
1142 1837 1184 1902 de
1198 1841 1309 1902 liunco

199 1939 308 2028 plegio
323 1939 364 2004 de
380 1947 451 2004 toto
465 1939 609 2005 manerio
623 1941 688 2005 illo.

265 2045 310 2109 Et
326 2044 512 2110 Gilebertus
528 2045 609 2110 dicit
624 2045 710 2131 quod
730 2045 875 2110 seruiens
894 2044 1056 2110 hundredi
1075 2045 1189 2110 uenire
1208 2043 1307 2110 debet

198 2147 235 2213 in
257 2147 402 2212 manerio
425 2147 482 2212 illo
505 2155 540 2212 et
564 2148 672 2213 uisum
695 2149 799 2212 secere
820 2147 862 2213 de
882 2149 991 2212 franco
1009 2147 1128 2234 plegio,
1147 2155 1183 2213 et
1202 2149 1307 2213 facere

198 2260 306 2318 sectas
335 2252 420 2316 sicut
448 2251 632 2337 predictum
662 2261 721 2330 est,
751 2262 802 2318 set
829 2275 897 2317 non
924 2252 991 2317 clio
1019 2252 1122 2317 modo
1166 2252 1218 2318 De
1250 2253 1309 2317 ills

199 2379 310 2422 marco
332 2357 413 2422 dicit
436 2357 523 2443 quod
546 2379 660 2422 reuera
683 2379 851 2442 nunquam
876 2355 968 2421 illam
993 2355 1094 2433 dedit,
1117 2363 1169 2421 set
1193 2377 1309 2421 reuera

200 2469 347 2546 tempore
361 2483 426 2546 quo
440 2461 621 2525 manerium
636 2460 719 2525 illud
738 2461 802 2525 fuit
824 2461 861 2524 in
879 2483 979 2525 manu
999 2459 1214 2524 firmariorum
1224 2460 1308 2524 bene

200 2573 310 2651 potest
325 2585 394 2629 esse
409 2564 496 2650 quod
511 2564 644 2630 firmarii
658 2565 819 2630 dederunt
833 2565 925 2630 illam
939 2587 1090 2642 mercem,
1105 2572 1140 2629 et
1154 2564 1242 2651 quod
1260 2565 1309 2629 ita

201 2669 246 2732 sit
268 2667 411 2754 ponunt¹
433 2689 468 2732 se
488 2691 586 2754 super
604 2669 753 2734 iuratam
799 2669 844 2734 Et
863 2670 1042 2755 Episcopus
1061 2669 1220 2735 similiter.
1265 2669 1310 2734 Et

203 2771 280 2836 ideo
293 2771 353 2834 fiat
367 2770 444 2835 inde
459 2771 575 2850 iurata,
595 2780 629 2837 et
649 2773 763 2849 ueniat
782 2772 946 2838 dominice
964 2781 1042 2837 ente
1061 2772 1309 2837 Ascenscionem

200 2873 337 2938 Domini
350 2873 394 2938 cd
414 2875 705 2960 recognoscendum
727 2875 756 2939 si
778 2875 925 2940 homines
944 2875 986 2940 de
1008 2873 1152 2961 predicto
1167 2874 1311 2940 manerio

200 2977 364 3043 dederunt
378 2979 509 3044 bulliuis
522 2979 662 3066 predicti
676 2979 838 3045 hundredi
852 3003 953 3044 unam
967 3002 1108 3045 murcsm
1118 3001 1310 3064 perannum

201 3103 261 3166 pm
273 3081 475 3146 relaxeoione
489 3081 634 3169 predicte
649 3091 745 3159 secte,
760 3091 795 3148 et
809 3105 870 3169 per
878 3083 925 3148 sic
935 3082 1037 3169 quod¹
1048 3084 1191 3146 facerent
1201 3081 1310 3146 uisum

200 3184 242 3248 de
257 3184 367 3249 frenco
380 3185 489 3272 plegio
502 3185 539 3250 in
558 3186 704 3273 predicto
723 3187 869 3252 manerio
888 3187 931 3251 de
950 3185 1136 3251 hominibus
1155 3185 1212 3272 qui
1231 3193 1311 3250 sunt

199 3288 236 3353 in
251 3287 466 3353 subdecennis
479 3288 566 3354 unde
581 3299 650 3367 ete,
665 3290 719 3354 uel
735 3313 807 3356 non
852 3291 960 3377 Capta
973 3299 1023 3356 cst
1036 3290 1172 3356 inmte’.

132 3443 139 3456 .
266 3391 469 3457 ⁴Willelmus
487 3393 528 3458 de
548 3393 711 3482 Hoberge‚
731 3395 895 3461 Robertus
914 3396 957 3461 de
977 3397 1107 3473 Welles‚
1128 3394 1310 3460 Rsndulfus

200 3496 243 3563 de
262 3497 411 3576 Essertis,
426 3507 460 3563 et
483 3498 666 3566 Rendulfus
687 3501 773 3566 filius
793 3500 952 3566 Willelmi
973 3501 1014 3567 de
1034 3501 1235 3567 Pebbeneme
1251 3499 1309 3584 iiij.

201 3601 326 3666 milites
345 3601 436 3666 missi
451 3600 492 3667 de
506 3604 663 3668 comitatu
679 3605 810 3670 Fssexie
825 3627 885 3691 per
897 3608 1087 3692 preceptum
1101 3604 1195 3669 Dom
1210 3603 1311 3690 Regis

199 3725 311 3768 comm
340 3704 528 3771 iusticisriis
555 3707 591 3770 in
618 3708 729 3772 Bsnco
756 3729 832 3773 cum
861 3709 993 3774 recordo
1020 3716 1055 3774 et
1084 3707 1203 3772 iudicio
1225 3705 1311 3792 quod

202 3809 326 3874 lectum
356 3817 408 3874 est
435 3809 472 3874 in
502 3810 614 3875 eodem
650 3811 808 3876 comitatu
845 3811 932 3876 inter
967 3812 1169 3876 Willelmum
1205 3810 1311 3875 filium

201 3910 335 3976 Ricardi
354 3919 523 3998 petentem
546 3921 581 3978 et
601 3913 782 3978 Robertum
805 3913 848 3978 de
870 3914 1054 4000 Wymbisse
1077 3921 1246 3978 tenentem
1268 3910 1310 3977 ds

201 4013 244 4078 ln
271 4013 355 4078 acris
378 4021 463 4079 terre
487 4037 562 4080 cum
585 4015 794 4102 pertinenciis
816 4016 853 4081 in
875 4015 1068 4101 Wymbisse‚
1090 4023 1253 4080 uenerunt
1275 4022 1312 4080 et

200 4117 394 4183 detulerunt
414 4119 581 4184 recordum
601 4128 636 4184 et
656 4120 813 4186 iudicium
833 4120 916 4186 illud
934 4121 1103 4186 redactum
1124 4120 1161 4185 in
1177 4119 1313 4204 scripto‘

200 4221 265 4285 snb
291 4220 353 4285 hac
378 4221 489 4301 fornic,
515 4222 671 4288 uidelicet
696 4223 782 4310 quod
808 4231 882 4310 post
907 4224 1028 4292 multos
1052 4225 1123 4290 dies
1147 4229 1184 4288 et
1206 4223 1314 4287 multe

233 4420 245 4452 .
783 4355 954 4471 ⁸³t¹¹fl⁹u¹³s

233 4437 322 4534 ’ihc
341 4435 427 4547 {luidis
448 4457 573 4564 sisyuthet
594 4486 640 4538 the
659 4487 752 4538 morli·-
816 4458 904 4539 ‘Onu
914 4457 1044 4538 deductura
1053 4489 1083 4538 iu
1092 4488 1195 4552 scripto,
1205 4488 1237 4540 B.

200 4549 251 4600 hns
262 4549 327 4612 long
337 4550 402 4601 been
411 4551 486 4615 μιᾶς
497 4552 681 4616 Judgmentlor
689 4553 735 4603 the

1119 4655 1226 4718 13-2
