3342 5217
436 341 669 404 mensurnas,
691 343 756 391 nn.
783 327 876 403 1230,
898 337 961 390 aa:
987 328 1122 390 lle-15.
1267 325 1331 389 359

296 514 339 579 Et
354 513 518 580 Robertus
532 512 624 579 uenit
639 522 673 579 et
688 512 768 578 dicit
783 511 871 600 quod
890 511 1119 577 terramillam
1141 518 1332 576 assartatam
1435 539 1438 543 ²

231 626 323 684 tenet
338 618 406 704 ipse
422 619 462 685 de
478 618 561 683 dono
576 617 706 683 Ricardi
721 617 761 682 de
777 617 915 682 Hiltona
934 614 1113 680 fratris-sui
1132 637 1191 701 per
1209 623 1331 679 mrtem

231 743 322 787 suam
337 744 401 808 que
416 720 476 786 hoc
491 729 632 786 testatur
646 729 681 787 et
695 720 771 785 inde
786 729 882 785 uocat
901 719 944 784 ad
957 728 1136 784 warantum
1157 719 1331 784 Ricardum
1343 717 1466 852 ἓξὲξ

1299 823 1305 835 “
1405 817 1482 851 M

231 824 334 890 filium
354 833 388 889 et
403 823 554 890 heredem
569 823 707 910 predicti
722 823 854 888 Ricardi
868 823 925 910 qui
939 831 990 888 est
1003 823 1088 887 infra
1101 830 1223 887 etatem
1243 832 1278 887 et
1296 845 1332 886 m
1344 869 1480 955 mm.

230 929 376 994 custodia
397 928 534 995 Comitis
557 929 690 996 Cestrie.
736 928 779 993 Et
799 928 958 994 attornati
979 926 1116 994 Comitis
1136 935 1453 1015 cognoscentiaque„

230 1032 316 1120 quod
337 1031 501 1119 predictus
520 1031 677 1097 Ricardus
697 1040 746 1096 est
766 1032 850 1096 infra
871 1039 994 1096 etatem
1015 1039 1049 1096 et
1070 1030 1144 1096 ideo
1163 1030 1239 1096 inde
1261 1031 1331 1096 sine
1344 1000 1480 1143 ffipllssa'*

230 1131 283 1197 die
298 1153 400 1218 usque
415 1130 457 1196 ad
473 1139 603 1196 etatem.
624 1128 629 1219 1

174 1301 182 1315 ,
295 1235 496 1301 ’Willelmus
521 1234 562 1300 de
593 1234 758 1321 Ohiptona
785 1235 961 1300 essoniator
989 1234 1148 1300 iohannis
1173 1234 1333 1300 Walensis
1387 1257 1454 1345 pra]

231 1340 388 1406 attornati
417 1339 573 1406 Willelmi
603 1340 633 1406 le
664 1340 816 1428 Sauuage
845 1339 967 1426 optulit
988 1362 1022 1405 se
1044 1339 1123 1426 iiij‘a
1146 1339 1199 1404 die
1221 1361 1333 1404 uersus
1406 1315 1454 1345 ¹⁰²

231 1445 395 1532 Rogerum
423 1444 464 1509 de
488 1443 714 1508 Wimberuilla
738 1452 772 1509 et
802 1443 1012 1509 Eustachiam
1038 1465 1171 1508 uxorem
1196 1443 1266 1508 eius
1291 1442 1332 1508 de

231 1549 351 1636 placito
365 1548 474 1614 dimid.
490 1548 567 1614 hide
583 1557 668 1614 terre
682 1571 757 1614 oum
772 1557 853 1635 pert.
869 1548 905 1613 in
921 1549 1116 1614 Sumertona
1130 1555 1189 1613 etc

297 1655 341 1720 Et
364 1655 511 1742 Rogerus
535 1662 569 1720 et
596 1653 773 1719 Eustochio
795 1675 862 1718 non
883 1660 1046 1717 uenerunt
1067 1650 1125 1717 ne⁸
1145 1650 1250 1738 primo
1272 1673 1333 1716 nec
1345 1659 1496 1756 ffigffi·

232 1758 373 1824 secundo
409 1758 463 1823 die
499 1780 559 1822 nec
596 1757 696 1822 tercio
726 1765 777 1822 set
806 1764 922 1842 quarto
951 1755 1005 1821 die
1035 1756 1217 1842 comparuit
1245 1755 1298 1820 ide
1345 1764 1474 1840 mg„

233 1863 380 1949 Rogarus
393 1861 497 1949 primo
515 1861 591 1926 licet
613 1861 721 1947 sepius
741 1861 900 1925 clamatus
919 1870 1004 1925 esset
1025 1859 1140 1926 diebus
1160 1860 1332 1947 preceden-
1346 1847 1497 1935 ffiffl

233 1965 330 2043 tibus,
345 1964 432 2030 unde
454 1965 630 2030 essoniator
647 1964 732 2051 petit
752 1963 909 2028 iudicium
929 1963 970 2030 de
991 1963 1113 2028 defalta
1131 1973 1166 2029 et
1188 1941 1497 2076 Rogerusr:{2⁸:²12v3i1lll3¹

232 2067 332 2133 nichil
362 2068 505 2133 ostendit
534 2066 620 2153 quod
648 2065 864 2153 impediretur
899 2088 959 2131 nec
995 2066 1137 2153 aliquam
1169 2066 1335 2152 pretendit

233 2173 475 2239 excusacionem
490 2195 550 2238 nec
566 2172 722 2238 defaltam
737 2193 851 2237 sanare
865 2179 981 2258 potest.
1020 2171 1064 2236 Et
1074 2170 1148 2236 ideo
1159 2171 1335 2236 essoniator

232 2277 302 2342 sine
317 2275 370 2340 die
385 2283 420 2341 et
435 2277 581 2364 Rogerus
595 2276 631 2342 in
646 2274 871 2340 misericordia

130 2385 144 2402 '
170 2429 178 2442 .
296 2381 496 2447 “Eborardus
510 2381 685 2446 Aurifaber
699 2389 734 2445 et
749 2379 893 2445 Isabella
907 2402 989 2444 uxor
1003 2378 1074 2445 eius
1087 2387 1208 2466 petunt
1221 2402 1335 2446 uersus
1391 2384 1455 2425 Μ

234 2486 437 2552 Gilebertum
459 2487 563 2552 filium
595 2486 755 2552 Gileberti
784 2494 924 2574 quatuor
944 2507 1005 2551 aer.
1036 2494 1121 2550 terre
1149 2507 1224 2550 cum
1252 2492 1334 2571 pert.

232 2591 267 2656 in
297 2590 436 2656 Totham
466 2599 505 2656 ut
533 2590 584 2656 ius
613 2591 715 2677 ipsius
744 2591 884 2656 Isabelle
913 2599 948 2655 et
976 2590 1114 2676 inques
1142 2612 1207 2655 non
1236 2589 1336 2655 habat

232 2693 414 2782 ingressum
439 2694 502 2760 nisi
524 2717 583 2782 per
604 2695 808 2760 Gilebertum
831 2702 959 2781 patrem
981 2716 1077 2759 suum
1099 2694 1152 2759 cui
1172 2694 1338 2781 predictus

234 2798 417 2864 Eborardus
439 2798 511 2863 illas
533 2797 670 2864 tradidit
691 2798 734 2863 ad
756 2799 934 2864 terminum
956 2797 1014 2884 qui
1039 2798 1187 2884 preteriit
1212 2807 1272 2864 etc
1302 2805 1338 2863 et

144 2968 147 2971 ι
233 2901 320 2989 quod
336 2910 456 2967 tanam
471 2901 561 2967 illam
576 2903 625 2967 ita
639 2902 670 2966 ei
684 2901 820 2967 tradidit
834 2902 985 2989 producit
999 2911 1121 2968 sectam
1137 2910 1195 2967 etc
1432 2899 1435 2902 ’

298 3007 350 3072 Et·
370 3007 557 3073 Gilebertus
580 3007 674 3072 uenit
699 3015 734 3071 et
760 3007 908 3073 defendit
931 3008 982 3072 ius
1007 3007 1150 3094 ipsorum
1177 3015 1212 3072 et
1237 3007 1337 3072 talem

233 3111 415 3200 ingressum
430 3120 465 3177 et
479 3111 559 3176 dicit
574 3111 661 3197 quod
675 3110 776 3177 habet
800 3121 919 3177 terram
938 3111 1028 3176 illam
1048 3112 1083 3177 in
1097 3110 1190 3176 feodo
1204 3111 1289 3178 sicut
1302 3111 1338 3177 in

234 3214 433 3280 escambium
448 3211 616 3279 cuiusdam
632 3221 717 3278 terre
732 3235 831 3298 quam
847 3213 1033 3280 Gilebertus
1046 3222 1141 3301 pater
1154 3237 1233 3279 suus
1247 3214 1339 3280 dedit

234 3318 358 3384 eisdem
369 3317 532 3382 Eborardo
544 3325 579 3382 et
590 3317 728 3382 Isabelle
741 3326 776 3382 et
785 3341 848 3405 que
861 3327 948 3384 terra
958 3319 1022 3384 fuit
1037 3319 1077 3385 de
1093 3319 1185 3385 feodo
1201 3319 1339 3386 Comitis

235 3422 389 3488 Dauidis⁸
403 3422 469 3488 scil.
486 3421 655 3488 cuiusdam
670 3423 782 3487 fossati
796 3423 837 3488 de
860 3446 924 3510 quo
943 3425 1062 3489 fossato
1081 3424 1338 3490 emolumentum

234 3525 267 3612 ij.
283 3526 330 3591 sol
345 3525 497 3612 prouenit
511 3524 647 3613 singulis
666 3526 767 3591 annis
812 3526 857 3591 Et
879 3527 1066 3594 Gilebertus
1087 3537 1181 3615 pater
1201 3527 1339 3614 predicti

235 3628 395 3695 Gileberti
408 3649 539 3715 presens
554 3637 605 3694 est
619 3637 654 3693 et
668 3627 749 3694 dicit
763 3629 850 3716 quod
868 3631 1032 3716 predictus
1052 3632 1169 3699 Comes
1183 3633 1339 3698 fossatum

235 3731 319 3798 illud
343 3732 375 3797 ei
400 3731 499 3798 dedit
545 3732 589 3797 Et
618 3731 804 3798 Gilebertus
832 3741 927 3821 pater
954 3735 1131 3822 requisitus
1160 3735 1188 3802 si
1216 3747 1339 3803 cartam

236 3836 358 3904 habeat
378 3837 419 3902 de
440 3837 585 3924 predicto
601 3837 728 3904 Comite
742 3838 796 3904 uel
811 3839 902 3904 aliud
920 3840 1162 3906 munimentum
1177 3864 1235 3928 per
1254 3843 1340 3928 quod

235 3941 387 4007 feodatus
401 3940 466 4006 luit
480 3940 561 4006 dicit
575 3940 662 4028 quod
676 3963 748 4007 non.

302 4045 347 4111 Et
376 4045 558 4111 Eborardus
582 4055 617 4110 at
640 4046 780 4113 Isabella
802 4047 917 4113 dicunt
942 4048 1029 4135 quod
1059 4049 1188 4114 nullum
1217 4049 1341 4115 habent

268 4181 279 4216 ¹
295 4181 339 4231 Br.
352 4181 371 4230 l.
382 4183 431 4230 422
442 4179 550 4240 b‚holds
561 4181 620 4232 that
629 4196 663 4232 an
674 4182 763 4234 infant
845 4183 857 4216 ⁴
874 4183 921 4235 Sco
931 4184 975 4235 Br.
988 4185 1007 4234 l.
1022 4185 1078 4238 387.

234 4251 309 4300 must
318 4249 453 4298 wamma
464 4247 701 4312 mathatiae.
845 4248 951 4300 ‘Am
964 4252 1004 4300 10.

268 4314 280 4346 ¹
295 4313 326 4364 A.
339 4327 376 4361 m.
387 4311 438 4364 td.
847 4315 859 4348 ⁸
874 4315 938 4366 Earl
948 4317 977 4366 ol
986 4315 1169 4380 Hnntingdom
1181 4317 1223 4368 ob.
1236 4320 1307 4371 1219.

268 4379 280 4412 ⁸
296 4378 368 4428 Oorr.
381 4393 432 4439 nee,
445 4378 476 4428 Δ.
