3342 5217
380 420 443 487 678
587 434 822 495 mensurnas,
844 432 907 485 ao.
933 422 1027 496 1232,
1049 434 1112 483 aa
1136 420 1273 487 16-17,

379 599 534 665 remansit
555 599 590 665 in
610 598 827 665 misericordia
846 606 881 664 et
900 598 1001 686 plegii
1021 598 1072 663 sui
1090 606 1125 663 et
1140 597 1216 663 inde
1231 597 1324 685 ponit
1338 620 1373 663 se
1388 618 1484 683 super

378 703 508 767 rotulos
1360 742 1369 757 .

443 807 488 870 Et
502 806 642 872 Thomas
660 807 741 872 dicit
761 814 795 872 et
814 806 978 893 cognoscit
1000 806 1086 893 quod
1108 828 1172 870 non
1195 806 1259 870 fuit
1280 824 1412 890 presens
1432 813 1485 869 set

378 910 533 975 remansit
547 910 647 976 assisa
660 910 817 997 capienda
830 920 963 997 propter
976 918 1113 976 mortem
1128 910 1231 996 ipsius
1242 909 1402 975 Nicholai.
1439 910 1485 973 Et

378 1014 456 1099 quia
476 1037 542 1079 non
563 1015 628 1080 fuit
649 1038 781 1101 presens
806 1016 891 1081 sicut
917 1015 1080 1102 cognoscit
1108 1015 1181 1080 ideo
1207 1014 1407 1079 uerisimile
1433 1022 1484 1079 est

377 1118 465 1204 quod
478 1119 633 1185 remansit
647 1120 747 1185 assisa
761 1118 918 1205 capienda
933 1119 1010 1206 quia
1029 1118 1100 1205 ipse
1119 1140 1185 1183 non
1202 1118 1267 1182 fuit
1286 1126 1485 1204 prosecutus,

266 1267 270 1275 ·
377 1232 412 1288 et
441 1223 514 1288 ideo
544 1223 791 1289 Oondderatum
821 1232 872 1290 est
901 1222 987 1309 quod
1017 1223 1133 1289 Sibilla
1161 1222 1238 1288 inde
1267 1222 1336 1287 sine
1365 1222 1419 1287 die
1449 1232 1484 1287 et

378 1326 516 1391 Thomas
530 1326 566 1390 in
580 1327 803 1391 misericordia

321 1489 328 1503 ,
443 1428 594 1494 ¹Mabilia
624 1452 688 1516 que
717 1430 782 1495 fuit
810 1452 892 1494 uxor
920 1428 1058 1495 Galfridi
1087 1428 1227 1493 Bostar’*
1255 1428 1341 1514 petit
1370 1450 1485 1493 uersus

307 1566 313 1579 ·
378 1533 553 1598 Ricardum
579 1534 693 1599 Dulret
721 1533 901 1599 custodiam
928 1542 1012 1599 terre
1039 1552 1102 1619 que
1128 1533 1192 1597 fuit
1217 1532 1319 1618 ipsius
1345 1530 1485 1597 Galfi'idi

377 1657 440 1720 que
466 1635 508 1699 ad
533 1658 606 1700 eam
631 1635 775 1721 pertinet
798 1634 925 1700 racione
949 1634 1149 1699 uendieionis
1174 1634 1297 1699 Thome
1323 1634 1484 1701 Carbonel

377 1738 543 1803 senescalli
564 1737 666 1823 ipsius
686 1737 817 1803 Ricardi
834 1737 876 1802 de
897 1735 902 1824 Ι
920 1759 984 1823 quo
1003 1738 1168 1823 predictus
1183 1736 1347 1803 Gnffidus
1362 1745 1484 1802 terram

375 1842 465 1906 illam
488 1842 597 1907 tenuit
617 1864 677 1929 per
697 1841 871 1907 seruicium
893 1841 1035 1906 militare
1052 1840 1158 1927 quod⁸
1173 1840 1205 1905 ei
1219 1840 1295 1905 inde
1311 1840 1388 1907 fecit
1402 1841 1484 1905 dum

376 1944 541 2029 predictus
556 1944 714 2009 Ricardns
728 1943 792 2008 luit
806 1944 842 2007 in
857 1943 1034 2029 Hybemia

442 2048 486 2111 Et
501 2047 658 2112 Ricardus
672 2047 765 2112 uenit
782 2055 818 2111 et
839 2046 1001 2132 cognoscit
1023 2045 1110 2133 quod
1131 2045 1296 2131 predictus
1318 2046 1485 2112 Galfridns

376 2151 486 2215 tenuit
500 2152 541 2216 de
556 2174 594 2217 eo
608 2174 667 2239 per
680 2152 854 2217 seruicium
869 2149 1010 2215 militare
1026 2158 1060 2215 et
1075 2150 1161 2235 quod
1178 2150 1325 2215 custodia
1339 2150 1485 2235 pertinet

375 2253 552 2339 adipsum,
570 2264 605 2319 et
624 2254 711 2341 petit
732 2253 889 2319 iudicium
913 2253 941 2317 si
961 2262 1066 2317 ratam
1090 2252 1210 2317 habere
1232 2253 1350 2318 debeat
1367 2254 1484 2319 uendi-

376 2355 501 2448 cionem
521 2379 621 2443 quam
642 2357 836 2421 senescallus
858 2376 936 2421 suus
958 2355 1035 2421 fecit
1058 2355 1128 2419 sine
1154 2378 1200 2421 eo.
1246 2356 1289 2420 Et
1311 2356 1388 2443 quia
1412 2357 1485 2443 ipsa

377 2460 476 2525 nichil
491 2460 635 2525 ostendit
648 2460 736 2546 quod
749 2460 819 2547 ipse
834 2460 992 2525 Ricardus
1007 2460 1038 2525 ei
1053 2460 1176 2545 aliquid
1190 2459 1267 2525 inde
1281 2461 1483 2539 concesserit,

377 2565 624 2631 Consideratum
650 2572 701 2631 est
727 2564 814 2651 quod
837 2564 996 2629 Ricardus
1019 2564 1094 2629 inde
1117 2562 1187 2629 sine
1211 2562 1265 2629 die
1288 2572 1323 2629 et
1347 2566 1485 2631 Mabilia

361 2692 505 2755 pauper.
552 2671 595 2735 Et
617 2669 775 2735 Ricardus
794 2668 942 2734 concedit
965 2668 996 2733 ei
1017 2668 1151 2734 terciam
1173 2678 1300 2755 partem
1322 2678 1482 2735 tenerum

377 2782 411 2839 et
425 2782 686 2839 tenementorum
701 2797 765 2861 que
780 2775 913 2839 fuerunt
927 2772 1066 2858 predicti
1081 2773 1219 2838 Galfridi
1232 2773 1297 2839 uiri
1311 2774 1362 2839 sui
1376 2785 1439 2840 etc

441 2875 615 2963 ‘Magister
637 2874 833 2941 Vincencius
862 2874 903 2940 de
933 2875 1089 2940 Beckeles
1117 2875 1324 2941 athachiatus
1350 2876 1415 2942 luit
1441 2876 1482 2942 ad

280 2983 318 3013 ⁰·
377 2982 634 3067 respondendum
657 2983 762 3048 Alicie
787 3004 852 3069 que
875 2982 940 3047 fuit
961 3004 1043 3047 uxor
1064 2981 1195 3047 Radulfi
1217 2981 1258 3047 de
1281 2983 1484 3061 Trnbleuilla

376 3106 475 3169 quare
497 3091 628 3149 secutus
647 3093 698 3149 est
717 3084 875 3170 placitum
895 3084 930 3148 in
948 3084 1038 3149 curia
1051 3083 1275 3149 cristianitatis
1289 3084 1329 3149 de
1344 3085 1483 3151 aduoca-

375 3188 466 3252 oione
489 3190 610 3274 capelle
631 3189 663 3254 S.
685 3189 798 3276 Egidii
818 3190 861 3255 de
885 3189 1086 3275 Tappecroft'
1108 3196 1221 3255 contra
1243 3196 1313 3266 etc,
1337 3198 1371 3257 et
1395 3191 1482 3256 unde

254 3344 259 3353 .
374 3290 481 3355 Alicia
506 3291 653 3376 queritur
676 3292 764 3378 quod
790 3312 848 3378 per
870 3291 931 3357 hoc
955 3292 1040 3378 quod
1066 3292 1135 3378 ipse
1160 3292 1356 3357 Vinceneius
1379 3294 1482 3358 traxit

373 3394 525 3458 clericum
547 3417 642 3459 suum
664 3396 700 3460 in
719 3397 841 3461 curiam
862 3396 1086 3462 cristianitatis
1104 3396 1245 3483 petendo
1259 3397 1301 3462 ab
1316 3420 1354 3461 eo
1368 3420 1482 3465 omnes

373 3496 514 3563 decimas
527 3507 711 3584 spectantes
725 3500 767 3565 ad
782 3501 919 3566 eandem
937 3502 1094 3588 capellam
1108 3500 1339 3587 dampnificata
1352 3510 1404 3567 est
1419 3514 1479 3569 ete

372 3610 408 3667 et
421 3601 497 3667 inde
512 3614 572 3669 etc
1283 3656 1286 3665 ι

437 3706 481 3769 Et
496 3705 653 3792 Magister
667 3707 861 3773 Vincencius
879 3708 970 3773 uenit
985 3717 1020 3774 et
1038 3708 1185 3774 defendit
1205 3708 1291 3795 quod
1311 3730 1479 3795 nunquam

371 3808 487 3873 habuit
508 3810 762 3895 prohibicionem
784 3810 870 3898 quod
885 3834 949 3877 non
964 3812 1130 3898 sequeret⁶
1144 3812 1302 3898 placitum
1316 3812 1407 3891 illud,
1423 3814 1478 3878 sed

370 3910 457 3997 quod
478 3912 602 3998 capella
622 3913 681 3977 illa
701 3923 828 3999 spectat
849 3913 893 3978 ad
907 3913 1074 3983 ecclesiam
1090 3936 1183 3979 suam
1197 3913 1238 3979 de
1254 3914 1477 4001 Bedingeham

370 4015 488 4102 etipse
503 4017 589 4101 petit
602 4016 744 4082 decusas
759 4039 821 4103 que
845 4017 887 4082 ad
909 4018 1074 4082 ecclesiam
1098 4038 1191 4082 suam
1212 4018 1388 4103 pertinent,
1411 4018 1476 4083 scil

370 4119 506 4185 maiores
520 4128 555 4185 et
568 4121 707 4187 minores
722 4122 763 4187 de
785 4122 935 4189 omnibus
957 4122 1143 4189 hominibus
1164 4121 1205 4187 de
1228 4122 1422 4209 Tappecroft
1443 4131 1478 4188 et

403 4258 411 4290 ¹
428 4259 459 4308 Β.
471 4274 506 4309 m.
520 4258 582 4311 10d.
948 4262 1010 4311 onis.

402 4323 589 4383 ’Bostord‚B.
981 4326 1038 4374 ⁴13.
1051 4338 1087 4373 m.
1100 4326 1130 4373 11
1140 4323 1165 4374 d.

402 4386 495 4451 'qrwd
523 4389 671 4449 interlincd,
698 4390 745 4442 hut
772 4407 848 4454 qnam
875 4391 897 4441 is
980 4391 1079 4440 ⁸Corr.
1090 4396 1241 4453 sequeretur,
1254 4390 1283 4439 B.

370 4454 484 4513 wanted;
502 4454 563 4503 inB
581 4472 656 4519 qnam
670 4456 769 4507 follows
785 4458 897 4507 scordici·
