3342 5217
365 431 427 498 172
669 447 818 508 rmmrr,
840 447 905 497 nn.
929 434 1021 509 1222,
1043 448 1108 498 nn
1130 436 1160 498 6.

361 617 448 703 quod
472 616 559 682 idem
583 617 742 683 Rndulfirs
766 627 841 704 post
864 628 1003 684 mortem
1026 620 1173 686 eiusdem
1195 619 1326 687 Andree
1347 621 1460 686 stetim

360 719 503 785 reddidit
525 742 560 785 se
585 720 698 786 domui
722 720 763 786 de
788 721 1046 808 Simpiingehnm
1069 732 1104 788 et
1124 723 1268 810 sigillum
1288 725 1391 810 patris
1408 727 1461 790 sui

360 846 470 890 secum
483 825 604 890 detulit
618 833 653 889 et
667 825 773 890 adhuc
786 825 833 890 ibi
848 833 900 890 est
910 835 945 890 et
955 826 1032 892 inde
1045 827 1139 912 ponit
1152 850 1187 892 se
1201 849 1299 914 super
1312 827 1460 894 iuratam

361 927 405 992 Et
420 928 510 994 Prior
523 928 603 994 dicit
617 928 703 1015 quod
718 929 803 995 iente
820 931 885 995 fuit
903 931 939 996 in
958 931 1055 1016 plena
1076 940 1239 1017 potestate
1263 941 1298 997 et
1320 932 1461 999 sanitate

360 1053 419 1097 sue
444 1055 503 1097 nee
528 1053 587 1118 per
610 1032 786 1098 lindulfum
812 1040 847 1098 ot
871 1033 948 1098 inde
973 1035 1066 1119 ponit
1086 1057 1122 1100 se
1140 1034 1217 1100 iur’¹
1237 1044 1273 1100 et
1295 1035 1460 1101 Wniterus

360 1135 517 1201 similiter.
565 1135 640 1201 Fiet
661 1136 737 1202 inde
759 1136 867 1202 iurata
889 1146 948 1202 etc,
964 1137 1007 1202 ed
1027 1138 1318 1225 reoognosoendum
1339 1139 1368 1203 si
1388 1161 1461 1224 pre·

359 1239 466 1305 dictus
480 1238 626 1304 Andreas
639 1240 761 1305 donum
775 1240 858 1305 illud
872 1241 949 1306 fecit
959 1241 1071 1306 domui
1081 1250 1247 1306 etonrtem
1257 1263 1350 1306 suom
1362 1259 1460 1327 quom

361 1341 447 1407 idem
470 1341 561 1407 Prior
582 1351 641 1408 eto
657 1341 692 1406 in
711 1343 808 1428 plena
822 1342 962 1408 sanitate
977 1365 1036 1408 sue
1049 1343 1098 1408 ito
1112 1343 1198 1430 qnod
1212 1344 1299 1409 idem
1314 1345 1461 1410 Andreas

360 1453 433 1532 post
454 1445 575 1511 donum
597 1445 679 1511 illud
701 1447 764 1511 fuit
785 1446 941 1511 itinerans
960 1455 996 1511 et
1015 1447 1149 1532 loquens
1167 1447 1253 1512 siout
1269 1447 1356 1513 idom
1371 1449 1462 1514 Prior

361 1549 440 1614 dicit
455 1549 508 1613 uel
523 1548 653 1613 nicerte
671 1547 728 1613 ills
749 1549 836 1613 fecta
856 1548 921 1613 fuit
943 1549 978 1613 in
1001 1549 1155 1636 languore
1178 1571 1242 1636 quo
1265 1550 1348 1615 obiit
1371 1561 1460 1637 post-

362 1675 459 1741 quam
478 1653 630 1718 amiserat
649 1653 810 1739 loquelam
831 1661 867 1716 et
887 1673 946 1738 per
968 1652 1145 1716 Reduifum
1168 1654 1380 1718 camerarium
1403 1655 1460 1740 qui

361 1757 503 1844 sigillum
517 1780 614 1822 suum
628 1757 743 1822 habuit
757 1757 793 1822 in
807 1757 954 1822 custodio
968 1766 1007 1822 ut
1021 1756 1108 1822 idem
1122 1757 1288 1823 Wniterus
1304 1758 1384 1824 dioit
1398 1768 1458 1824 ete

426 1861 632 1948 'Preoeptum
647 1861 711 1926 fuit
725 1860 909 1925 uioeeomiti
927 1859 1013 1946 quod
1032 1860 1190 1925 reeordari
1212 1862 1332 1938 feceret
1352 1883 1459 1926 eornm

362 1987 400 2030 eo
414 1965 449 2030 in
462 1967 559 2051 pleno
578 1965 735 2030 comitatu
758 1964 918 2050 loquelam
940 1986 1003 2050 que
1025 1964 1089 2028 fuit
1110 1965 1145 2029 in
1166 1957 1284 2029 eodem
1301 1966 1459 2031 oomitetn

360 2069 447 2135 inter
462 2069 627 2136 Simonem
642 2068 682 2133 do
694 2068 913 2134 Berohestona
925 2078 1093 2154 petentem
1103 2077 1138 2134 et
1148 2069 1322 2135 Isabeliom
1337 2069 1460 2135 Coher⁸

360 2181 527 2238 tenentem
541 2172 583 2237 de
597 2170 689 2236 feodo
707 2171 804 2236 nnius
823 2171 939 2235 militis
959 2193 1034 2236 oum
1055 2154 1263 2256 pertinenciis
1285 2172 1320 2236 in
1343 2172 1457 2238 Sibbe·

360 2275 462 2341 foros
475 2275 561 2340 unde
576 2275 647 2361 ipsa
660 2274 800 2340 moon
813 2282 929 2361 questa
942 2274 1006 2344 fun
1020 2275 1106 2360 quod
1125 2256 1241 2340 sanim
1258 2275 1321 2340 sin
1336 2277 1458 2340 factum

360 2378 423 2444 fuit
437 2377 594 2444 iudicium
608 2385 667 2444 eto.
683 2384 718 2441 ot
734 2377 901 2442 reoordum
922 2377 1004 2442 illud
1025 2375 1161 2442 haberet
1181 2369 1240 2464 per
1260 2401 1317 2443 sex
1339 2379 1459 2464 legales

360 2482 483 2548 milites'
495 2481 574 2547 elios
591 2481 632 2546 ab
652 2479 793 2567 illisqui
813 2481 894 2546 alins
915 2480 1098 2546 debuerunt
1120 2481 1270 2547 habuisse
1291 2482 1459 2547 reoordum

359 2584 441 2650 illud
455 2605 561 2649 eorem
575 2581 759 2648 iustioioriis
773 2582 861 2668 apud
873 2581 1195 2648 westmonasterium
1205 2605 1244 2648 eo
1258 2584 1345 2670 qnod
1358 2593 1459 2650 teste·

361 2698 433 2753 tum
448 2688 511 2753 fuit
526 2685 611 2774 quod
625 2686 691 2751 fere
706 2707 816 2751 omnes
830 2687 952 2751 milites
966 2686 1007 2752 de
1021 2686 1178 2752 oomitatu
1197 2697 1405 2753 surrexemnt
1424 2697 1461 2753 et

361 2791 534 2858 noluerunt
549 2789 702 2853 interesse
717 2787 835 2853 iudicio
849 2787 913 2852 iffi·
927 2797 988 2855 eto.
1009 2796 1044 2853 et
1065 2789 1152 2874 quod
1173 2788 1307 2854 haberet
1328 2811 1461 2876 oorporn

360 2894 504 2961 illorum⁸
528 2893 570 2959 de
599 2893 717 2980 quibus
743 2899 901 2958 testatum
926 2893 991 2957 fuit
1015 2893 1102 2978 quod
1127 2878 1273 2958 fecerunt
1300 2893 1458 2959 iudicium

359 2996 441 3064 illud
469 2997 511 3061 ed
536 2995 793 3083 respondendum
821 2995 862 3060 de
890 2995 1020 3061 recordo
1048 2996 1105 3060 ilio
1129 3004 1164 3060 et
1189 2996 1231 3061 ad
1259 2996 1458 3062 audiendum

359 3101 516 3168 iudicium
543 3121 601 3187 pro
629 3099 785 3164 comitatu
815 3099 856 3164 de
885 3099 945 3164 hoo
973 3099 1061 3185 quod
1087 3091 1254 3164 reoordum
1282 3099 1365 3164 illud
1392 3122 1460 3166 non

360 3207 543 3272 habuerunt
558 3213 616 3270 eto
633 3203 717 3268 siout
735 3202 782 3268 eis
796 3212 985 3289 preoeptum
1000 3202 1063 3268 fuis
1077 3212 1136 3268 ete
1180 3203 1234 3268 Ad
1256 3203 1343 3268 diem
1363 3204 1459 3270 illum

360 3307 536 3374 uenerunt⁰
549 3306 669 3372 milites
687 3329 746 3392 pro
768 3307 924 3372 comitatu
946 3329 1029 3372 oum·
1042 3306 1172 3372 reoordo
1193 3315 1230 3371 et
1250 3307 1460 3373 recordentur

359 3414 444 3501 quod
461 3411 572 3479 Simon
587 3411 627 3476 de
643 3407 859 3476 Berohestone
872 3411 972 3496 peciit
984 3433 1045 3497 per
1056 3411 1156 3476 breue
1169 3410 1211 3476 de
1225 3418 1313 3477 reoto
1328 3412 1458 3478 feodum

354 3518 379 3603 j.
395 3516 509 3582 militis
530 3537 605 3582 oum
626 3513 835 3601 pertinenciis
854 3514 890 3580 in
910 3513 1113 3580 Sibbefordia
1135 3536 1249 3580 uersus
1271 3513 1458 3580 Ysebellem

359 3645 422 3710 que
444 3621 507 3687 fuit
528 3643 608 3686 uxor
629 3620 752 3685 Thome
775 3618 881 3687 Ooher
901 3628 936 3686 et
955 3621 1054 3705 peoiit
1073 3629 1108 3685 et
1122 3619 1277 3686 clamauit
1290 3628 1401 3685 tenere
1415 3619 1457 3685 de

359 3726 486 3795 Gomite
508 3724 550 3790 de
573 3724 749 3790 Warewioo
774 3731 808 3788 ot
834 3724 966 3789 tandem
994 3723 1131 3809 probata
1157 3722 1282 3788 defalta
1307 3721 1460 3788 incuria

358 3830 495 3899 Comitis
516 3829 679 3895 sumonito
698 3828 762 3892 fuit
781 3827 928 3914 predicto
940 3827 1080 3893 Isobella
1094 3826 1180 3914 quod
1195 3835 1280 3892 esset
1294 3827 1336 3892 ed
1349 3829 1456 3915 proxi·

356 3957 446 4000 mum
461 3933 659 4010 comitatum,
671 3931 712 3996 ed
721 3955 817 4018 quem
833 3933 1023 3996 comitatum
1034 3940 1069 3996 et
1083 3931 1125 3995 ed
1139 3930 1332 3995 comitatum
1346 3931 1457 3997 illum'

356 4061 390 4103 se
405 4036 578 4102 essonieuit
593 4035 663 4122 ipso
677 4035 717 4100 de
732 4033 818 4098 molo
832 4033 986 4100 ueniendi
1005 4041 1040 4098 et
1060 4032 1217 4098 Ricardus
1238 4032 1279 4098 de
1301 4033 1457 4098 Bemhes-

389 4157 397 4192 ¹
415 4157 486 4208 Gorr.
497 4171 571 4220 super
581 4158 699 4216 iuratam,
713 4153 744 4205 B.
931 4154 1064 4218 Petrifilii
1073 4155 1161 4211 Alani,
1173 4153 1203 4203 B.

387 4222 399 4255 ¹
413 4223 444 4272 Β.
456 4237 492 4272 m.
504 4223 543 4271 11.
963 4219 975 4250 ⁶
990 4221 1128 4269 Nioholom
1143 4219 1174 4267 de
1190 4219 1320 4274 Nodon‘is.
1332 4219 1414 4267 Adam
1424 4220 1456 4269 de

386 4288 398 4321 ⁸
415 4289 487 4350 Goer,
500 4287 531 4336 B.
930 4285 1015 4334 Monte
1031 4283 1132 4341 Sorelli,
1146 4284 1287 4332 Gilebertm
1299 4284 1329 4332 ds
1338 4283 1457 4333 Barata

387 4353 467 4411 ‘olto
478 4351 508 4402 B.
931 4350 1071 4398 (tiletanus
1084 4349 1203 4397 Finem
1218 4349 1340 4397 Rotertsoe
1356 4348 1457 4411 Pipard

388 4418 399 4449 ⁵
417 4417 535 4467 Witletms'
563 4416 617 4480 filii
647 4415 721 4478 Eine,
755 4413 878 4476 Gorotn'di
929 4421 953 4462 et
964 4415 1084 4463 Rotertm
1094 4415 1125 4462 de
1137 4412 1168 4477 (t)
1180 4415 1282 4473 douai,
1297 4413 1329 4460 B.

357 4485 472 4548 dimo,
500 4481 598 4531 Mathai
626 4482 655 4530 de
682 4480 822 4542 Bitonem,
852 4487 877 4545 et
960 4478 971 4511 ⁷
988 4477 1059 4529 Omit
1070 4485 1094 4528 et
1105 4479 1140 4527 od
1150 4478 1388 4528 comitatensium.
