3342 5217
423 446 657 509 nrcnnnnuss,
678 448 743 498 nn.
769 434 863 509 1232,
885 449 948 501 en.
972 433 1108 503 16-17.
1251 436 1312 503 675

275 615 319 682 Et
333 618 500 684 sciendum
515 619 602 706 quod
616 620 774 686 Ricardus
787 620 828 687 de
844 622 945 689 Stoke
965 631 1060 691 uocat
1078 623 1119 691 ad
1135 634 1313 693 warantum

209 717 250 784 de
271 720 385 837 ecdem
406 722 554 789 custodis
573 722 757 808 predictum
780 723 960 791 Robertum
981 734 1016 789 ct
1036 724 1104 811 ipse
1121 726 1151 792 ei
1165 727 1313 793 umenti·

209 832 319 993 mit
338 929 416 1015 quis
434 929 596 995 Robertus
614 930 697 995 dicit
715 930 802 1017 quod
816 933 1053 999 antecessorem
1068 933 1170 1019 ipsius
1185 934 1315 1001 Andree

209 1030 275 1095 scil.
300 1031 386 1117 quod
414 1032 580 1118 predictus
608 1033 770 1099 Henricus
798 1034 945 1099 feoffeuit
974 1034 1015 1099 de
1045 1044 1233 1103 tenemento
1258 1060 1317 1123 per

209 1134 382 1200 seruicium
404 1135 545 1201 militare
564 1136 746 1222 predictum
771 1138 904 1203 Petrum
927 1138 962 1203 in
984 1140 1129 1225 predicto
1150 1141 1315 1219 suburbio,

209 1241 282 1307 ideo
295 1248 485 1328 preceptum
500 1249 551 1306 est
561 1242 746 1307 uiceeomiti
760 1242 872 1309 Berclc
885 1244 971 1329 quod
987 1268 1093 1311 comm
1108 1268 1146 1311 eo
1160 1256 1194 1311 ct
1209 1270 1315 1313 comm

209 1345 396 1411 custodibus
410 1345 602 1432 placitorum
615 1346 746 1411 corone⁸
760 1346 857 1411 faciat
868 1346 921 1433 xij.
933 1357 967 1412 et
981 1348 1157 1435 diligenter
1170 1349 1316 1435 inquiret

208 1450 236 1515 si
259 1449 423 1537 predictus
445 1449 561 1515 Petrus
582 1472 665 1515 auus
685 1449 789 1536 ipsius
809 1450 939 1515 Andree
959 1451 1110 1517 fsoffetus
1129 1453 1194 1519 fuit
1207 1476 1228 1517 a
1242 1476 1313 1539 pre-

208 1552 296 1618 dicto
310 1552 452 1617 chrico
466 1552 502 1617 in
512 1552 657 1639 predicto
671 1553 826 1619 suburbio
841 1575 899 1639 per
913 1554 1086 1619 seruicium
1103 1556 1243 1625 militare
1259 1558 1313 1622 uel

208 1678 281 1734 non,
296 1666 331 1722 et
345 1656 590 1743 inquisicionem
605 1658 724 1723 hebeat
740 1667 822 1744 aput
837 1658 1161 1727 westmonasterium
1177 1684 1199 1727 e
1211 1662 1264 1729 die
1281 1663 1312 1728 S.

209 1762 347 1848 Hyllary
360 1759 438 1827 etc'

150 1931 158 1945 ‚
272 1863 458 1930 ‘Gnlfiidus
476 1864 517 1930 de
539 1864 692 1929 Nsouilla
717 1875 752 1931 et
778 1865 934 1931 Mobilis⁶
958 1889 1016 1953 per
1035 1876 1217 1933 ottometos
1240 1890 1314 1933 suos
1419 1892 1436 1923 r·

208 1968 377 2055 pecierunt
412 1990 526 2033 uersus
561 1967 779 2033 Clemencism
808 1970 849 2034 de
879 1970 1073 2057 Lunguilers
1102 1972 1189 2059 quod
1217 1972 1314 2039 faciat

208 2072 456 2139 consuetudines
477 2081 513 2137 et
531 2080 622 2137 recta
642 2072 780 2137 scruicis
798 2095 862 2158 que
882 2073 914 2138 ei
928 2074 1031 2140 facere
1046 2076 1144 2141 debet
1158 2076 1199 2141 de
1213 2076 1314 2141 libero

207 2186 396 2244 tenemento
420 2177 508 2264 quod
530 2176 572 2243 de
594 2175 642 2241 eis
664 2184 758 2240 tenet
778 2176 814 2241 in
835 2177 953 2264 Breley
975 2178 1025 2243 et⁰
1045 2178 1080 2243 in
1100 2179 1259 2266 homagiis
1279 2188 1313 2245 ct

208 2281 337 2346 releuiis
357 2289 392 2346 et
411 2280 484 2344 aliis
505 2288 566 2345 etc
588 2301 629 2343 ee
649 2278 775 2343 racione
798 2279 885 2365 quod
910 2280 982 2366 ipss
1006 2289 1056 2347 est
1079 2281 1120 2347 de
1143 2283 1312 2349 sesnescie„

209 2385 253 2450 Et
268 2383 453 2452 clemencia
467 2384 548 2448 alies
566 2405 673 2451 comm
693 2383 879 2449 iusticinriis
899 2384 1129 2451 itinerantibus
1148 2386 1314 2473 respondit

209 2487 295 2574 quod
309 2488 380 2575 ipss
394 2495 486 2553 tenet
500 2486 542 2552 de
558 2486 686 2554 comite
707 2488 874 2553 Lincolnis
897 2488 1143 2555 Constebulan'o
1166 2490 1314 2567 Cestrie⁷,

208 2602 243 2656 et
263 2592 349 2678 quod
368 2592 438 2678 ipse
458 2591 522 2657 fuit
543 2591 578 2658 in
600 2592 719 2657 seisina
740 2591 781 2657 de
803 2591 955 2680 homagio
979 2602 1013 2659 et
1036 2596 1170 2661 seruioio
1194 2618 1261 2672 suo,
1280 2605 1315 2661 et

208 2704 304 2760 uocat
319 2718 394 2760 eum
409 2694 485 2760 inde
505 2694 547 2759 ed
562 2703 741 2759 warantum
764 2704 825 2759 etc.
872 2696 915 2760 Et
937 2696 1053 2763 Comes
1074 2698 1168 2764 uenit
1189 2698 1314 2763 iustic’⁰

208 2806 289 2885 aput
303 2797 628 2863 westmonasterium
649 2805 684 2861 et
703 2797 858 2883 cognouit
878 2798 964 2883 quod
979 2799 1050 2884 ipsa
1065 2808 1156 2865 tenet
1171 2800 1211 2865 de
1227 2824 1265 2865 eo
1280 2810 1314 2866 et

208 2902 295 2988 quod
309 2902 379 2987 ipse
393 2902 470 2967 inde
483 2902 520 2967 in
534 2902 654 2967 seisine
672 2901 712 2967 de
733 2901 884 2987 homagio
898 2908 933 2966 et
947 2903 1084 2968 seruicio
1097 2926 1165 2981 suo,
1179 2912 1214 2971 et
1229 2905 1314 2990 petit

208 3003 365 3071 iudicium
393 3006 422 3069 si
450 3004 570 3070 debent
594 3004 637 3068 ad
659 3003 720 3068 hoc
745 3004 846 3068 breue
876 3006 1067 3089 respondere
1093 3006 1218 3073 desicut
1244 3008 1315 3093 ipse

209 3109 395 3177 clemencia
414 3109 515 3175 nichil
537 3118 630 3175 tenet
649 3108 689 3174 de
710 3108 757 3173 eis
776 3128 994 3195 necunquam
1009 3109 1117 3177 tenuit
1132 3118 1191 3177 etc
1236 3111 1314 3177 Post

209 3214 348 3279 ueniunt
369 3214 533 3281 Gslfridus
550 3222 585 3279 et
605 3213 741 3279 Msbilie
761 3222 797 3278 et
815 3222 936 3298 petunt
958 3214 1122 3279 licentium
1144 3214 1314 3281 recedendi

208 3316 250 3381 de
263 3317 358 3383 breui
371 3340 430 3383 suo
444 3326 480 3383 et
493 3317 626 3393 habent,
640 3324 675 3381 et
689 3316 763 3380 ideo
777 3315 854 3381 inde
868 3316 938 3381 sine
952 3316 1014 3383 die.

150 3487 158 3502 ,
272 3418 399 3487 ⁹Ausisu.
412 3422 506 3486 uenit
519 3420 724 3507 recognitum
738 3419 766 3484 si
781 3418 938 3484 Ricoudus
954 3419 1044 3483 Pirot
1062 3420 1162 3485 freter
1180 3420 1311 3487 deulfi

209 3522 300 3588 Pirot
321 3524 385 3589 fuit
406 3524 537 3590 seisitus
557 3524 593 3589 in
612 3524 773 3589 dominico
792 3546 852 3588 suo
871 3532 910 3588 ut
924 3522 964 3587 de
980 3523 1073 3589 feodo
1087 3522 1128 3588 de
1143 3546 1209 3589 una
1223 3546 1313 3589 ceru-

208 3634 282 3691 ceto
295 3634 381 3691 terre
398 3649 472 3692 cum
495 3636 577 3713 pert.
597 3627 632 3692 in
652 3626 866 3715 Wanrugge²⁰
885 3626 938 3692 die
958 3634 1017 3691 etc
1038 3634 1073 3691 et
1092 3626 1120 3691 si
1140 3634 1199 3693 etc.
1215 3650 1313 3713 quam

208 3740 329 3797 terrem
349 3730 533 3797 Radulfus¹¹
557 3731 650 3796 Brito
672 3740 774 3809 tenet,
796 3732 854 3819 qui
876 3732 968 3796 uenit
990 3738 1024 3797 ct
1044 3732 1229 3817 dicitquod
1249 3754 1313 3797 non

208 3834 308 3900 debet
321 3834 363 3899 ad
378 3834 440 3900 hoc
456 3835 557 3900 breue
578 3834 772 3922 respondere
794 3836 873 3921 quin
894 3858 960 3899 non
981 3842 1074 3899 tenet
1097 3842 1201 3900 tutem
1224 3835 1313 3901 illam

241 3952 374 4069 {gupprly⁸
395 3956 440 4068 lopi
470 3956 544 4017 prius
572 3956 736 4019 seoscueruut
817 3954 919 4071 :gorm
932 3957 1187 4073 cgrpmipffiictffirtiu
1199 3956 1230 4071 lii.
1274 4020 1300 4070 bl

208 4034 253 4115 Μ’
269 4034 368 4147 Seipiirley
374 4055 474 4145 iteriire,
486 4084 518 4133 B.
785 4034 1276 4147 hesdinglilitosisiriiiortisdirteicliinimrti
1284 4036 1315 4136 di

240 4148 252 4181 ¹
268 4148 316 4199 Sec
326 4149 371 4200 Bt.
390 4148 408 4201 i.
427 4151 468 4212 st,
486 4149 540 4201 und
554 4149 623 4201 nite.
642 4152 734 4209 (tarde,
787 4152 1016 4201 sternumento
1025 4152 1052 4201 H.
1061 4153 1155 4201 Albani
1164 4154 1315 4215 eaptuupud

210 4212 290 4327 Mis
311 4292 339 4327 m
359 4277 408 4330 on
789 4217 1238 4343 Wiii'iiiiiiiussiiiimsiiiiiii,
1251 4296 1315 4331 near

241 4313 443 4407 ‘sippiyueor
452 4346 514 4408 dus,
527 4345 557 4394 B.
787 4345 883 4395 alecto
896 4344 1048 4395 StJulisns.

241 4406 253 4437 ⁸
268 4410 389 4475 Brerelau
398 4416 435 4466 ut,
446 4410 477 4461 B.
820 4410 839 4441 ¹¹
852 4412 944 4469 nanu,
954 4409 984 4459 B.
1004 4410 1059 4461 The
1066 4410 1313 4475 ptaintmisnazpo,

242 4472 338 4522 ⁷John
350 4473 469 4536 chncy.
787 4475 832 4525 the
843 4474 985 4525 deforciant
997 4477 1114 4539 Rouotds
1121 4478 1281 4539 orRoudots.

1120 4578 1226 4639 43-2
