3342 5217
407 413 472 475 660
711 424 850 487 riscus,
872 423 937 475 nn.
961 408 1055 487 1234,
1077 420 1141 475 sn
1165 411 1216 475 1&

405 604 458 667 set
471 596 571 663 nichil
586 596 687 663 hebet
701 619 762 662 nec
774 596 894 662 hebuit
909 594 1039 683 quondo
1054 604 1172 662 uocate
1185 596 1250 661 fuit
1270 594 1313 661 sd
1327 603 1519 671 warantum,

405 700 484 785 quis
506 700 597 765 illum
620 700 711 787 prius
734 699 885 765 uendidit
908 706 943 764 et
966 697 1110 763 reddidit
1132 698 1266 784 capituli
1287 698 1427 765 domino.
1475 698 1519 762 Et

406 801 564 888 Magister
591 802 780 889 dicitquod
810 800 912 867 hebet
940 800 977 865 iu
1005 800 1210 866 excambium
1239 800 1282 867 sd
1309 801 1426 879 uitam,
1452 801 1519 866 scil

406 903 487 970 dues
504 905 586 992 uirg.
606 913 692 971 terre
713 906 749 971 in
763 904 933 980 Wuttonn,
948 910 983 968 et
1004 903 1076 989 ipss
1089 903 1272 989 dicitquod
1293 904 1395 968 nichil
1415 904 1519 969 hebet

405 1006 470 1072 nisi
483 1006 526 1072 ud
539 1008 745 1073 uoluntatem
759 1006 911 1093 ospitalis
923 1006 1054 1071 domini
1083 1070 1086 1077 ,
1099 1007 1144 1071 Et
1166 1006 1240 1071 ideo
1253 1016 1448 1093 preceptum
1468 1016 1519 1073 est

406 1109 591 1179 moeeomiti
605 1110 691 1197 quod
705 1110 734 1175 si
747 1110 819 1197 ipse
831 1110 974 1196 aliquam
990 1118 1110 1174 terrum
1130 1110 1252 1175 hebeat
1271 1110 1314 1175 de
1333 1108 1519 1175 hereditste

405 1211 509 1297 ipsius
530 1213 671 1291 Redulfi,
691 1213 747 1278 uel
768 1212 804 1277 in
825 1211 1024 1277 escambium
1045 1233 1105 1297 pro
1126 1219 1214 1276 term
1237 1233 1300 1297 que
1324 1211 1389 1276 suit
1413 1210 1522 1297 ipsius

405 1314 547 1394 Rodulfi,
563 1323 598 1382 et
612 1338 711 1402 quum
727 1314 848 1381 habuit
860 1314 902 1381 ed
917 1322 1044 1400 partem
1059 1336 1161 1393 mom,
1176 1313 1263 1400 quod
1282 1313 1403 1379 hebere
1418 1312 1519 1377 facist

406 1417 571 1484 Oristinne
583 1419 625 1484 ed
639 1419 820 1484 uelenciam
831 1426 919 1483 terre
929 1440 1027 1504 quem
1037 1417 1171 1504 petitin
1182 1418 1301 1493 dotem,
1310 1426 1346 1483 et
1357 1418 1518 1504 Magister

405 1520 552 1587 Militum
575 1521 702 1607 Templi
723 1528 836 1587 teneet
859 1520 895 1586 in
917 1542 1004 1606 poce,
1026 1519 1054 1584 si
1075 1527 1187 1585 eutem
1209 1520 1309 1585 nichil
1331 1520 1456 1586 hebent
1477 1518 1518 1585 de

405 1623 519 1689 eedem
534 1632 630 1704 term,
644 1646 705 1689 nec
718 1622 927 1701 escambium,
941 1630 1021 1688 tunc
1035 1630 1205 1708 recuperet
1221 1622 1386 1689 Gristiens
1402 1645 1518 1689 uersus

406 1727 603 1815 Magistrum
614 1726 766 1793 seisinum
780 1747 874 1791 suem
888 1725 931 1790 de
945 1732 1032 1793 torre
1046 1747 1146 1811 quam
1159 1725 1246 1811 petit
1255 1724 1272 1791 ².

470 1830 635 1896 Robertus
657 1830 702 1895 de
722 1830 844 1897 Briwes
869 1852 929 1916 per
949 1836 1152 1893 sttornotum
1175 1851 1271 1894 suum
1292 1829 1380 1915 petit
1400 1850 1518 1895 uersus

405 1931 548 1997 Priorem
570 1933 611 1998 de
625 1932 880 1999 Bermundeseie
899 1931 1147 1997 aduocscionem
1169 1932 1301 1998 ecclesie
1319 1932 1360 1998 de
1384 1932 1518 2019 Steplee

404 2043 444 2101 ut
457 2036 510 2101 ius
523 2060 627 2114 suum,
642 2044 677 2102 et
691 2036 779 2103 unde
794 2036 927 2122 quidam
942 2035 1105 2103 Rohertus
1119 2057 1203 2099 auus
1215 2058 1294 2101 suus
1304 2035 1369 2100 fuit
1383 2035 1517 2100 seisitus

403 2140 439 2205 in
454 2140 614 2206 dominico
635 2162 694 2206 suo
715 2149 754 2205 ut
776 2140 817 2205 de
832 2140 926 2205 feodo
947 2147 983 2205 et
1004 2140 1074 2205 iure
1097 2147 1243 2226 tempore
1258 2138 1358 2227 Regis
1374 2138 1517 2213 Ricmdi,

403 2245 453 2311 ite
466 2245 553 2331 quod
573 2244 776 2331 presentouit
790 2243 954 2330 quendem
970 2242 1172 2311 Willelmum
1192 2241 1234 2307 de
1250 2241 1443 2319 Chamntin,
1459 2240 1515 2328 qui

403 2346 446 2411 od
459 2347 736 2433 presentecionem
750 2368 844 2411 suam
858 2345 922 2411 fuit
937 2346 1096 2411 admissus
1110 2344 1268 2430 capiendo
1284 2345 1361 2411 inde
1382 2346 1516 2432 explete

402 2448 445 2513 ad
467 2448 647 2514 ueleuoiem
670 2448 746 2515 dim.
769 2470 876 2516 meroe
897 2456 937 2515 ut
960 2448 996 2513 in
1019 2447 1153 2513 decimis
1174 2447 1455 2514 etoblacionibus
1480 2457 1516 2514 et

294 2563 297 2569 ’
402 2550 476 2616 eliis
489 2551 741 2619 obuentionibus
755 2560 825 2630 etc,
841 2560 876 2621 et
892 2552 934 2621 de
954 2551 1099 2637 predicto
1121 2550 1265 2619 Roberto
1279 2551 1449 2618 descendit
1463 2552 1514 2617 ius

402 2652 626 2721 sduocecionis
651 2654 740 2720 illius
765 2653 910 2723 Johenni
932 2653 1000 2719 filio
1026 2674 1087 2721 suo
1110 2660 1150 2721 ut
1178 2652 1246 2719 filio
1275 2660 1310 2721 et
1333 2653 1456 2734 heredi,
1479 2662 1514 2720 et

402 2758 444 2824 de
465 2756 613 2844 predicto
634 2757 786 2825 Johenne
808 2756 865 2825 isti
888 2756 1032 2827 Roberto
1054 2764 1094 2827 ut
1113 2756 1185 2825 filio
1205 2764 1241 2827 et
1260 2755 1380 2837 heredi,
1399 2766 1435 2825 et
1453 2756 1514 2825 hoc

402 2861 497 2927 offert
512 2871 572 2930 etc.

467 2967 513 3033 Et
527 2968 619 3034 Prior
632 2969 727 3034 uenit
741 2976 776 3033 et
790 2968 939 3036 defendit
953 2969 1005 3036 ius
1019 2992 1115 3035 suum
1135 2976 1170 3033 et
1186 2968 1266 3034 dicit
1280 2966 1367 3059 quod
1390 2968 1513 3033 nichil¹

402 3070 482 3135 iuris
496 3071 633 3136 clamere
648 3080 757 3157 potest
771 3072 807 3137 in
827 3074 942 3139 eadem
964 3072 1178 3139 eduocecioue
1193 3071 1271 3157 quie
1291 3093 1407 3137 reuera
1428 3080 1512 3137 tem·

401 3194 479 3259 pore
509 3174 552 3239 R
581 3175 683 3262 Regis
711 3176 767 3240 eui
796 3176 890 3241 Dom.
917 3176 1017 3264 Regis
1043 3175 1117 3241 finis
1142 3176 1248 3241 factus
1273 3176 1338 3240 fuit
1360 3175 1398 3241 in
1422 3176 1514 3242 curio

401 3276 506 3363 ipsius
532 3277 625 3343 Dom.
656 3278 757 3365 Regis
784 3279 873 3345 inter
900 3280 1073 3345 monachos
1102 3279 1234 3345 ecclesie
1268 3279 1302 3345 S.
1332 3279 1514 3347 saluatoris

400 3378 444 3444 de
457 3380 711 3448 Bermundeseie
724 3391 760 3449 et
773 3384 957 3470 predictum
972 3383 1153 3449 liebertum
1168 3382 1209 3449 de
1225 3384 1347 3449 Briwes
1361 3382 1404 3449 de
1419 3384 1512 3449 errius

401 3482 519 3547 seisins
539 3484 626 3570 petit
655 3484 904 3551 eduooeoionem
933 3486 1024 3551 illam
1053 3486 1094 3551 de
1123 3485 1339 3551 eduocscione
1363 3486 1511 3573 predicte

400 3584 543 3665 ecclesie,
569 3594 604 3651 et
629 3587 717 3653 unde
740 3590 862 3674 profert
888 3588 1124 3677 cyrographum
1147 3588 1235 3674 quod
1257 3595 1401 3653 testetur
1423 3588 1510 3675 quod

400 3686 488 3753 idem
512 3688 675 3755 Robertus
694 3690 735 3756 de
757 3691 880 3757 Briwes
902 3692 1060 3758 concessit
1081 3691 1313 3777 inperpetuum
1336 3713 1395 3778 pro
1416 3714 1452 3758 se
1475 3700 1510 3759 et

401 3791 576 3858 heredibus
598 3793 667 3859 suis
688 3795 844 3881 predictis
866 3796 1033 3863 monachis
1052 3796 1103 3861 ius
1124 3795 1350 3861 eduocscionis
1371 3794 1414 3862 de
1437 3819 1509 3884 pre·

400 3894 491 3960 dicto.
509 3896 643 3962 ecclesia
662 3896 704 3962 de
725 3898 848 3985 Stsple,
863 3899 912 3965 ite
931 3898 1018 3986 qnod
1032 3898 1201 3985 quosciens
1215 3920 1289 3963 eam
1304 3920 1419 3964 necere
1434 3921 1507 3965 con-

402 3998 545 4086 tingeret
559 3998 600 4063 de
615 4007 723 4065 cetero
742 4002 783 4066 ed
802 4003 1077 4089 presentationem
1095 4002 1314 4089 predictorum
1336 4003 1506 4068 monacho

400 4124 473 4167 rum
489 4101 529 4166 de
545 4101 798 4170 Bermundeseie
812 4106 906 4172 Dom.
923 4105 1128 4171 Batoniensis
1143 4105 1321 4193 Episcopus
1338 4128 1505 4193 personam

401 4207 550 4272 idoneam
575 4206 735 4293 reciperet
759 4218 795 4273 et
823 4210 1012 4277 institueret
1040 4209 1162 4297 absque
1187 4208 1445 4275 contmdiocione
1473 4220 1505 4275 et

432 4379 443 4412 ¹
460 4377 525 4427 This
536 4377 559 4427 ie
571 4377 639 4428 Fitz.
656 4380 781 4430 Recoum
797 4396 828 4430 eo
844 4382 927 4440 vulne,
978 4379 1024 4430 the
1034 4378 1225 4441 Abridgement.
1260 4376 1308 4429 See
1318 4378 1363 4430 Br.
1375 4380 1394 4431 l.
1408 4380 1466 4431 300.

399 4448 440 4497 26.
474 4443 529 4492 Ther
545 4458 605 4493 osse
620 4443 644 4493 is
659 4444 735 4506 given
751 4449 780 4495 ct
795 4446 885 4509 length
898 4447 927 4495 in
1010 4446 1022 4477 ¹
1038 4446 1104 4508 quod
1114 4444 1336 4506 nictilrnpested.
