3342 5217
462 342 696 406 memma,
717 339 782 393 an.
807 331 902 407 1224,
922 345 985 395 nu
1010 334 1102 399 8-9.
1272 332 1337 403 71⁷

295 518 340 583 Et
354 517 512 584 Ricardns
525 519 619 586 uenit
633 528 668 584 et
688 520 850 606 cognoscit
869 528 992 585 cartam
1012 542 1104 587 suam
1125 529 1160 587 et
1179 522 1266 609 quod
1289 524 1338 589 its

229 621 344 689 dotata
359 622 424 688 fuit
443 630 494 688 set
516 622 664 710 Rogerus
684 631 780 708 pater
800 620 946 688 eiusdem
969 624 1085 690 Emme
1107 622 1184 691 fecit
1209 628 1240 691 ei
1263 650 1337 693 con·

229 725 421 791 uencionem
457 725 621 812 quandam
658 748 756 811 quam
793 726 825 790 ei
854 748 918 791 non
948 726 1058 793 tenuit
1087 736 1122 793 et
1151 728 1224 795 ideo
1253 732 1339 817 petit

228 828 386 895 iudicium
414 829 443 893 si
472 828 513 893 de
543 828 619 893 dote
649 850 709 893 sua
736 828 856 895 debent
879 829 910 894 ei
934 832 1126 917 respondere
1149 834 1338 921 priusquam

227 934 373 1020 Rogemus
387 933 532 999 tenuerit
546 934 578 998 ei
592 932 852 999 conuencionem.

293 1038 338 1101 Et
351 1036 430 1124 quia
442 1036 606 1124 cognoscit
619 1046 742 1101 cartam
757 1058 850 1101 suam
865 1044 899 1101 et
914 1038 1000 1123 quod
1019 1038 1068 1105 ite
1087 1040 1151 1106 fuit
1170 1040 1285 1109 dotata
1304 1052 1339 1109 et

228 1144 404 1209 conuencio
425 1143 545 1231 Rogeri
567 1144 602 1209 in
623 1143 714 1207 nullo
734 1142 843 1229 tangit
862 1143 1021 1223 Emmam,
1036 1147 1274 1213 consideratum
1288 1158 1338 1213 est

229 1245 316 1330 quod
339 1246 457 1311 Emma
480 1246 687 1332 recuperauit
711 1244 864 1310 seisinam
886 1268 979 1312 suam
1001 1248 1103 1315 utde
1125 1250 1201 1315 dote
1223 1261 1339 1317 suaet

228 1348 386 1414 Ricardus
399 1348 435 1414 in
448 1348 665 1414 misericordia
679 1356 714 1413 et
728 1348 896 1435 perquirat
910 1371 945 1413 se
961 1372 1075 1417 uersus
1089 1352 1262 1439 Rogerum.

171 1509 178 1522 ,
292 1451 414 1517 ¹Aiicia
427 1474 491 1538 que
506 1451 570 1516 fuit
584 1473 666 1516 uxor
679 1451 803 1515 Thome
818 1450 880 1515 filii
895 1448 979 1517 Gote
994 1454 1081 1539 petit
1101 1476 1213 1521 uersus
1228 1457 1339 1522 Dauid
1392 1478 1465 1520 soma

227 1554 268 1620 de
288 1554 487 1620 Hoclintone
505 1554 639 1620 terciam
658 1562 786 1640 purtem
805 1553 882 1619 dim.
904 1555 984 1643 uirg.
1006 1565 1091 1623 terre
1111 1582 1186 1624 cum
1206 1568 1287 1647 pert.
1303 1561 1337 1625 in

228 1656 393 1725 Mortona¹
413 1667 453 1723 ut
478 1658 589 1723 dotem
614 1679 708 1723 snam
734 1664 795 1723 etc.
817 1657 906 1723 unde
929 1659 1070 1727 Thomas
1092 1662 1144 1727 uir
1166 1685 1243 1729 suus
1265 1686 1336 1731 eam

226 1763 358 1829 dotauit
372 1772 434 1829 etc.

293 1870 337 1933 Et
358 1868 468 1934 Dauid
488 1867 580 1933 uenit
598 1876 633 1933 et
653 1889 718 1931 non
738 1866 812 1931 uult
833 1868 866 1931 ei
888 1869 1080 1954 respondere
1102 1870 1172 1935 sine
1196 1882 1337 1939 waranto

226 1997 286 2039 suo
300 1975 341 2040 de
356 1974 432 2039 dote
446 1996 513 2038 sua
1103 2009 1107 2019 ι
1263 1968 1266 1975 ’
1387 2022 1391 2031 .

292 2079 336 2143 Et
361 2078 468 2143 Alicia
491 2075 681 2163 dicitquod
702 2074 889 2141 Willelmus
910 2076 997 2143 filius
1019 2086 1053 2143 et
1075 2090 1237 2146 warantus
1259 2104 1337 2147 suus
1390 2096 1393 2105 ¹

225 2180 367 2246 eiurauit
380 2202 517 2266 regnum
532 2201 591 2266 pro
604 2177 755 2265 nequicia
767 2200 828 2243 sua
842 2187 877 2243 et
892 2179 966 2245 ideo
980 2203 1045 2246 non
1060 2181 1160 2248 debet
1171 2187 1336 2271 expectari

226 2283 305 2369 quia
318 2282 390 2368 ipsa
403 2282 505 2346 habet
518 2280 626 2346 adhuc
640 2302 740 2345 uuam
754 2278 874 2344 filiam⁸
889 2288 949 2345 etc.

291 2386 336 2452 Et
370 2386 482 2452 Dauid
515 2386 610 2451 uenit
645 2392 759 2471 postea
787 2393 822 2449 et
852 2394 948 2450 uocat
977 2386 1053 2452 inde
1082 2387 1125 2453 ad
1154 2398 1335 2456 warantum

225 2490 392 2557 Simonem
421 2490 462 2555 de
491 2489 683 2575 Pinkeniny.
732 2488 865 2553 Habeat
895 2488 929 2554 in
956 2496 1022 2555 tres
1050 2491 1249 2579 septimanas
1277 2518 1336 2583 per

223 2594 383 2659 auxilium
409 2592 505 2659 curie
550 2592 628 2656 Post
653 2591 747 2656 uenit
773 2599 808 2655 et
837 2592 945 2658 reddit
974 2592 1005 2658 ei
1035 2595 1169 2661 terciam
1198 2604 1334 2683 partem,

224 2696 344 2761 habeat
357 2694 509 2761 saisinam
523 2714 616 2757 suam
632 2700 693 2757 etc

209 2840 215 2846 ·
289 2798 412 2864 Eadem
433 2795 541 2860 Alicio
564 2793 686 2880 optulit
711 2816 745 2858 se
769 2793 827 2879 iiij.
851 2794 905 2859 die
931 2817 1044 2860 uersus
1068 2796 1268 2865 Willelmum
1293 2800 1333 2867 de

224 2902 469 2971 Olarisuallibus
492 2900 533 2965 de
556 2898 676 2986 placito
701 2898 801 2963 tercie
822 2898 925 2985 partis
948 2898 1023 2964 dim.
1047 2900 1128 2987 uirg.
1151 2911 1235 2968 tene
1258 2926 1332 2969 cum

223 3015 304 3094 pert
334 3007 370 3071 in
399 3005 513 3071 eadem
542 3003 623 3068 uilla
658 3025 757 3088 quam
793 3003 914 3067 clamat
950 3003 985 3067 in
1021 3002 1132 3069 dotem
1169 3014 1228 3072 etc
1289 3008 1332 3071 Et

223 3110 408 3177 Willelmus
421 3130 487 3174 non
501 3107 594 3172 uenit
610 3113 670 3171 etc
686 3113 721 3171 et
734 3105 952 3170 summonitus
967 3115 1027 3172 etc
1386 3178 1390 3185 ¹

288 3214 401 3279 Tereia
413 3234 488 3299 pars
502 3211 650 3298 capiatur
662 3209 698 3274 in
712 3232 846 3274 manum
862 3210 955 3276 Dom.
972 3210 1073 3299 Regis
1087 3222 1122 3278 et
1136 3214 1206 3280 dies
1220 3223 1280 3282 etc.
1296 3226 1331 3283 ct

223 3318 291 3406 ipse
306 3324 550 3383 summoneatur
563 3314 650 3402 quod
664 3313 708 3379 sit
723 3313 783 3378 tali
797 3312 850 3379 die
866 3320 926 3379 etc.

167 3486 175 3501 ‚
288 3420 463 3486 ‘Radulfus
489 3418 576 3484 filius
603 3416 740 3483 Roberti
761 3425 796 3482 et
817 3416 925 3481 Alicio
946 3438 1028 3481 uxor
1049 3416 1119 3483 eius
1141 3422 1331 3487 summoniti
1404 3456 1452 3486 202

222 3528 356 3593 fuerunt
379 3526 423 3591 ad
447 3521 707 3610 respondendum
734 3520 875 3586 Viuiano
898 3520 965 3586 filio
988 3520 1121 3587 Rudulfi
1143 3522 1243 3611 quare
1266 3549 1331 3593 non

223 3628 433 3695 warentinant
447 3626 479 3691 ei
488 3625 513 3712 j.
528 3623 710 3710 menagium
730 3643 805 3687 cum
826 3630 908 3707 pert.
924 3622 958 3687 in
981 3623 1109 3691 Oxonia
1131 3626 1217 3712 quod
1240 3636 1331 3695 tenet

222 3742 258 3800 et
281 3733 322 3799 de
344 3732 391 3797 eis
412 3739 524 3796 tenere
548 3730 669 3794 clamat
696 3735 756 3791 etc
780 3734 815 3790 et
838 3725 925 3791 unde
949 3734 1072 3791 cartam
1096 3750 1207 3795 eorum
1231 3730 1331 3797 habet

222 3846 282 3904 etc
304 3838 310 3925 Ι

288 3942 332 4008 Et
346 3940 506 4007 Redulfus
519 3946 555 4003 et
568 3936 675 4001 Alicia
688 3936 829 4001 ueniunt
844 3944 879 4001 et
893 3934 1008 4002 dicunt
1023 3938 1110 4024 quod
1124 3961 1190 4003 non
1208 3940 1329 4009 debent
1378 3954 1419 4004 [¹⁸⁷
1428 3954 1455 4004 tl

222 4044 253 4110 ei
267 4044 351 4109 illud
368 4040 575 4109 warentizare
594 4038 673 4125 quia
691 4038 805 4104 eadem
824 4038 932 4103 Alicia
951 4038 1078 4104 nullum
1098 4042 1277 4130 mesagium
1298 4044 1329 4109 ei

222 4146 377 4213 concessit
391 4168 450 4210 nec
464 4151 554 4211 carta
568 4142 712 4229 loquitur
729 4142 769 4207 de
790 4164 837 4220 ea,
852 4149 887 4206 et
908 4140 982 4207 ideo
1002 4165 1066 4209 non
1087 4145 1161 4209 uult
1181 4148 1328 4212 warenti-

384 4306 394 4337 ¹
411 4306 441 4355 Α.
453 4320 489 4355 m.
501 4306 563 4356 sud.
931 4301 942 4333 ³
952 4304 1040 4367 filiam
1050 4303 1180 4366 repeated.

385 4372 396 4402 ²
412 4371 515 4421 Mortcn
527 4372 653 4435 Pinknoy.
930 4366 941 4399 ⁴
957 4369 988 4417 Δ.
1000 4382 1035 4418 m.
1048 4370 1088 4418 ³2.
