3342 5217
348 389 411 453 462
639 403 789 464 rnrsrrr,
812 401 881 452 an.
907 389 999 462 1231,
1021 403 1083 450 nn.
1110 391 1157 450 15.

347 581 570 638 tenementum
594 573 703 638 tenuit
732 572 772 638 de
796 571 936 638 Radulso
966 572 1006 636 de
1030 571 1207 637 Pesenhele
1229 581 1265 636 et
1286 593 1344 658 por
1365 571 1453 657 quod

346 674 518 738 seruicium
535 683 594 740 etc.

412 776 455 840 Et
471 777 654 842 Willelmus
675 799 740 842 nou
762 777 856 842 uenit
877 786 939 844 etc
984 777 1029 842 Et
1049 778 1267 843 summonitus
1286 787 1345 843 etc.
1389 779 1452 844 Ju-

346 881 467 946 dicium
482 882 689 948 ethschietur
703 883 790 970 quod
805 883 849 948 sit
863 891 924 948 etc.

411 992 614 1058 ¹Willelmus
650 993 691 1058 de
728 991 988 1079 Faukenbcrgho
1025 990 1258 1057 Thesaurarius
1294 992 1326 1058 S.
1357 993 1453 1058 Pauli

275 1118 293 1147 ι
345 1093 510 1160 Londonie
539 1095 745 1162 ethachietus
775 1095 839 1160 luit
864 1096 906 1161 ad
935 1097 1194 1182 respondendum
1223 1097 1383 1162 Nicholao
1410 1097 1452 1162 de

346 1197 543 1264 Estuteuille
583 1221 681 1285 quare
722 1209 853 1264 secutus
892 1208 943 1264 est
983 1198 1141 1284 placitum
1178 1199 1213 1262 in
1249 1198 1340 1264 curia
1374 1200 1452 1265 cris-

345 1301 507 1366 tianitatis
535 1301 576 1368 de
606 1301 731 1368 catallis
760 1323 823 1387 que
850 1324 915 1366 nou
943 1311 1021 1366 sunt
1050 1311 1110 1366 etc
1140 1311 1252 1367 contra
1281 1303 1454 1388 prohibici-

344 1428 439 1470 onem
462 1415 522 1472 etc.
544 1415 579 1472 et
603 1405 689 1472 unde
719 1407 934 1472 deterioratus
963 1417 1014 1472 est
1042 1416 1101 1472 etc.
1132 1418 1167 1474 et
1196 1406 1272 1474 inde
1302 1409 1452 1494 producit

344 1517 473 1574 sectam.

411 1613 454 1678 Et
471 1613 653 1678 Willelmus
673 1611 765 1677 uenit
787 1621 822 1676 et
843 1611 989 1678 defendit
1010 1621 1123 1678 contra
1143 1613 1251 1698 ipsum
1273 1622 1307 1678 et
1328 1622 1450 1678 sectam
1507 1663 1512 1671 ,

344 1737 436 1780 suam
452 1716 538 1801 quod
552 1737 719 1802 uunquam
735 1726 807 1800 post
822 1714 1074 1800 prohibicionem
1090 1725 1221 1780 secutus
1232 1725 1283 1781 cst
1293 1718 1451 1803 placitum

344 1816 426 1884 illud
440 1819 480 1884 de
496 1819 621 1884 catallis
636 1839 698 1903 que
714 1839 779 1882 nou
794 1825 872 1882 sunt
891 1817 932 1882 de
953 1826 1151 1882 testamento
1171 1819 1225 1884 uel
1245 1820 1453 1885 matrimonio

344 1945 403 1988 nec
425 1923 466 1988 de
488 1923 560 1988 aliis
582 1931 652 1998 ete,
674 1929 708 1986 et
734 1943 848 1986 reuera
871 1921 951 1986 dicit
974 1921 1060 2007 quod
1082 1922 1248 2007 predictus
1273 1924 1453 1989 Nicholsus

344 2035 477 2094 tenetur
495 2027 526 2092 ci
544 2049 602 2114 per
623 2035 745 2092 curtam
767 2047 860 2090 suem
878 2025 918 2090 de
933 2025 1073 2112 quodum
1094 2049 1202 2092 annuo
1224 2027 1355 2094 redditu
1378 2051 1452 2093 oen-

344 2138 415 2194 tum
431 2129 485 2194 sol
502 2151 581 2216 quos
601 2128 632 2194 ei
649 2129 805 2194 concessit
821 2149 880 2213 per
899 2138 1020 2192 cartam
1042 2149 1135 2194 suam
1157 2129 1303 2194 caritatis
1325 2131 1452 2196 intuitu

343 2233 565 2320 percipiendos
594 2233 634 2298 de
660 2254 788 2298 camera
816 2253 884 2309 sua,
908 2239 943 2296 et
965 2233 1043 2317 quia
1064 2233 1152 2298 idem
1178 2233 1357 2300 Nicholaus
1385 2235 1453 2301 iam

331 2338 484 2404 cessauit
506 2339 540 2404 in
562 2337 723 2404 solucione
746 2359 804 2423 per
825 2346 892 2401 tres
915 2359 1016 2402 anuos
1038 2343 1072 2402 et
1096 2337 1268 2402 dimidium
1292 2338 1341 2404 ita
1365 2340 1454 2425 quod

344 2442 375 2508 ei
398 2451 503 2506 urctro
529 2450 606 2507 sunt
630 2441 715 2528 xxvj.
742 2462 848 2506 marce
874 2451 909 2506 et
935 2441 1078 2519 dimidia,
1100 2451 1136 2506 et
1159 2442 1237 2528 quia
1259 2442 1455 2508 caritstiue'

344 2553 377 2608 et
399 2544 483 2609 sicut
506 2543 681 2609 elemosine
701 2541 847 2608 redditus
869 2541 925 2608 ille
947 2543 978 2608 ei
1007 2565 1175 2608 concessus
1204 2544 1268 2609 fuit
1297 2544 1371 2609 ideo
1399 2546 1452 2609 in-

343 2647 514 2734 placitauit
551 2669 626 2712 eum
663 2647 698 2712 iu
727 2647 816 2712 curia
844 2646 1069 2711 cristianitatis
1098 2654 1148 2710 set
1177 2668 1346 2732 nunquam
1375 2658 1452 2733 post

344 2751 604 2836 prohibicionem.
650 2751 693 2816 Et
722 2751 799 2837 quia
831 2750 954 2816 iudices
985 2773 1020 2815 se
1050 2750 1295 2816 essoniauemnt
1324 2760 1359 2816 et
1387 2751 1454 2837 ipsi

279 2872 284 2881 '
344 2853 466 2920 habent
486 2855 572 2920 diem
588 2877 646 2941 per
665 2855 876 2919 cssonistores
894 2876 968 2918 suos
990 2861 1059 2931 etc,
1075 2861 1109 2917 et
1132 2852 1364 2919 Thesaurarius
1378 2878 1452 2940 pro-

344 2959 407 3022 fert
422 2958 602 3024 ediciones⁸
617 2957 774 3044 sigillatus
789 2957 905 3044 sigillis
919 2957 1137 3043 predictorum
1152 2957 1296 3022 iudicum
1312 2968 1351 3022 ut
1362 2960 1454 3038 dicit,

345 3073 379 3128 et
393 3085 457 3126 non
472 3062 593 3148 poterit
608 3072 752 3126 constare
769 3061 830 3125 uisi
847 3084 904 3146 per
919 3061 1041 3125 iudices
1056 3060 1097 3126 de
1115 3061 1254 3125 ueritate
1275 3062 1454 3148 signorum,

344 3167 440 3232 datus
458 3175 508 3230 est
522 3165 670 3251 partibus
689 3165 776 3229 idem
796 3165 866 3230 dies
889 3174 927 3230 ut
948 3174 1027 3232 tunc
1050 3165 1178 3242 sciatur,
1193 3174 1304 3230 utrum
1327 3166 1454 3234 iudices

343 3269 513 3356 procedere
529 3277 663 3356 possunt
679 3269 732 3334 uel
747 3292 818 3334 non.

408 3373 611 3438 ‘Willelmus
626 3373 656 3438 le
672 3373 809 3459 Enueys'
825 3373 910 3458 petit
925 3394 1038 3438 uersus
1053 3373 1253 3438 Willelmum
1272 3375 1314 3439 de
1330 3375 1452 3441 Metin-

248 3502 261 3529 0
281 3519 286 3529 ·
343 3477 462 3565 geham
477 3499 574 3563 quem
590 3476 732 3541 Jacobus
746 3476 776 3542 le
794 3475 932 3562 Enueys’
949 3477 1079 3542 uocauit
1094 3477 1135 3542 ad
1148 3487 1329 3543 warantum
1344 3483 1453 3566 etqui

343 3582 375 3646 ei
390 3579 612 3646 warentizuuit
627 3580 689 3663 xvj.
705 3602 766 3644 scr.
782 3588 867 3643 terre
882 3601 956 3644 cum
979 3589 1059 3665 pert
1075 3580 1110 3644 in
1132 3581 1318 3667 Langehale
1341 3592 1380 3648 ut
1400 3585 1454 3648 ius

343 3705 447 3760 suum,
458 3683 507 3747 ita
521 3683 607 3768 quod
623 3681 804 3746 Willelmus
820 3681 913 3746 uenit
927 3689 962 3746 et
976 3683 1107 3747 uocauit
1122 3683 1197 3748 iude
1213 3684 1255 3749 ad
1269 3693 1453 3750 warantum

344 3788 547 3852 Gilebertum
567 3787 670 3851 filium
687 3785 809 3851 Thome
830 3785 888 3872 qui
907 3786 1000 3851 uenit
1021 3794 1056 3850 et
1070 3786 1150 3851 dicit
1165 3787 1251 3873 quod
1270 3811 1336 3852 non
1350 3787 1455 3854 debet

342 3891 373 3955 ei
395 3890 601 3954 warentizare
625 3889 701 3974 quia
726 3897 899 3974 postquam
922 3897 1139 3953 antecessores
1160 3889 1211 3953 sui
1233 3890 1456 3955 feoffauerunt

342 4003 557 4058 antecessores
586 3991 688 4078 ipsius
717 3989 874 4055 Willelmi
904 3992 944 4056 de
972 3992 1205 4078 Metingeham‚
1232 3993 1457 4059 feoffauerunt

341 4106 557 4162 antecessores
586 4096 688 4182 ipsius
716 4095 873 4160 Willelmi
902 4096 942 4160 dc
974 4096 1196 4182 Metiugeham
1230 4105 1456 4163 antecessores

342 4203 443 4288 ipsius
467 4199 622 4264 Willelmi
647 4199 676 4262 le
708 4198 847 4284 Enueys’
871 4197 956 4261 unde
986 4199 1066 4263 dicit
1090 4198 1176 4284 quod
1199 4199 1239 4263 de
1266 4199 1459 4266 incunrbra-

376 4363 430 4414 ιΒ.
444 4375 479 4410 m.
492 4362 532 4409 10.
565 4361 867 4412 ButBislullollroles.
953 4363 1084 4414 ³SceBr.
1098 4363 1115 4412 l.
1129 4366 1185 4415 410.

376 4429 385 4460 ²
404 4429 551 4488 larilulr'ue,
565 4427 594 4476 B.
952 4430 962 4458 ⁴
978 4429 1009 4477 B.
1022 4444 1056 4476 ιιι.
1071 4431 1109 4478 ll.
