3342 5217
407 361 470 426 466
702 371 852 433 rmmrr,
873 370 938 422 sn.
962 358 1055 436 1231,
1077 374 1141 425 ιιι
1165 363 1214 423 15.

191 582 193 585 -
286 561 358 631 607ἔ
474 540 1345 629 ¹PetrusPeiureathechistusfuitsdrespondendum
1354 542 1506 609 Nicholoo

299 664 349 705 Bet
409 646 596 733 Oreuequer
620 668 719 733 quere
742 647 820 712 fecit
846 656 978 711 uastum
1001 647 1227 713 uendicionem
1250 657 1286 714 et
1311 649 1446 714 exilium
1471 648 1506 713 de

409 752 503 817 terris
517 750 666 816 domibus
679 750 783 815 boscis
803 757 838 813 et
857 748 1043 815 hominibus
1058 773 1138 836 quos
1158 750 1259 816 hebet
1280 750 1322 815 sd
1338 752 1506 815 terminum

409 855 449 920 de
468 854 649 919 hereditate
669 853 807 940 predicti
827 853 979 919 Nicholei
998 854 1033 918 in
1054 854 1263 941 Tudingtons
1283 854 1326 920 ad
1347 854 1506 921 exheredi-

278 958 281 967 “
409 958 570 1023 tecionem
592 957 694 1043 ipsius
715 958 875 1035 Nicholei,
890 966 925 1022 ct
948 959 1034 1023 unde
1056 958 1143 1023 idem
1166 960 1347 1025 Nioholeus
1367 959 1508 1045 queritur

409 1062 496 1149 quod
517 1062 605 1127 idem
627 1061 743 1127 Petrus
765 1062 843 1127 fecit
869 1069 1001 1126 nostum
1027 1062 1068 1127 de
1095 1063 1137 1149 vj.
1162 1064 1346 1149 quercubus
1371 1072 1406 1127 et
1429 1059 1506 1149 quod

409 1166 497 1254 cepit
507 1166 532 1252 j.
547 1188 687 1231 mercem
703 1166 744 1231 de
758 1166 913 1252 predictis
927 1167 1113 1232 hominibus
1128 1176 1188 1234 etc

477 1270 520 1334 Et
549 1269 667 1335 Petrus
692 1270 785 1335 uenit
815 1278 850 1335 et
878 1269 1025 1336 defendit
1046 1280 1179 1337 uastum
1204 1279 1239 1336 et
1260 1271 1507 1337 destruccionem

411 1381 445 1439 et
466 1373 551 1461 quod
573 1373 700 1437 nullum
723 1382 855 1438 uastum
870 1374 955 1440 fecit.
1000 1376 1044 1440 Et
1064 1376 1141 1461 quis
1160 1377 1292 1463 querele
1312 1385 1363 1441 est
1383 1376 1425 1441 de
1447 1384 1508 1440 tam

411 1500 513 1564 porus
534 1498 577 1555 re,
600 1476 848 1543 Considerstum
870 1479 1029 1565 estquod
1054 1480 1172 1545 Petrus
1196 1480 1273 1547 inde
1298 1482 1368 1546 sine
1393 1480 1456 1557 die,
1479 1488 1509 1543 et

411 1580 611 1668 prohibitum
623 1589 673 1645 est
685 1581 715 1645 ei
727 1581 812 1667 quod
823 1582 864 1647 de
876 1590 983 1647 cetero
994 1583 1121 1649 nullum
1136 1593 1267 1650 uastum
1279 1586 1377 1650 facist
1391 1584 1465 1649 eto²
1481 1585 1486 1668 Ι

287 1666 361 1799 [ἕὸζ]
477 1684 637 1749 Redulsus
651 1684 739 1750 filius
753 1684 912 1751 Willelmi
931 1687 971 1751 de
992 1688 1025 1752 le
1043 1688 1137 1753 Dene
1157 1688 1244 1775 petit
1263 1712 1377 1754 uersus
1391 1686 1509 1753 willel-

265 1784 384 1876 ΗΜ
412 1812 502 1853 mum
531 1788 635 1853 filium
664 1788 823 1854 Johannis
852 1790 939 1876 quod
961 1790 1059 1855 saciet
1087 1792 1339 1858 consuetudines
1368 1800 1403 1857 et
1428 1800 1509 1857 recte

411 1892 548 1958 seruicia
569 1915 632 1978 que
654 1892 685 1957 ei
708 1893 811 1958 fucere
833 1893 932 1959 debet
954 1894 994 1959 de
1017 1894 1118 1959 libero
1139 1903 1328 1961 tenemento
1349 1918 1408 1960 suo
1430 1892 1510 1981 quod

411 1996 452 2061 de
468 2020 505 2061 eo
520 2004 612 2061 tenet
627 1996 662 2060 in
677 1996 912 2076 Bercsmstede,
928 2006 962 2063 et
977 1998 1064 2063 unde
1077 2000 1164 2085 petit
1178 2001 1221 2066 sb
1241 2024 1280 2066 eo
1295 2000 1382 2087 quod
1401 2000 1510 2065 reddat

411 2101 443 2166 ei
461 2100 502 2167 de
523 2100 649 2167 duobus
666 2101 747 2188 uirg.
764 2110 850 2167 terre
865 2124 946 2188 ques
965 2102 1006 2167 de
1026 2126 1065 2169 eo
1084 2113 1178 2169 tenet
1198 2105 1234 2169 in
1252 2103 1419 2191 predicte·
1438 2100 1510 2187 xiiij.

412 2207 467 2271 sol.
483 2229 541 2292 per
558 2228 681 2271 annum
703 2215 738 2271 et
757 2206 845 2292 quod
859 2207 957 2273 facist
981 2207 1012 2273 ei
1034 2216 1069 2273 et
1089 2196 1178 2274 omni
1198 2209 1321 2274 familie
1339 2230 1399 2274 sue
1418 2205 1510 2273 semel

412 2310 447 2375 in
468 2332 553 2374 anno
575 2317 720 2395 tempore
743 2308 854 2375 Nstsl'
878 2333 979 2375 unum
1005 2312 1215 2377 conuiuium‘
1236 2313 1277 2378 de
1300 2313 1421 2400 quibus
1440 2334 1509 2377 con·

412 2413 639 2479 suetudinibus
675 2421 711 2478 et
746 2414 892 2479 seruiciis
926 2415 1092 2501 predictus
1121 2418 1309 2483 walterum
1344 2418 1424 2483 suus
1451 2415 1509 2481 fuit

412 2518 541 2583 seisitus
556 2527 701 2602 tempore
716 2517 816 2603 Regis
830 2517 865 2583 J.
881 2526 916 2583 et
931 2517 991 2583 hoc
1005 2519 1099 2584 offert
1116 2528 1176 2586 etc.

478 2623 522 2691 Et
538 2622 722 2686 Willelmus
744 2620 837 2685 uenit
858 2629 893 2686 et
916 2622 1078 2708 cognoscit
1100 2623 1186 2709 quod
1208 2631 1301 2689 tenet
1322 2624 1364 2689 de
1386 2646 1426 2690 eo
1444 2646 1512 2711 pre·

412 2725 536 2791 dictum
551 2733 776 2790 tenementum
792 2732 826 2789 et
842 2725 928 2811 quod
945 2726 977 2791 ei
995 2725 1072 2791 inde
1094 2726 1228 2792 reddere
1246 2727 1347 2792 debet
1365 2750 1425 2814 per
1443 2748 1509 2792 ann

413 2827 491 2913 xiiij.
507 2827 562 2892 sol.
585 2834 619 2891 et
634 2827 716 2892 bene
737 2826 883 2891 defendit
898 2828 985 2914 quod
1003 2829 1151 2893 nullum⁸
1168 2829 1200 2894 ei
1215 2830 1319 2895 fecere
1338 2830 1437 2896 debet
1457 2851 1511 2895 nec

413 2937 506 3016 poter
520 2953 598 2995 suus
615 2929 691 2994 inde
706 2930 770 2995 fuit
789 2931 920 2997 seisitus
939 2941 974 2996 et
993 2932 1069 2999 inde
1089 2934 1182 3020 ponit
1201 2956 1236 2999 se
1258 2956 1357 3020 super
1369 2935 1512 3021 petriam

414 3036 457 3101 Et
483 3035 642 3099 deulsus
663 3034 820 3100 similiter.
866 3035 910 3100 Et
938 3035 1012 3101 ideo
1041 3045 1231 3123 preceptum
1260 3047 1312 3110 est
1333 3035 1513 3104 uioeoomiti

413 3139 499 3225 quod
513 3161 619 3204 coram
635 3161 673 3203 eo
688 3146 722 3203 et
737 3161 843 3203 corsm
859 3140 1047 3206 custodibus
1060 3142 1252 3227 placitorum
1267 3164 1382 3207 corone
1401 3164 1512 3207 conue-

412 3244 482 3307 nire
496 3243 594 3307 facist
608 3242 662 3329 xij.
678 3242 718 3307 de
734 3243 863 3307 uisneto
877 3243 918 3308 de
934 3244 1161 3310 Bercomstede
1172 3268 1231 3331 per
1240 3266 1321 3331 quos
1334 3246 1383 3311 rei
1396 3245 1514 3310 uentu

412 3345 529 3410 melius
548 3344 622 3409 sciri
647 3344 768 3430 poterit
791 3352 826 3409 et
848 3368 906 3431 per
926 3368 1036 3412 eorum
1059 3346 1296 3413 sacromentum
1318 3356 1378 3413 etc
1398 3348 1426 3413 si
1447 3370 1515 3434 pre-

412 3449 518 3514 dictus
534 3448 717 3513 Willelmus
731 3457 825 3534 peter
840 3449 971 3514 deulfi
986 3458 1131 3537 tempore
1147 3451 1248 3539 Regis
1261 3451 1292 3517 J.
1309 3452 1373 3517 fuit
1387 3452 1515 3517 scisitus

412 3559 451 3617 ut
465 3551 505 3617 de
521 3550 614 3616 feodo
629 3558 663 3617 et
678 3551 748 3616 iure
763 3550 804 3617 de
819 3552 969 3617 conuiuio
984 3552 1041 3617 illo
1055 3552 1140 3617 sicut
1154 3552 1195 3617 de
1210 3553 1346 3619 seruicio
1360 3553 1417 3619 illo
1429 3552 1514 3641 quod

411 3656 555 3742 pertinet
570 3655 611 3720 ad
622 3654 804 3741 predictum
819 3664 1045 3723 tenementum
1060 3657 1114 3721 uel
1128 3679 1203 3734 non,
1217 3666 1254 3722 et
1271 3656 1515 3743 inquisicionem

413 3761 493 3867 scire
508 3760 606 3825 saciat
620 3769 680 3825 etc
695 3782 755 3846 per
768 3760 879 3825 literss
894 3769 928 3826 et
943 3783 1002 3847 per
1015 3761 1096 3827 duos
1110 3772 1171 3829 ete

293 3890 366 3953 509·
478 3865 662 3929 Willelmus
681 3864 767 3929 filius
788 3864 939 3930 Nicholsi
961 3872 996 3930 et
1017 3865 1175 3931 Ricardus
1196 3864 1283 3930 filius
1304 3864 1448 3951 Philippi
1469 3886 1516 3928 es·

279 3986 373 4034 wuom
413 3971 589 4036 sonistores
603 3968 693 4033 Petri
712 3968 752 4033 de
776 3968 1004 4055 Ssutemareys
1025 3969 1216 4055 optulerunt
1235 3991 1270 4033 se
1284 3990 1397 4033 uersus
1410 3966 1516 4032 Adsm

448 4139 456 4171 ¹
474 4140 505 4188 B.
516 4154 552 4188 m.
566 4140 605 4189 ll.
992 4143 1052 4189 rent
1063 4138 1166 4189 service.

448 4204 539 4253 ²This
550 4219 608 4255 osse
620 4204 643 4253 is
653 4203 721 4253 cited
736 4203 770 4267 by
780 4204 938 4262 Brsctond.
1024 4205 1152 4267 ‘Supply
1212 4219 1240 4254 er
1255 4204 1309 4255 sud
1330 4204 1370 4255 for
1394 4206 1518 4257 sarton

417 4268 495 4318 eleb.
529 4269 554 4319 It
566 4269 588 4319 is
598 4270 667 4319 Fitz.
683 4271 758 4327 Wast,
771 4271 826 4319 134.
992 4270 1103 4333 perhaps
1189 4272 1334 4320 Witlelmus.

448 4334 459 4366 ³
476 4335 575 4397 Supply
586 4337 657 4384 uilla.
1024 4334 1035 4366 ⁶
1052 4334 1150 4399 supply
1161 4338 1315 4385 conuiuium.

448 4400 459 4431 ⁴
475 4400 655 4449 AChristmss
671 4399 764 4449 dinnsr
780 4398 897 4450 reserved
913 4414 942 4449 ss
