3342 5217
351 396 415 459 654
655 404 792 467 terresterq
814 403 879 455 nn.
905 392 998 465 1234,
1020 404 1084 454 nn.
1110 394 1158 453 18.

349 579 514 667 predictus
527 578 602 643 Ade
615 601 701 643 anno
715 587 751 643 et
766 578 819 643 die
834 600 899 664 quo
914 572 978 643 fnit
1000 577 1100 643 uiuus
1120 586 1156 642 et
1178 584 1325 641 mortuus
1347 573 1461 639 tenuit
1538 634 1541 639 .

349 683 481 769 aliquod
509 689 736 747 tenementum
765 683 820 747 uel
850 681 981 747 feodum
1010 681 1051 747 de
1081 681 1152 767 ipse
1179 680 1322 757 Oliuero‚
1347 678 1404 743 nel
1429 676 1461 741 si

349 810 408 873 per
436 787 549 851 decem
574 808 676 850 annos
697 793 774 851 ente
796 793 936 850 mortem
961 806 1055 849 suem
1080 784 1211 849 feodum
1236 782 1324 870 qnod
1346 780 1461 846 tenuit

349 892 385 955 in
411 890 524 955 eedem
550 889 631 953 uilla
651 888 793 953 reddidit
815 888 880 974 ipsi
905 889 1038 954 Oliuero
1062 897 1131 965 etc,
1152 896 1189 953 et
1210 886 1458 973 inquisicionem

351 993 463 1057 uenire
478 992 576 1057 faciet
590 992 625 1055 in
640 991 712 1056 Oct.
728 992 762 1056 S.
774 991 872 1055 Mich.
888 1014 946 1076 per
961 992 1088 1055 litteras
1102 1000 1137 1055 et
1151 991 1299 1077 perdum
1314 998 1374 1055 etc
1412 989 1461 1052 Et

352 1095 520 1162 sciendum
550 1095 636 1181 qnod
665 1094 829 1180 Mergeria
851 1094 1014 1179 cognoscit
1036 1093 1122 1179 quod
1144 1093 1231 1158 idem
1253 1094 1328 1158 Ade
1349 1092 1462 1157 tenuit

350 1207 577 1264 tenementum
591 1220 689 1262 suum
703 1197 739 1261 in
753 1196 985 1262 Almodesham
1001 1197 1036 1261 in
1050 1198 1193 1282 soceegio
1207 1206 1267 1263 ete

414 1300 582 1365 Johannes
599 1300 629 1365 le
646 1299 751 1365 Ghem
770 1307 805 1363 et
828 1296 988 1364 Keterine
1009 1322 1091 1363 uxor
1111 1299 1182 1364 eine
1203 1308 1322 1385 petunt
1344 1320 1461 1363 nereus

351 1405 518 1470 Julianem
540 1404 643 1469 filiam
672 1405 851 1468 Normenn'
877 1403 1089 1468 medietatem
1113 1403 1136 1488 j.
1164 1404 1250 1489 hyde
1273 1412 1357 1467 terre
1383 1424 1460 1467 cum

351 1517 433 1596 pert
454 1508 490 1573 in
514 1506 622 1585 Bum’,
644 1516 678 1571 et
699 1528 813 1570 uersus
834 1506 1019 1571 Johannem
1042 1505 1187 1571 Gulaffre
1209 1506 1276 1592 viij.
1298 1528 1358 1572 acr.
1383 1528 1459 1571 cum

351 1619 432 1697 pert
455 1611 490 1675 in
513 1610 626 1673 eedem
647 1609 728 1673 uilla
749 1617 788 1672 nt
813 1608 866 1673 ius
887 1630 983 1673 suum
1007 1616 1041 1673 et
1067 1610 1153 1673 unde
1177 1610 1315 1695 quedem
1338 1609 1462 1695 Roysia

353 1715 421 1779 filia
456 1713 588 1779 Redulfi
620 1712 660 1777 de
691 1712 803 1777 Norm'
833 1721 870 1777 et
898 1721 1003 1779 meter
1032 1714 1176 1799 predicte
1207 1714 1364 1779 Katerine
1394 1714 1462 1778 fuit

352 1817 465 1882 eeieite
484 1817 520 1881 in
542 1814 703 1881 dominico
724 1837 783 1880 suo
805 1824 845 1881 ut
865 1816 905 1882 de
928 1816 1021 1882 feodo
1043 1826 1078 1881 et
1099 1817 1169 1882 iure
1192 1825 1336 1904 tempore
1358 1816 1464 1903 Regis

352 1923 384 1988 J.
406 1921 563 2008 capiendo
584 1921 716 2007 explete
738 1929 797 1985 etc.
822 1928 858 1985 et
880 1920 920 1985 de
944 1922 1090 2007 predicte
1114 1922 1273 1987 Knterine
1291 1921 1462 1986 descendit

353 2025 409 2092 isn'
423 2026 564 2091 Rednlfo
571 2023 589 2090 ¹.

418 2132 463 2195 Et
474 2131 497 2195 J
498 2130 608 2195 uliane
619 2129 712 2195 uenit
723 2137 758 2195 et
773 2129 854 2194 dicit
866 2128 952 2215 qued
961 2130 1125 2215 predictus
1136 2128 1160 2194 J
1160 2130 1302 2194 ohannes
1314 2128 1461 2195 Gulaffie

320 2255 327 2271 ·
352 2233 439 2319 petit
467 2254 582 2297 uersus
607 2252 680 2296 earn
703 2230 841 2296 eandem
865 2231 1076 2297 medietatem
1098 2232 1188 2297 illiue
1209 2232 1294 2319 hyde
1317 2242 1402 2297 terre
1424 2233 1462 2297 in

353 2338 444 2402 cun'e
472 2337 565 2401 Dcm
597 2336 698 2422 Regis
733 2343 816 2421 aput
845 2336 1181 2415 westmonasterium,
1210 2346 1244 2403 et
1272 2337 1359 2401 unde
1389 2338 1463 2423 ipse

353 2439 462 2526 posuit
490 2462 525 2504 se
553 2438 589 2504 in
611 2460 763 2525 magnam
788 2440 920 2504 assisam
949 2440 1041 2504 Dem.
1069 2440 1178 2526 Regis,
1203 2441 1288 2505 sicut
1309 2448 1403 2527 petet
1424 2440 1461 2504 in

353 2544 459 2609 rotulo
478 2566 500 2609 e
518 2543 571 2609 die
591 2543 624 2609 S.
639 2542 714 2609 Jch.
729 2543 764 2608 in
784 2566 834 2609 xv.
858 2544 935 2622 dies,
950 2552 985 2609 et
1007 2543 1092 2630 petit
1114 2544 1270 2610 iudicium
1292 2545 1320 2610 si
1342 2544 1462 2610 debeat

354 2649 485 2735 utrique
500 2648 699 2735 respendere.
741 2648 787 2713 Et
801 2648 880 2734 quia
893 2648 980 2713 idem
994 2649 1019 2713 J
1020 2649 1162 2713 ohannes
1176 2648 1267 2735 prius
1280 2648 1462 2735 inpetrauit

354 2750 454 2815 breue
473 2772 569 2815 enum
590 2772 689 2835 quem
708 2748 772 2835 ipsi
790 2751 814 2815 J
815 2748 958 2814 ohannes
978 2758 1013 2814 et
1033 2750 1193 2815 Keterina
1210 2760 1245 2816 et
1266 2750 1348 2815 illud
1369 2750 1462 2837 prius

354 2861 405 2919 est
420 2876 481 2918 usu
496 2861 532 2918 et
545 2860 701 2939 tempore,
717 2852 789 2917 ideo
804 2852 881 2917 inde
896 2852 965 2918 eine
981 2852 1033 2917 die
1049 2852 1150 2919 denec
1165 2854 1287 2919 scietur
1300 2854 1354 2919 cui
1373 2862 1463 2919 terre

354 2957 412 3021 illa
432 2957 621 3034 remanebit,
645 2964 679 3020 et
704 2955 806 3020 denec
835 2955 964 3041 loquela
993 2954 1188 3021 terminetur
1216 2957 1302 3021 inter
1330 2956 1462 3021 eosdem

355 3062 378 3126 J
378 3061 539 3125 ohannem
554 3060 698 3125 Guleffre
713 3068 749 3123 et
763 3059 938 3124 Julienam.

422 3166 466 3229 Et
478 3165 501 3229 J
501 3162 659 3228 ohannes*
671 3164 764 3228 uenit
779 3172 814 3227 et
829 3162 1007 3250 dicitquod
1022 3164 1122 3229 nichil
1137 3172 1230 3230 tenet
1241 3166 1282 3230 de
1297 3174 1384 3231 term
1398 3166 1465 3245 illa,

355 3268 413 3335 eed
427 3269 559 3355 quidam
574 3269 696 3355 Symon
710 3268 798 3333 filius
812 3268 835 3333 J
838 3269 973 3334 ohannis
988 3269 1046 3355 qui
1064 3277 1114 3335 est
1133 3270 1219 3334 infre
1233 3280 1356 3335 etatem
1370 3272 1462 3337 illem

355 3380 448 3436 tenet
462 3379 501 3435 ut
516 3371 557 3436 de
571 3370 656 3435 dono
669 3370 773 3456 ipsius
786 3371 809 3435 J
810 3372 946 3436 ohannis
967 3372 1110 3437 Gulaffre
1130 3372 1216 3437 sicut
1235 3372 1326 3437 illam
1340 3374 1381 3438 de
1397 3396 1465 3461 que

355 3498 432 3541 eum
453 3476 599 3540 feoffeuit
620 3483 795 3561 antequam
818 3476 918 3541 breue
941 3484 1026 3540 esset
1047 3476 1258 3562 inpetratum,
1280 3486 1314 3542 et
1335 3500 1466 3564 semper

355 3580 419 3646 fuit
440 3580 476 3645 in
497 3580 616 3645 neieina
635 3602 657 3644 e
677 3580 760 3644 feste
783 3580 816 3645 S.
839 3580 936 3646 Mich.
959 3602 1043 3645 enno
1065 3580 1104 3645 R.
1119 3580 1207 3665 xvij0.
1230 3589 1264 3645 et·
1286 3581 1464 3668 incipiente

356 3683 455 3771 xviij0.
478 3706 580 3770 usque
602 3684 645 3749 ad
666 3684 753 3748 hunc
774 3683 862 3748 diem
885 3692 920 3747 et
942 3685 1073 3769 explete
1094 3684 1170 3751 inde
1192 3686 1281 3772 cepit
1302 3686 1350 3751 ite
1375 3687 1464 3773 quod

356 3787 444 3852 idem
458 3786 481 3851 J
482 3785 646 3851 ohannes⁸
658 3787 783 3850 nullam
797 3785 948 3851 seisinam
968 3786 1084 3852 hebuit
1098 3808 1157 3852 nec
1179 3788 1311 3874 explete
1331 3790 1464 3875 recepit

357 3890 402 3956 Et
423 3891 590 3955 Jchannee
611 3898 647 3954 et
673 3888 852 3954 Keterina⁴
878 3890 993 3956 dicunt
1015 3891 1101 3977 qued
1125 3890 1215 3976 ipse'
1240 3892 1305 3957 fuit
1329 3892 1406 3958 inde
1429 3894 1464 3959 in

355 3994 475 4060 eeisine
488 3991 618 4079 quando
631 3992 733 4058 breue
747 3993 812 4057 fuit
825 3992 1027 4079 inpetratum
1043 4004 1078 4059 et
1093 4004 1212 4080 postea„

422 4099 500 4163 Post
514 4098 608 4163 uenit
622 4097 646 4162 J
646 4097 789 4162 ohannes
803 4107 839 4162 et
854 4098 947 4185 ponit
962 4120 996 4163 se
1010 4098 1045 4163 in
1060 4120 1212 4187 magnam
1224 4098 1357 4165 eesieem
1368 4100 1464 4166 Dem.
1562 4150 1567 4161 .

390 4299 400 4331 ¹
418 4298 469 4349 Sic.
902 4264 906 4279 Ι
967 4297 978 4330 ⁴
994 4295 1049 4347 The
1059 4294 1241 4347 demandante.

389 4362 473 4414 ’The
483 4365 575 4413 tenum
586 4362 657 4414 John
668 4363 792 4414 Gnlcflre.
967 4361 1164 4412 'Thetenent

389 4428 400 4461 ¹
416 4427 473 4478 The
482 4431 584 4479 ment
