3342 5217
371 438 434 500 152
673 447 822 510 reruni,
844 446 910 497 22.
935 433 1028 509 1222,
1049 447 1114 498 ss.
1138 437 1166 498 6.

368 624 453 690 sicut
475 623 516 688 22
538 623 642 688 filium
664 630 700 688 62
721 621 874 687 heredem
896 643 992 686 suum
1014 630 1049 686 62
1071 621 1131 686 200
1150 621 1246 687 offert
1264 621 1399 707 probm
1413 643 1474 708 per

247 737 314 788 [nu]
368 751 483 814 corpus
506 725 637 792 Ricsrdi
661 725 720 790 filii
744 725 896 790 Rcberti¹
918 724 959 790 de
981 724 1166 812 Regetons¹
1183 725 1241 812 qui
1261 725 1342 791 dicit
1362 723 1368 810 Ι
1385 724 1473 811 quod

369 828 547 896 Robertus⁸
561 837 656 914 pater
670 828 740 894 eius
760 829 847 894 uidit
868 829 975 914 ipsum
998 828 1191 894 chwinum
1212 829 1395 916 capientem
1418 851 1473 893 62·

368 935 460 1020 pleto
481 934 522 999 de
546 941 634 997 26222
656 932 714 997 2112
736 931 821 997 62662
843 932 1026 1017 predictum
1049 941 1100 998 est
1119 943 1154 999 et
1173 933 1319 1020 precepit
1339 933 1371 998 ei
1385 932 1472 1019 qnod

368 1036 428 1101 hoc
443 1035 671 1100 disrecioneret
685 1058 744 1121 per
758 1057 873 1121 corpus
886 1059 983 1101 266222
1003 1037 1033 1101 62
1051 1038 1128 1102 2226
1147 1038 1320 1124 aliquando
1342 1060 1472 1102 necesse

368 1139 466 1204 suerit
481 1139 534 1202 uel
550 1139 644 1202 022622
658 1139 793 1224 probare
807 1162 867 1226 per
876 1140 977 1204 212622
989 1149 1028 1204 62
1038 1140 1191 1227 suprs⁴si
1202 1141 1244 1205 de
1254 1141 1324 1226 ipso
1334 1141 1472 1206 12262220

367 1243 452 1308 mele
467 1241 649 1328 contigerit.
686 1242 870 1308 Willehnus
884 1242 925 1307 26
941 1242 1136 1307 Denmsrtin
1151 1253 1334 1309 attemetus
1350 1244 1473 1310 Odonis

368 1347 461 1413 uenit
475 1355 510 1412 et
525 1345 671 1411 defendit
685 1347 737 1412 266
751 1369 848 1412 suum
863 1355 898 1412 62
912 1347 1062 1412 662626226
1078 1356 1113 1413 62
1128 1355 1235 1413 totum
1256 1349 1296 1413 de
1316 1348 1417 1414 uerbo
1436 1347 1472 1412 in

367 1450 505 1516 uerbum
520 1457 554 1514 et
569 1451 663 1515 022622
678 1451 850 1517 defendere
865 1474 924 1537 per
943 1474 1058 1538 corpus
1077 1452 1207 1517 Ricardi
1229 1452 1271 1517 de
1292 1453 1325 1516 N
1327 1453 1473 1517 ewehnm

366 1553 422 1618 uel
436 1574 494 1639 per
507 1553 624 1618 alium⁵
638 1562 697 1618 622.
714 1552 741 1618 62
761 1554 802 1619 26
824 1577 864 1619 60
885 1563 944 1620 etc
989 1555 1013 1620 J
1013 1555 1166 1634 odicium,
1181 1557 1254 1622 Ode
1267 1555 1422 1622 26266222
1435 1578 1472 1620 66

367 1679 426 1742 per
446 1679 560 1744 corpus
582 1657 684 1744 ipsius
706 1658 837 1723 Ricardi
859 1658 917 1743 qui
938 1657 1014 1724 inde
1034 1659 1127 1725 dedit
1145 1659 1279 1726 62226222
1293 1670 1328 1726 62
1342 1659 1472 1726 2266622

367 1755 490 1844 plegios
505 1757 579 1822 etc.⁸

434 1860 477 1923 Et
490 1858 655 1945 predictus
670 1859 828 1924 Ricardus
843 1867 878 1924 62
898 1860 970 1925 020
992 1861 1131 1926 ueniunt
1151 1884 1227 1926 cum
1249 1860 1473 1948 campionibus

367 1963 434 2030 suis
450 1974 483 2030 62
498 1965 618 2052 quesiti
633 1965 660 2029 62
671 1965 838 2030 2660226222
854 1966 919 2030 tale
934 1963 979 2030 622
992 1965 1107 2030 dicunt
1122 1965 1208 2051 quod
1222 1966 1389 2031 recordum
1404 1966 1472 2030 2216

368 2076 419 2133 662
433 2077 468 2133 62
482 2068 666 2154 campiones
680 2067 830 2134 similiter
844 2067 901 2153 qui
916 2067 1055 2133 ueniunt
1069 2067 1193 2133 armati
1233 2068 1292 2133 Set
1307 2067 1472 2153 predictus

367 2170 525 2236 Ricerdus
538 2171 579 2236 de
596 2170 735 2237 Cottone
750 2170 830 2235 dicit
845 2170 932 2257 quod
945 2170 1109 2256 predictus
1124 2170 1282 2236 Ricardus
1296 2171 1337 2236 26
1353 2172 1471 2236 Newe·

367 2273 444 2338 hem
464 2282 636 2360 postquam
658 2273 805 2338 usdiauit
827 2274 974 2338 duellum
995 2275 1178 2359 predictum
1199 2274 1348 2340 62222622
1369 2275 1471 2339 ulium

367 2375 512 2442 duellum
528 2377 563 2441 in
577 2377 735 2442 comitatu
751 2376 899 2441 Deuonie
915 2385 950 2440 62
963 2377 1045 2442 21162
1066 2377 1225 2462 percussit
1246 2386 1281 2442 62
1302 2377 1389 2463 petit
1410 2377 1472 2442 hoc

368 2481 431 2547 sibi
445 2481 581 2547 21100222
628 2481 671 2546 Et
686 2481 844 2546 122622266
854 2481 895 2545 26
907 2480 1085 2546 Neweham
1100 2481 1263 2568 cognoscit
1278 2481 1365 2568 quod
1379 2480 1473 2546 2661-

204 2608 275 2654 0222
284 2607 319 2648 us
366 2585 435 2650 lum
450 2585 532 2650 illud
546 2585 704 2672 percussit
719 2594 753 2649 et
768 2585 854 2671 quod
869 2583 951 2648 illud
971 2583 1119 2648 62222622
1133 2593 1207 2670 post
1221 2585 1368 2651 duellum
1381 2585 1473 2651 istud

203 2655 350 2787 Ξυυῗξῖιῗὲἕῶ
369 2688 537 2754 6222222622
552 2696 603 2752 662
618 2687 799 2772 dicitquod
813 2686 913 2750 nichil
929 2686 1007 2750 fecit
1026 2709 1085 2772 per
1106 2687 1191 2772 quod
1212 2687 1303 2753 istud
1323 2688 1472 2753 duellum

204 2748 344 2890 fflnffio
368 2790 487 2856 debeat
515 2811 680 2854 remancre
710 2788 788 2874 quia
816 2811 914 2852 22266
942 2797 993 2852 662
1018 2796 1053 2853 62
1081 2789 1252 2854 incolumis
1277 2797 1312 2854 et
1337 2798 1473 2875 parutus

202 2887 336 2974 :ffudmffi
368 2891 410 2956 221
440 2892 622 2958 faciendum
650 2891 797 2976 duellum
826 2912 923 2954 suum
952 2912 1010 2975 pro
1038 2889 1169 2954 domino
1194 2913 1253 2956 suo
1277 2891 1363 2956 sieut
1387 2890 1472 2957 illud

203 2982 317 3068 W*
368 2995 525 3062 62222622.

434 3098 477 3162 Ε2
491 3097 674 3161 Willelmus
689 3096 728 3161 26
746 3094 902 3162 Cochem'
916 3094 1072 3181 magister
1092 3095 1194 3181 ipsius
1214 3095 1345 3161 Ricsrdi
1363 3096 1470 3183 quesi-

367 3209 421 3266 tus
435 3201 463 3265 si
478 3209 562 3266 esset
577 3223 651 3264 cum
666 3198 735 3286 ipso
751 3197 888 3262 Ricardo
904 3197 1031 3283 quando
1049 3196 1198 3262 62222622
1212 3197 1376 3263 duellum‘
1389 3197 1471 3263 dicit

366 3305 452 3392 quod
466 3327 531 3370 non
549 3313 599 3370 set
618 3326 732 3368 reuera
754 3302 817 3366 2622
838 3323 912 3366 oum
934 3323 973 3366 eo
996 3301 1125 3387 quando
1148 3300 1230 3366 illud
1253 3301 1412 3387 percussit
1434 3311 1472 3366 et

366 3409 445 3476 dicit
461 3409 545 3495 quod
562 3408 700 3473 nesciuit
715 3407 801 3493 quod
816 3406 960 3470 duellum
980 3407 1063 3471 illud
1084 3407 1275 3471 6222266222
1296 3416 1470 3492 postquam

365 3511 453 3577 istud
483 3513 665 3598 predictum
695 3511 842 3576 26611626
872 3509 1040 3576 6222226222
1066 3533 1179 3575 uersus
1203 3510 1387 3595 predictum
1413 3509 1472 3574 Ri-

365 3616 522 3682 csrdum'.

430 3719 624 3788 0022022222
637 3729 714 3784 6622
729 3727 763 3783 62
778 3717 921 3782 habeant
936 3717 1170 3804 cirogmphum.

397 3923 405 3954 ¹
423 3925 539 3982 12260222,
551 3924 581 3972 B.
972 3919 1095 3969 ‘Nemes
1115 3921 1145 3968 02
1158 3919 1273 3982 pledgcs3
1296 3928 1320 3970 et
1342 3923 1470 3971 1222262222

395 3987 406 4018 ²
423 3991 561 4051 Hecatonis,
573 3989 623 4037 Β.2
940 3987 1034 4034 12226622
1045 3987 1133 4047 probet
1151 3986 1195 4034 hoc
1203 4001 1350 4048 percorpus
1361 3987 1471 4037 1226222222

394 4051 406 4084 ⁸
423 4053 474 4112 Sic,
486 4054 515 4102 B.
933 4051 991 4113 filii
1011 4051 1116 4099 12026222
1138 4054 1183 4112 qui
1200 4051 1260 4099 inde
1277 4053 1348 4100 dedit
1364 4053 1471 4100 22222622

394 4119 464 4182 ⁴por
490 4121 570 4168 alium
593 4120 751 4180 ertffiotentcm
774 4119 819 4178 qui
845 4117 888 4164 hoc
938 4123 963 4164 et
974 4116 1073 4164 inuenit
1079 4117 1192 4178 plusion
1211 4129 1302 4165 2222266
1313 4117 1342 4165 02
1350 4115 1471 4179 ρ]62,ς226;

358 4187 443 4246 ‚sace-re
456 4187 538 4246 possit
554 4191 577 4232 et
595 4185 681 4231 2622222
697 4183 762 4230 side
777 4181 887 4244 22220122-
938 4179 970 4228 Β.

362 4249 438 4299 20220
449 4250 514 4298 mule
524 4249 664 4310 2022126222,
676 4247 707 4296 Β.
970 4243 981 4278 ⁷
999 4244 1116 4301 00226222,
1128 4245 1159 4292 Β.

393 4315 404 4346 ⁶
416 4329 464 4376 per
490 4315 570 4362 ulium
591 4314 749 4374 sufficientem
774 4313 820 4373 qui
843 4312 887 4359 hoc
970 4309 1286 4370 nincorru'tutuDeucrrr'e¹
1302 4311 1329 4360 B.

356 4381 443 4440 ‚r‘acere
457 4380 536 4441 possit
553 4385 578 4426 et
592 4379 680 4426 debeat
695 4379 717 4424 22
731 4377 760 4424 de
773 4377 887 4438 predicto
969 4374 980 4406 ⁹
997 4373 1019 4422 B
1031 4378 1111 4435 stcps.

362 4445 472 4494 [22222νά0
483 4443 547 4491 mle
557 4443 699 4504 contigerit,
711 4440 741 4490 B.
