3342 5217
434 447 666 509 mosamius,
689 445 755 497 aa.
778 433 872 508 1230,
895 444 960 495 aa.
983 433 1119 494 14-15.
1264 433 1327 496 349

225 617 399 684 Ricardum
429 627 464 684 et
493 615 633 685 eundem
656 619 858 684 Willelmum
880 617 922 684 de
944 618 1131 685 Siffrewall’.
1176 619 1220 683 Et
1241 617 1328 683 uice-

225 743 331 786 comes
352 721 451 787 nichil
480 722 557 803 inde
580 721 657 786 fecit
679 729 713 786 et
734 743 794 786 nec
816 720 988 785 iusticiarii
1008 721 1168 786 miserunt
1189 720 1329 785 assisam

226 826 270 890 Et
291 825 364 891 ideo
386 834 574 912 preceptum
597 825 850 890 estuicecomiti
869 825 955 911 quod
975 826 1087 890 uenire
1107 825 1205 889 faciat
1224 846 1331 888 coram

224 929 410 994 iusticiariis
428 929 515 1015 apud
530 927 855 993 Wcstmouasten‘um
877 936 935 992 ete
951 927 1167 1014 recognitores
1187 927 1332 992 eiusdem

224 1031 322 1096 assise
342 1032 456 1096 mortis
476 1031 685 1096 antecessoris
705 1031 747 1096 ad
764 1031 1008 1096 certificandum
1023 1031 1215 1096 iusticiarios
1226 1029 1267 1096 de
1281 1053 1332 1095 sa-

224 1143 388 1200 cramento
398 1135 483 1221 quod
496 1135 571 1200 inde
583 1135 728 1199 fecerunt
739 1144 774 1198 et
785 1135 832 1199 ibi
841 1134 961 1198 habeat
972 1134 1134 1220 predictos
1141 1133 1332 1198 Ricardum¹

225 1238 268 1303 ad
279 1237 473 1304 audiendam
489 1239 756 1304 certificacionem
771 1239 861 1302 illam
878 1246 911 1302 et
926 1237 969 1302 ad
983 1237 1241 1323 respondendum
1259 1258 1332 1323 pre-

225 1340 312 1405 dicto
325 1341 446 1405 Thome
461 1341 502 1405 de
515 1349 602 1406 terra
615 1341 672 1406 illa
687 1348 721 1406 et
736 1340 887 1404 similiter
899 1339 1013 1404 uenire
1027 1339 1125 1405 faciat
1139 1340 1332 1406 iusticiarios

225 1444 366 1529 prefatos
379 1443 424 1508 ad
438 1443 621 1508 faciendum
636 1442 803 1507 recordum
818 1441 860 1506 de
874 1442 975 1506 assisa
988 1442 1046 1507 illa
1059 1442 1144 1508 sicut
1158 1466 1265 1508 coram
1285 1445 1331 1508 eis

225 1552 321 1630 capta
335 1544 398 1609 suit
414 1553 448 1609 ct
463 1544 549 1630 quod
561 1544 703 1609 habeant
714 1543 761 1608 ibi
771 1543 886 1609 breuia
897 1543 1020 1608 nostra'
1030 1566 1089 1629 per
1100 1567 1163 1630 que
1175 1553 1332 1631 ceperunt

225 1648 339 1713 assises
350 1648 423 1712 illas
434 1656 469 1714 et
480 1647 612 1712 nomina
625 1647 863 1734 recognitonrm
878 1647 936 1733 qui
950 1670 1056 1713 coram
1071 1649 1118 1713 eis
1132 1650 1330 1715 iurauerunt.

144 1777 171 1826 ·‚
291 1751 478 1816 'Johannes
493 1751 533 1816 de
550 1750 638 1816 Oauz
657 1759 691 1816 et
706 1750 805 1815 Alina
824 1775 906 1815 uxor
920 1751 990 1816 eius
1009 1752 1122 1817 James
1136 1753 1177 1818 de
1193 1753 1282 1819 Oauz
1297 1762 1331 1818 et
1356 1773 1481 1813 romunt

225 1855 337 1920 Alesia
365 1877 446 1920 uxor
474 1855 544 1919 eius
566 1878 625 1941 per
645 1863 825 1920 attornatos
849 1879 924 1921 suos
947 1857 1137 1942 optulerunt
1157 1879 1192 1922 se
1216 1867 1331 1943 quarto

225 1959 278 2024 die
301 1981 413 2023 uersus
442 1957 626 2022 Johannem
648 1957 690 2022 de
712 1958 829 2022 Baillol
852 1958 892 2023 de
915 1958 1035 2044 placito
1058 1959 1144 2045 quod
1166 1960 1263 2025 faciat
1285 1961 1332 2026 eis

226 2063 423 2127 escambium
454 2061 495 2126 ad
525 2062 706 2126 ualenciam
729 2070 787 2126 etc.
811 2061 847 2126 in
872 2062 1025 2142 Berlawe,
1048 2063 1275 2129 Orumbecliue
1298 2075 1332 2130 et

226 2164 489 2229 Estberdesheles
510 2187 607 2250 quam
629 2173 748 2228 terram
769 2164 913 2228 Albreda
932 2187 996 2250 que
1018 2165 1082 2229 fuit
1101 2189 1183 2230 uxor
1196 2166 1269 2231 Ade
1291 2168 1332 2233 de

225 2266 361 2332 Birlawe
390 2266 595 2352 recuperauit
624 2267 659 2330 in
688 2266 797 2331 dotem
824 2289 937 2332 uersus
965 2268 1126 2354 predictos
1146 2269 1331 2335 Johannem

224 2371 357 2434 Alinam
379 2370 513 2435 Jamum
535 2381 569 2436 ct
592 2371 736 2436 Alesiam
760 2379 794 2435 et
821 2371 908 2436 unde
930 2381 1130 2437 uocauerunt
1156 2373 1331 2462 Hugonem

223 2473 264 2538 dc
281 2474 395 2538 Baillol
411 2483 538 2561 patrem
552 2475 690 2560 predicti
707 2475 867 2540 Johannis
888 2476 928 2540 de
950 2476 1065 2541 Baillol
1088 2477 1130 2542 ad
1152 2487 1331 2543 warantum

226 2584 261 2641 et
290 2578 348 2662 qui
377 2577 454 2642 fecit
476 2577 630 2642 defaltam
652 2586 824 2662 postquam
846 2587 982 2643 uocatus
1003 2579 1067 2643 fuit
1088 2579 1131 2644 ad
1153 2590 1332 2645 warantum

225 2703 283 2766 per
301 2703 399 2767 quam
420 2680 533 2744 eadem
548 2679 691 2744 Albreda
710 2680 914 2766 recuperauit
934 2681 1085 2746 seisinam
1107 2705 1199 2747 suam
1219 2707 1332 2748 uersus

225 2782 408 2869 predictum
438 2782 621 2848 Johannem
652 2782 692 2848 de
716 2782 805 2848 Cauz
827 2792 862 2848 et
883 2783 963 2848 alios
984 2784 1071 2848 unde
1093 2784 1330 2851 consideratum

225 2889 289 2953 fuit
311 2889 397 2975 quod
427 2887 592 2974 predictus
614 2886 781 2952 «Iohannes
802 2886 844 2951 de
867 2886 956 2952 Oauz
977 2887 1090 2951 etalii
1111 2887 1268 2953 haberent
1290 2887 1330 2954 de

224 3002 312 3056 terra
326 2991 428 3077 ipsius
443 2990 594 3078 Hugonis
608 2989 651 3054 ad
666 2989 846 3053 ualenciam
861 2988 988 3074 etquis
1006 2989 1145 3075 predicti
1164 2991 1188 3054 J
1189 2992 1331 3057 ohannes

223 3095 266 3160 de
282 3095 371 3160 Caua
386 3101 421 3158 et
436 3093 492 3158 alii
507 3092 615 3178 questi
629 3092 761 3156 fuerunt
776 3091 862 3178 quod
882 3092 1010 3156 nullum
1027 3093 1132 3158 adhue
1147 3094 1332 3160 habuerunt

224 3197 423 3264 escambium
441 3196 679 3262 consideratum
702 3195 765 3260 fuit
790 3195 877 3282 quod
896 3196 1062 3261 lohannes
1083 3197 1170 3262 filius
1189 3207 1224 3262 et
1239 3199 1332 3265 heres

223 3299 364 3387 predicti
378 3299 529 3385 Hugonis
543 3305 803 3364 summoueretur
820 3298 906 3384 quod
926 3307 1011 3362 esset
1028 3297 1104 3363 inde
1123 3321 1332 3385 responsurus

224 3403 299 3469 etc‘
342 3403 386 3467 Et
406 3403 475 3488 ipse
496 3402 538 3467 ad
558 3402 660 3467 alium
679 3402 767 3467 diem
787 3401 964 3467 essoniauit
982 3425 1016 3467 se
1032 3403 1072 3468 de
1087 3404 1222 3469 seruicio
1236 3405 1330 3471 Dom.

224 3501 326 3589 Regis
356 3509 390 3566 et
420 3501 536 3566 habuit
565 3501 654 3566 diem
683 3523 741 3587 per
770 3501 998 3566 essoniatorem
1028 3523 1123 3565 suum
1146 3501 1268 3567 seilicet
1289 3504 1331 3569 ed

223 3627 322 3690 quem
344 3626 409 3668 non
431 3603 530 3668 uenit
576 3603 621 3667 Et
640 3603 713 3668 ideo
733 3604 774 3668 de
794 3612 881 3668 terra
895 3604 997 3690 ipsius
1011 3605 1170 3669 Johannis
1184 3607 1332 3692 capiatur

223 3709 260 3774 in
289 3729 423 3772 manum
453 3706 546 3771 Dom.
570 3705 671 3792 Regis
700 3705 742 3770 ad
772 3705 952 3770 ualenciam
973 3715 1009 3770 ct
1031 3705 1100 3771 dies
1122 3716 1181 3772 etc.
1205 3708 1330 3794 etipse

223 3819 470 3878 summoneatur
489 3817 548 3874 etc
570 3808 655 3896 quod
678 3809 721 3873 sit
741 3831 951 3894 responsurus
971 3817 1006 3874 et
1028 3817 1213 3875 ostensurus
1232 3833 1331 3897 quare

223 3939 290 3982 non
305 3914 451 3980 seruauit
466 3912 554 3978 diem
568 3913 631 3979 sibi
646 3913 760 3978 datum
775 3935 834 3999 per
849 3913 1077 3978 essoniatorem
1093 3922 1151 3979 ete

258 4076 268 4109 ¹
285 4076 318 4125 In
334 4074 358 4122 A
372 4073 509 4138 originally
521 4075 652 4137 predictos.
663 4077 752 4124 Riccr·
835 4074 847 4105 ⁴
864 4072 920 4123 The
941 4078 1082 4124 warrantor
1101 4073 1156 4124 dies
1175 4075 1243 4124 after
1258 4074 1331 4138 judg-

224 4144 284 4191 dum
293 4147 317 4190 et
331 4140 492 4198 Witlelmam;
511 4139 557 4190 but
566 4147 590 4189 et
605 4141 754 4189 Willrlmum
804 4143 885 4188 mant.
918 4138 1039 4188 Without
1060 4153 1113 4202 any
1131 4153 1188 4188 new
1209 4139 1267 4189 urit
1288 4140 1332 4190 his

224 4205 349 4257 isstruck
363 4208 410 4255 ont
427 4205 479 4254 aad
496 4219 532 4255 sn
549 4208 661 4266 attempt
678 4205 754 4255 mede
804 4203 862 4253 heir
877 4218 927 4253 can
943 4203 974 4254 be
990 4203 1133 4267 compelled
1150 4208 1179 4254 to
1195 4205 1270 4255 make
1285 4205 1331 4255 the

225 4277 328 4386 to²tusrp
336 4268 688 4383 prdtctosmtowdictcm.
804 4268 943 4383 epehpnge.
978 4269 1061 4383 Baprf.
1069 4269 1155 4382 992Τ1)Β
1163 4269 1230 4384 cite}
1239 4270 1331 4386 toBthip

306 4349 383 4396 ro,.
804 4348 1292 4385 eeoscaseomnn...

197 4415 203 4436 ·
258 4400 401 4451 ³A.m.3.
437 4399 503 4450 Orer
513 4397 616 4462 maiust
626 4399 681 4451 this
696 4414 754 4450 case
805 4398 1219 4462 conoerningthislinghBaliol.

226 4463 462 4518 thcscorerwritcs
474 4467 571 4516 tonum
