<?xml version="1.0" encoding="UTF-8"?>
<!DOCTYPE html PUBLIC "-//W3C//DTD XHTML 1.0 Transitional//EN"
    "http://www.w3.org/TR/xhtml1/DTD/xhtml1-transitional.dtd">
<html xmlns="http://www.w3.org/1999/xhtml" xml:lang="en" lang="en">
 <head>
  <title>
</title>
<meta http-equiv="Content-Type" content="text/html;charset=utf-8" />
  <meta name='ocr-system' content='tesseract 3.04.00' />
  <meta name='ocr-capabilities' content='ocr_page ocr_carea ocr_par ocr_line ocrx_word'/>
</head>
<body>
  <div class='ocr_page' id='page_1' title='image "bractonsnoteboo01maitgoog_0505.png"; bbox 0 0 3342 5217; ppageno 0'>
   <div class='ocr_carea' id='block_1_1' title="bbox 417 456 1309 528">
    <p class='ocr_par' dir='ltr' id='par_1_1' title="bbox 417 456 1309 528">
     <span class='ocr_line' id='line_1_1' title="bbox 417 456 1309 528; baseline 0 -12"><span class='ocrx_word' id='word_1_1' title='bbox 417 469 739 528; x_wconf 69' lang='lat' dir='ltr'>circumtunsam.</span> <span class='ocrx_word' id='word_1_2' title='bbox 767 456 860 528; x_wconf 79' lang='lat'>1231,</span> <span class='ocrx_word' id='word_1_3' title='bbox 882 469 944 517; x_wconf 71' lang='lat' dir='ltr'>aa</span> <span class='ocrx_word' id='word_1_4' title='bbox 970 457 1105 517; x_wconf 79' lang='lat'>15-16.</span> <span class='ocrx_word' id='word_1_5' title='bbox 1250 457 1309 518; x_wconf 84' lang='lat'>501</span> 
     </span>
    </p>
   </div>
   <div class='ocr_carea' id='block_1_2' title="bbox 201 638 1313 1038">
    <p class='ocr_par' dir='ltr' id='par_1_2' title="bbox 201 638 1313 1038">
     <span class='ocr_line' id='line_1_2' title="bbox 203 638 1312 724; baseline -0.005 -17"><span class='ocrx_word' id='word_1_6' title='bbox 203 643 298 706; x_wconf 88' lang='lat' dir='ltr'>terris</span> <span class='ocrx_word' id='word_1_7' title='bbox 323 643 390 707; x_wconf 89' lang='lat' dir='ltr'>suis</span> <span class='ocrx_word' id='word_1_8' title='bbox 412 641 521 706; x_wconf 89' lang='lat' dir='ltr'>tenuit</span> <span class='ocrx_word' id='word_1_9' title='bbox 544 639 643 704; x_wconf 89' lang='lat' dir='ltr'>libere</span> <span class='ocrx_word' id='word_1_10' title='bbox 665 661 725 724; x_wconf 90' lang='lat' dir='ltr'>per</span> <span class='ocrx_word' id='word_1_11' title='bbox 746 638 885 703; x_wconf 89' lang='lat' dir='ltr'>liberum</span> <span class='ocrx_word' id='word_1_12' title='bbox 908 639 1081 703; x_wconf 87' lang='lat' dir='ltr'>seruicium</span> <span class='ocrx_word' id='word_1_13' title='bbox 1104 662 1153 702; x_wconf 85' lang='lat' dir='ltr'>xv.</span> <span class='ocrx_word' id='word_1_14' title='bbox 1176 639 1231 703; x_wconf 86' lang='lat' dir='ltr'>sol.</span> <span class='ocrx_word' id='word_1_15' title='bbox 1253 661 1312 724; x_wconf 89' lang='lat' dir='ltr'>pro</span> 
     </span>
     <span class='ocr_line' id='line_1_3' title="bbox 201 741 1311 829; baseline -0.003 -19"><span class='ocrx_word' id='word_1_16' title='bbox 201 745 291 810; x_wconf 89' lang='lat' dir='ltr'>omui</span> <span class='ocrx_word' id='word_1_17' title='bbox 320 745 465 822; x_wconf 89' lang='lat' dir='ltr'>seruici0,</span> <span class='ocrx_word' id='word_1_18' title='bbox 489 753 523 810; x_wconf 89' lang='lat' dir='ltr'>et</span> <span class='ocrx_word' id='word_1_19' title='bbox 546 742 735 829; x_wconf 89' lang='lat' dir='ltr'>dicitquod</span> <span class='ocrx_word' id='word_1_20' title='bbox 761 742 817 807; x_wconf 89' lang='lat' dir='ltr'>alii</span> <span class='ocrx_word' id='word_1_21' title='bbox 844 752 922 808; x_wconf 89' lang='lat' dir='ltr'>sunt</span> <span class='ocrx_word' id='word_1_22' title='bbox 950 751 1102 808; x_wconf 88' lang='lat' dir='ltr'>tenentes</span> <span class='ocrx_word' id='word_1_23' title='bbox 1131 743 1172 807; x_wconf 87' lang='lat' dir='ltr'>de</span> <span class='ocrx_word' id='word_1_24' title='bbox 1199 741 1311 807; x_wconf 90' lang='lat' dir='ltr'>eodem</span> 
     </span>
     <span class='ocr_line' id='line_1_4' title="bbox 201 845 1313 934; baseline -0.004 -20"><span class='ocrx_word' id='word_1_25' title='bbox 201 848 362 914; x_wconf 91' lang='lat' dir='ltr'>dominico</span> <span class='ocrx_word' id='word_1_26' title='bbox 386 847 468 934; x_wconf 91' lang='lat' dir='ltr'>que¹</span> <span class='ocrx_word' id='word_1_27' title='bbox 496 847 618 912; x_wconf 87' lang='lat' dir='ltr'>debent</span> <span class='ocrx_word' id='word_1_28' title='bbox 647 845 712 910; x_wconf 83' lang='lat' dir='ltr'>alie</span> <span class='ocrx_word' id='word_1_29' title='bbox 734 845 873 910; x_wconf 83' lang='lat' dir='ltr'>seruicia</span> <span class='ocrx_word' id='word_1_30' title='bbox 894 854 928 910; x_wconf 87' lang='lat' dir='ltr'>et</span> <span class='ocrx_word' id='word_1_31' title='bbox 952 845 1205 910; x_wconf 86' lang='lat' dir='ltr'>consuetudines</span> <span class='ocrx_word' id='word_1_32' title='bbox 1226 846 1313 910; x_wconf 87' lang='lat' dir='ltr'>sicut</span> 
     </span>
     <span class='ocr_line' id='line_1_5' title="bbox 201 948 798 1038; baseline 0 -24"><span class='ocrx_word' id='word_1_33' title='bbox 201 951 382 1038; x_wconf 79' lang='lat' dir='ltr'>charriagia</span> <span class='ocrx_word' id='word_1_34' title='bbox 395 949 533 1016; x_wconf 78' lang='lat' dir='ltr'>messccs&#39;</span> <span class='ocrx_word' id='word_1_35' title='bbox 548 958 583 1014; x_wconf 90' lang='lat' dir='ltr'>et</span> <span class='ocrx_word' id='word_1_36' title='bbox 598 950 663 1014; x_wconf 83' lang='lat' dir='ltr'>alia</span> <span class='ocrx_word' id='word_1_37' title='bbox 677 949 772 1035; x_wconf 89' lang='lat' dir='ltr'>plura</span> <span class='ocrx_word' id='word_1_38' title='bbox 780 948 798 1014; x_wconf 88' lang='lat'>¹.</span> 
     </span>
    </p>
   </div>
   <div class='ocr_carea' id='block_1_3' title="bbox 202 1053 1311 2268">
    <p class='ocr_par' dir='ltr' id='par_1_3' title="bbox 202 1053 1311 1547">
     <span class='ocr_line' id='line_1_6' title="bbox 268 1053 1311 1139; baseline 0 -21"><span class='ocrx_word' id='word_1_39' title='bbox 268 1055 311 1118; x_wconf 87' lang='lat' dir='ltr'>Et</span> <span class='ocrx_word' id='word_1_40' title='bbox 326 1055 350 1119; x_wconf 85' lang='lat' dir='ltr'><strong>J</strong></span> <span class='ocrx_word' id='word_1_41' title='bbox 349 1055 492 1120; x_wconf 84' lang='lat' dir='ltr'>ohannes</span> <span class='ocrx_word' id='word_1_42' title='bbox 504 1054 591 1118; x_wconf 90' lang='lat' dir='ltr'>filius</span> <span class='ocrx_word' id='word_1_43' title='bbox 606 1053 743 1119; x_wconf 82' lang='lat' dir='ltr'>Gallridi</span> <span class='ocrx_word' id='word_1_44' title='bbox 759 1053 944 1118; x_wconf 82' lang='lat' dir='ltr'>dicit&#39;saluo</span> <span class='ocrx_word' id='word_1_45' title='bbox 959 1053 990 1118; x_wconf 89' lang='lat' dir='ltr'>ei</span> <span class='ocrx_word' id='word_1_46' title='bbox 1004 1053 1149 1139; x_wconf 86' lang='lat' dir='ltr'>predicto</span> <span class='ocrx_word' id='word_1_47' title='bbox 1160 1075 1311 1139; x_wconf 86' lang='lat' dir='ltr'>responso</span> 
     </span>
     <span class='ocr_line' id='line_1_7' title="bbox 202 1154 1311 1241; baseline 0.003 -23"><span class='ocrx_word' id='word_1_48' title='bbox 202 1155 289 1240; x_wconf 90' lang='lat' dir='ltr'>qnod</span> <span class='ocrx_word' id='word_1_49' title='bbox 309 1155 442 1220; x_wconf 87' lang='lat' dir='ltr'>uidetur</span> <span class='ocrx_word' id='word_1_50' title='bbox 463 1155 596 1241; x_wconf 82' lang='lat' dir='ltr'>siquod</span> <span class='ocrx_word' id='word_1_51' title='bbox 618 1179 683 1220; x_wconf 90' lang='lat' dir='ltr'>nun</span> <span class='ocrx_word' id='word_1_52' title='bbox 705 1155 804 1220; x_wconf 86' lang='lat' dir='ltr'>debet</span> <span class='ocrx_word' id='word_1_53' title='bbox 826 1155 874 1220; x_wconf 90' lang='lat' dir='ltr'>eis</span> <span class='ocrx_word' id='word_1_54' title='bbox 896 1155 949 1220; x_wconf 89' lang='lat' dir='ltr'>hic</span> <span class='ocrx_word' id='word_1_55' title='bbox 970 1155 1163 1240; x_wconf 85' lang='lat' dir='ltr'>respondere</span> <span class='ocrx_word' id='word_1_56' title='bbox 1184 1154 1311 1221; x_wconf 87' lang='lat' dir='ltr'>desicut</span> 
     </span>
     <span class='ocr_line' id='line_1_8' title="bbox 202 1258 1310 1347; baseline 0.001 -25"><span class='ocrx_word' id='word_1_57' title='bbox 202 1267 290 1324; x_wconf 83' lang='lat' dir='ltr'>terra</span> <span class='ocrx_word' id='word_1_58' title='bbox 310 1259 368 1324; x_wconf 92' lang='lat' dir='ltr'>illa</span> <span class='ocrx_word' id='word_1_59' title='bbox 389 1260 487 1325; x_wconf 86' lang='lat' dir='ltr'>debet</span> <span class='ocrx_word' id='word_1_60' title='bbox 509 1260 646 1325; x_wconf 87' lang='lat' dir='ltr'>seruicia</span> <span class='ocrx_word' id='word_1_61' title='bbox 667 1261 761 1347; x_wconf 87' lang='lat' dir='ltr'>plura</span> <span class='ocrx_word' id='word_1_62' title='bbox 782 1268 918 1345; x_wconf 88' lang='lat' dir='ltr'>excepto</span> <span class='ocrx_word' id='word_1_63' title='bbox 940 1259 1076 1324; x_wconf 84' lang='lat' dir='ltr'>seruicia</span> <span class='ocrx_word' id='word_1_64' title='bbox 1093 1258 1310 1346; x_wconf 86' lang='lat' dir='ltr'>predictorum</span> 
     </span>
     <span class='ocr_line' id='line_1_9' title="bbox 202 1357 1311 1445; baseline 0.002 -25"><span class='ocrx_word' id='word_1_65' title='bbox 202 1379 253 1422; x_wconf 83' lang='lat' dir='ltr'>xv.</span> <span class='ocrx_word' id='word_1_66' title='bbox 276 1358 340 1434; x_wconf 86' lang='lat' dir='ltr'>sol,</span> <span class='ocrx_word' id='word_1_67' title='bbox 355 1366 390 1422; x_wconf 82' lang='lat' dir='ltr'>et</span> <span class='ocrx_word' id='word_1_68' title='bbox 412 1357 500 1444; x_wconf 82' lang='lat' dir='ltr'>ipse⁸</span> <span class='ocrx_word' id='word_1_69' title='bbox 519 1381 591 1423; x_wconf 84' lang='lat' dir='ltr'>eam</span> <span class='ocrx_word' id='word_1_70' title='bbox 613 1359 699 1444; x_wconf 86' lang='lat' dir='ltr'>petit</span> <span class='ocrx_word' id='word_1_71' title='bbox 723 1357 899 1423; x_wconf 88' lang='lat' dir='ltr'>tenendam</span> <span class='ocrx_word' id='word_1_72' title='bbox 921 1358 1020 1423; x_wconf 89' lang='lat' dir='ltr'>libere</span> <span class='ocrx_word' id='word_1_73' title='bbox 1041 1366 1076 1422; x_wconf 89' lang='lat' dir='ltr'>et</span> <span class='ocrx_word' id='word_1_74' title='bbox 1096 1381 1161 1422; x_wconf 92' lang='lat' dir='ltr'>non</span> <span class='ocrx_word' id='word_1_75' title='bbox 1182 1358 1311 1445; x_wconf 89' lang='lat' dir='ltr'>potest⁴</span> 
     </span>
     <span class='ocr_line' id='line_1_10' title="bbox 202 1458 702 1547; baseline 0.004 -25"><span class='ocrx_word' id='word_1_76' title='bbox 202 1458 394 1544; x_wconf 87' lang='lat' dir='ltr'>respondere</span> <span class='ocrx_word' id='word_1_77' title='bbox 408 1461 477 1525; x_wconf 85' lang='lat' dir='ltr'>sine</span> <span class='ocrx_word' id='word_1_78' title='bbox 495 1461 587 1525; x_wconf 81' lang='lat' dir='ltr'>Dum</span> <span class='ocrx_word' id='word_1_79' title='bbox 604 1461 702 1547; x_wconf 84' lang='lat' dir='ltr'>Rege.</span> 
     </span>
    </p>

    <p class='ocr_par' dir='ltr' id='par_1_4' title="bbox 202 1560 1310 2041">
     <span class='ocr_line' id='line_1_11' title="bbox 269 1560 1310 1648; baseline 0.003 -23"><span class='ocrx_word' id='word_1_80' title='bbox 269 1561 313 1626; x_wconf 88' lang='lat' dir='ltr'>Et</span> <span class='ocrx_word' id='word_1_81' title='bbox 326 1561 473 1648; x_wconf 86' lang='lat' dir='ltr'>Rogerus</span> <span class='ocrx_word' id='word_1_82' title='bbox 488 1561 573 1628; x_wconf 82' lang='lat' dir='ltr'>Oruc</span> <span class='ocrx_word' id='word_1_83' title='bbox 587 1561 667 1626; x_wconf 87' lang='lat' dir='ltr'>dicit</span> <span class='ocrx_word' id='word_1_84' title='bbox 682 1561 769 1648; x_wconf 89' lang='lat' dir='ltr'>quod</span> <span class='ocrx_word' id='word_1_85' title='bbox 790 1569 883 1625; x_wconf 87' lang='lat' dir='ltr'>tenet</span> <span class='ocrx_word' id='word_1_86' title='bbox 902 1560 943 1625; x_wconf 91' lang='lat' dir='ltr'>de</span> <span class='ocrx_word' id='word_1_87' title='bbox 964 1561 1140 1648; x_wconf 81' lang='lat' dir='ltr'>uillenagio</span> <span class='ocrx_word' id='word_1_88' title='bbox 1160 1573 1195 1627; x_wconf 87' lang='lat' dir='ltr'>et</span> <span class='ocrx_word' id='word_1_89' title='bbox 1214 1573 1310 1628; x_wconf 89' lang='lat' dir='ltr'>uocat</span> 
     </span>
     <span class='ocr_line' id='line_1_12' title="bbox 203 1663 1310 1750; baseline 0.004 -23"><span class='ocrx_word' id='word_1_90' title='bbox 203 1663 279 1728; x_wconf 87' lang='lat' dir='ltr'>inde</span> <span class='ocrx_word' id='word_1_91' title='bbox 300 1664 343 1728; x_wconf 88' lang='lat' dir='ltr'>ad</span> <span class='ocrx_word' id='word_1_92' title='bbox 363 1672 543 1729; x_wconf 79' lang='lat' dir='ltr'><strong>warantum</strong></span> <span class='ocrx_word' id='word_1_93' title='bbox 565 1663 748 1750; x_wconf 87' lang='lat' dir='ltr'>predictum</span> <span class='ocrx_word' id='word_1_94' title='bbox 770 1663 955 1728; x_wconf 86' lang='lat' dir='ltr'>Johannem</span> <span class='ocrx_word' id='word_1_95' title='bbox 969 1664 1074 1729; x_wconf 89' lang='lat' dir='ltr'>filium</span> <span class='ocrx_word' id='word_1_96' title='bbox 1099 1665 1245 1743; x_wconf 82' lang='lat' dir='ltr'>Galfridi,</span> <span class='ocrx_word' id='word_1_97' title='bbox 1259 1676 1310 1731; x_wconf 88' lang='lat' dir='ltr'>set</span> 
     </span>
     <span class='ocr_line' id='line_1_13' title="bbox 203 1767 1310 1854; baseline 0.003 -22"><span class='ocrx_word' id='word_1_98' title='bbox 203 1768 302 1833; x_wconf 82' lang='lat' dir='ltr'><strong>nichil</strong></span> <span class='ocrx_word' id='word_1_99' title='bbox 323 1769 465 1833; x_wconf 76' lang='lat' dir='ltr'><strong>ostendit</strong></span> <span class='ocrx_word' id='word_1_100' title='bbox 487 1791 585 1854; x_wconf 87' lang='lat' dir='ltr'>quare</span> <span class='ocrx_word' id='word_1_101' title='bbox 606 1768 637 1834; x_wconf 89' lang='lat' dir='ltr'>ei</span> <span class='ocrx_word' id='word_1_102' title='bbox 656 1767 864 1833; x_wconf 84' lang='lat' dir='ltr'>warentizare</span> <span class='ocrx_word' id='word_1_103' title='bbox 885 1767 1003 1832; x_wconf 87' lang='lat' dir='ltr'>debeat</span> <span class='ocrx_word' id='word_1_104' title='bbox 1025 1790 1084 1833; x_wconf 91' lang='lat' dir='ltr'>nec</span> <span class='ocrx_word' id='word_1_105' title='bbox 1105 1777 1228 1834; x_wconf 85' lang='lat' dir='ltr'>cartam</span> <span class='ocrx_word' id='word_1_106' title='bbox 1250 1793 1310 1836; x_wconf 87' lang='lat' dir='ltr'>nec</span> 
     </span>
     <span class='ocr_line' id='line_1_14' title="bbox 202 1871 1309 1957; baseline 0.002 -21"><span class='ocrx_word' id='word_1_107' title='bbox 202 1871 300 1937; x_wconf 90' lang='lat' dir='ltr'>aliud</span> <span class='ocrx_word' id='word_1_108' title='bbox 346 1872 468 1937; x_wconf 88' lang='lat' dir='ltr'>Omnes</span> <span class='ocrx_word' id='word_1_109' title='bbox 499 1872 638 1957; x_wconf 78' lang='lat' dir='ltr'>predicti</span> <span class='ocrx_word' id='word_1_110' title='bbox 669 1880 819 1937; x_wconf 86' lang='lat' dir='ltr'>tenentes</span> <span class='ocrx_word' id='word_1_111' title='bbox 854 1880 963 1957; x_wconf 87' lang='lat' dir='ltr'>preter</span> <span class='ocrx_word' id='word_1_112' title='bbox 991 1872 1176 1937; x_wconf 85' lang='lat' dir='ltr'>Johannem</span> <span class='ocrx_word' id='word_1_113' title='bbox 1205 1873 1309 1938; x_wconf 89' lang='lat' dir='ltr'>filium</span> 
     </span>
     <span class='ocr_line' id='line_1_15' title="bbox 204 1976 433 2041; baseline 0.004 -1"><span class='ocrx_word' id='word_1_114' title='bbox 204 1976 357 2041; x_wconf 80' lang='lat' dir='ltr'>Galhidi⁶</span> <span class='ocrx_word' id='word_1_115' title='bbox 372 1985 433 2041; x_wconf 88' lang='lat' dir='ltr'>etc.</span> 
     </span>
    </p>

    <p class='ocr_par' dir='ltr' id='par_1_5' title="bbox 203 2078 1310 2268">
     <span class='ocr_line' id='line_1_16' title="bbox 268 2078 1310 2165; baseline 0.003 -23"><span class='ocrx_word' id='word_1_116' title='bbox 268 2079 348 2143; x_wconf 82' lang='lat' dir='ltr'>Dies</span> <span class='ocrx_word' id='word_1_117' title='bbox 359 2078 456 2143; x_wconf 83' lang='lat' dir='ltr'>datus</span> <span class='ocrx_word' id='word_1_118' title='bbox 467 2088 516 2144; x_wconf 87' lang='lat' dir='ltr'>est</span> <span class='ocrx_word' id='word_1_119' title='bbox 528 2081 677 2145; x_wconf 88' lang='lat' dir='ltr'>omnibus</span> <span class='ocrx_word' id='word_1_120' title='bbox 688 2079 843 2165; x_wconf 75' lang='lat' dir='ltr'>predictis</span> <span class='ocrx_word' id='word_1_121' title='bbox 853 2088 913 2144; x_wconf 85' lang='lat' dir='ltr'>etc.</span> <span class='ocrx_word' id='word_1_122' title='bbox 925 2088 964 2144; x_wconf 94' lang='lat' dir='ltr'>ut</span> <span class='ocrx_word' id='word_1_123' title='bbox 975 2088 1055 2145; x_wconf 89' lang='lat' dir='ltr'>tunc</span> <span class='ocrx_word' id='word_1_124' title='bbox 1066 2081 1188 2146; x_wconf 78' lang='lat' dir='ltr'>sciatur</span> <span class='ocrx_word' id='word_1_125' title='bbox 1198 2089 1310 2146; x_wconf 88' lang='lat' dir='ltr'>utrum</span> 
     </span>
     <span class='ocr_line' id='line_1_17' title="bbox 203 2181 1061 2268; baseline 0.003 -22"><span class='ocrx_word' id='word_1_126' title='bbox 203 2182 256 2246; x_wconf 89' lang='lat' dir='ltr'>hic</span> <span class='ocrx_word' id='word_1_127' title='bbox 271 2181 425 2267; x_wconf 78' lang='lat' dir='ltr'>placitare</span> <span class='ocrx_word' id='word_1_128' title='bbox 440 2182 581 2248; x_wconf 88' lang='lat' dir='ltr'>debeant</span> <span class='ocrx_word' id='word_1_129' title='bbox 597 2184 649 2248; x_wconf 91' lang='lat' dir='ltr'>uel</span> <span class='ocrx_word' id='word_1_130' title='bbox 665 2183 753 2268; x_wconf 85' lang='lat' dir='ltr'>apud</span> <span class='ocrx_word' id='word_1_131' title='bbox 768 2183 986 2249; x_wconf 84' lang='lat' dir='ltr'>Ailesburiam</span> <span class='ocrx_word' id='word_1_132' title='bbox 1001 2193 1061 2249; x_wconf 88' lang='lat' dir='ltr'>etc.</span> 
     </span>
    </p>
   </div>
   <div class='ocr_carea' id='block_1_4' title="bbox 47 2247 1421 2372">
    <p class='ocr_par' dir='ltr' id='par_1_6' title="bbox 47 2247 1421 2372">
     <span class='ocr_line' id='line_1_18' title="bbox 47 2247 1421 2372; baseline 0.001 -22"><span class='ocrx_word' id='word_1_133' title='bbox 47 2247 49 2294; x_wconf 63' lang='lat' dir='ltr'>ss</span> <span class='ocrx_word' id='word_1_134' title='bbox 107 2301 120 2314; x_wconf 84' lang='grc'><strong><em>·</em></strong></span> <span class='ocrx_word' id='word_1_135' title='bbox 147 2347 153 2359; x_wconf 89' lang='grc'>,</span> <span class='ocrx_word' id='word_1_136' title='bbox 270 2285 409 2350; x_wconf 82' lang='lat' dir='ltr'>Thomas</span> <span class='ocrx_word' id='word_1_137' title='bbox 424 2286 510 2351; x_wconf 90' lang='lat' dir='ltr'>filius</span> <span class='ocrx_word' id='word_1_138' title='bbox 526 2286 667 2351; x_wconf 79' lang='lat' dir='ltr'>Simonis</span> <span class='ocrx_word' id='word_1_139' title='bbox 681 2287 767 2372; x_wconf 88' lang='lat' dir='ltr'>petit</span> <span class='ocrx_word' id='word_1_140' title='bbox 781 2309 895 2352; x_wconf 88' lang='lat' dir='ltr'>uersus</span> <span class='ocrx_word' id='word_1_141' title='bbox 908 2287 1053 2351; x_wconf 73' lang='lat' dir='ltr'>Azonmu</span> <span class='ocrx_word' id='word_1_142' title='bbox 1068 2287 1311 2352; x_wconf 85' lang='lat' dir='ltr'>deHcrtlordia</span> <span class='ocrx_word' id='word_1_143' title='bbox 1408 2305 1421 2332; x_wconf 91' lang='lat'>⁰</span> 
     </span>
    </p>
   </div>
   <div class='ocr_carea' id='block_1_5' title="bbox 203 2388 1313 3407">
    <p class='ocr_par' dir='ltr' id='par_1_7' title="bbox 204 2388 1311 2786">
     <span class='ocr_line' id='line_1_19' title="bbox 204 2388 1309 2478; baseline 0.005 -26"><span class='ocrx_word' id='word_1_144' title='bbox 204 2388 415 2454; x_wconf 84' lang='lat' dir='ltr'>medietatem</span> <span class='ocrx_word' id='word_1_145' title='bbox 431 2391 531 2455; x_wconf 87' lang='lat' dir='ltr'>trium</span> <span class='ocrx_word' id='word_1_146' title='bbox 546 2413 606 2456; x_wconf 87' lang='lat' dir='ltr'>acr.</span> <span class='ocrx_word' id='word_1_147' title='bbox 622 2400 708 2457; x_wconf 87' lang='lat' dir='ltr'>terre</span> <span class='ocrx_word' id='word_1_148' title='bbox 723 2400 758 2456; x_wconf 92' lang='lat' dir='ltr'>et</span> <span class='ocrx_word' id='word_1_149' title='bbox 778 2391 878 2456; x_wconf 86' lang='lat' dir='ltr'>trium</span> <span class='ocrx_word' id='word_1_150' title='bbox 896 2391 951 2456; x_wconf 88' lang='lat' dir='ltr'>sol.</span> <span class='ocrx_word' id='word_1_151' title='bbox 966 2391 1114 2456; x_wconf 89' lang='lat' dir='ltr'>redditus</span> <span class='ocrx_word' id='word_1_152' title='bbox 1133 2415 1208 2456; x_wconf 90' lang='lat' dir='ltr'>cum</span> <span class='ocrx_word' id='word_1_153' title='bbox 1228 2400 1309 2478; x_wconf 89' lang='lat' dir='ltr'>pert.</span> 
     </span>
     <span class='ocr_line' id='line_1_20' title="bbox 204 2494 1310 2582; baseline 0.002 -24"><span class='ocrx_word' id='word_1_154' title='bbox 204 2494 240 2559; x_wconf 90' lang='lat' dir='ltr'>in</span> <span class='ocrx_word' id='word_1_155' title='bbox 260 2494 495 2560; x_wconf 82' lang='lat' dir='ltr'>Rochemstede</span> <span class='ocrx_word' id='word_1_156' title='bbox 512 2497 630 2582; x_wconf 81' lang='lat' dir='ltr'>quam⁸</span> <span class='ocrx_word' id='word_1_157' title='bbox 649 2519 718 2561; x_wconf 89' lang='lat' dir='ltr'>esse</span> <span class='ocrx_word' id='word_1_158' title='bbox 740 2496 968 2561; x_wconf 89' lang='lat' dir='ltr'>racionabilem</span> <span class='ocrx_word' id='word_1_159' title='bbox 990 2505 1117 2582; x_wconf 87' lang='lat' dir='ltr'>partem</span> <span class='ocrx_word' id='word_1_160' title='bbox 1139 2517 1231 2561; x_wconf 89' lang='lat' dir='ltr'>suam</span> <span class='ocrx_word' id='word_1_161' title='bbox 1247 2517 1310 2581; x_wconf 89' lang='lat' dir='ltr'>que</span> 
     </span>
     <span class='ocr_line' id='line_1_21' title="bbox 205 2598 1311 2684; baseline 0 -22"><span class='ocrx_word' id='word_1_162' title='bbox 205 2621 281 2662; x_wconf 90' lang='lat' dir='ltr'>eum</span> <span class='ocrx_word' id='word_1_163' title='bbox 305 2598 465 2684; x_wconf 88' lang='lat' dir='ltr'>contingit</span> <span class='ocrx_word' id='word_1_164' title='bbox 487 2599 528 2664; x_wconf 89' lang='lat' dir='ltr'>de</span> <span class='ocrx_word' id='word_1_165' title='bbox 551 2599 733 2664; x_wconf 87' lang='lat' dir='ltr'>hereditate</span> <span class='ocrx_word' id='word_1_166' title='bbox 758 2621 820 2684; x_wconf 89' lang='lat' dir='ltr'>que</span> <span class='ocrx_word' id='word_1_167' title='bbox 845 2599 909 2663; x_wconf 82' lang='lat' dir='ltr'>fuit</span> <span class='ocrx_word' id='word_1_168' title='bbox 933 2599 1095 2664; x_wconf 86' lang='lat' dir='ltr'>Hersente</span> <span class='ocrx_word' id='word_1_169' title='bbox 1118 2599 1184 2665; x_wconf 89' lang='lat' dir='ltr'>filie</span> <span class='ocrx_word' id='word_1_170' title='bbox 1207 2598 1311 2663; x_wconf 85' lang='lat' dir='ltr'>Alicie</span> 
     </span>
     <span class='ocr_line' id='line_1_22' title="bbox 204 2700 853 2786; baseline 0.002 -22"><span class='ocrx_word' id='word_1_171' title='bbox 204 2701 318 2765; x_wconf 86' lang='lat' dir='ltr'>matris</span> <span class='ocrx_word' id='word_1_172' title='bbox 332 2700 434 2786; x_wconf 89' lang='lat' dir='ltr'>ipsius</span> <span class='ocrx_word' id='word_1_173' title='bbox 450 2701 572 2765; x_wconf 90' lang='lat' dir='ltr'>Thome</span> <span class='ocrx_word' id='word_1_174' title='bbox 587 2700 750 2765; x_wconf 85' lang='lat' dir='ltr'>ineadem</span> <span class='ocrx_word' id='word_1_175' title='bbox 766 2701 853 2766; x_wconf 81' lang='lat' dir='ltr'>uilla</span> 
     </span>
    </p>

    <p class='ocr_par' dir='ltr' id='par_1_8' title="bbox 203 2803 1313 3407">
     <span class='ocr_line' id='line_1_23' title="bbox 270 2803 1313 2892; baseline -0.001 -23"><span class='ocrx_word' id='word_1_176' title='bbox 270 2805 314 2869; x_wconf 84' lang='lat' dir='ltr'>Et</span> <span class='ocrx_word' id='word_1_177' title='bbox 328 2804 509 2874; x_wconf 81' lang='lat' dir='ltr'>Azouenit</span> <span class='ocrx_word' id='word_1_178' title='bbox 524 2813 558 2869; x_wconf 86' lang='lat' dir='ltr'>et</span> <span class='ocrx_word' id='word_1_179' title='bbox 579 2804 658 2869; x_wconf 88' lang='lat' dir='ltr'>dicit</span> <span class='ocrx_word' id='word_1_180' title='bbox 674 2804 759 2890; x_wconf 90' lang='lat' dir='ltr'>quod</span> <span class='ocrx_word' id='word_1_181' title='bbox 779 2827 844 2869; x_wconf 92' lang='lat' dir='ltr'>non</span> <span class='ocrx_word' id='word_1_182' title='bbox 858 2803 957 2892; x_wconf 87' lang='lat' dir='ltr'>debet</span> <span class='ocrx_word' id='word_1_183' title='bbox 979 2805 1010 2869; x_wconf 88' lang='lat' dir='ltr'>ei</span> <span class='ocrx_word' id='word_1_184' title='bbox 1029 2803 1220 2889; x_wconf 89' lang='lat' dir='ltr'>respondere</span> <span class='ocrx_word' id='word_1_185' title='bbox 1235 2804 1313 2889; x_wconf 91' lang='lat' dir='ltr'>quia</span> 
     </span>
     <span class='ocr_line' id='line_1_24' title="bbox 204 2907 1312 2995; baseline 0 -23"><span class='ocrx_word' id='word_1_186' title='bbox 204 2907 368 2993; x_wconf 90' lang='lat' dir='ltr'>predictus</span> <span class='ocrx_word' id='word_1_187' title='bbox 393 2908 532 2973; x_wconf 84' lang='lat' dir='ltr'>Thomas</span> <span class='ocrx_word' id='word_1_188' title='bbox 554 2908 704 2974; x_wconf 89' lang='lat' dir='ltr'>uendidit</span> <span class='ocrx_word' id='word_1_189' title='bbox 726 2917 761 2974; x_wconf 90' lang='lat' dir='ltr'>et</span> <span class='ocrx_word' id='word_1_190' title='bbox 783 2908 933 2995; x_wconf 87' lang='lat' dir='ltr'>quietum</span> <span class='ocrx_word' id='word_1_191' title='bbox 954 2909 1109 2973; x_wconf 89' lang='lat' dir='ltr'>clamauit</span> <span class='ocrx_word' id='word_1_192' title='bbox 1131 2916 1239 2972; x_wconf 88' lang='lat' dir='ltr'>totum</span> <span class='ocrx_word' id='word_1_193' title='bbox 1260 2908 1312 2973; x_wconf 88' lang='lat' dir='ltr'>ius</span> 
     </span>
     <span class='ocr_line' id='line_1_25' title="bbox 204 3011 1313 3097; baseline -0.001 -21"><span class='ocrx_word' id='word_1_194' title='bbox 204 3020 239 3076; x_wconf 89' lang='lat' dir='ltr'>et</span> <span class='ocrx_word' id='word_1_195' title='bbox 261 3011 414 3076; x_wconf 87' lang='lat' dir='ltr'>clamium</span> <span class='ocrx_word' id='word_1_196' title='bbox 437 3011 524 3096; x_wconf 91' lang='lat' dir='ltr'>quod</span> <span class='ocrx_word' id='word_1_197' title='bbox 545 3012 661 3077; x_wconf 86' lang='lat' dir='ltr'>habuit</span> <span class='ocrx_word' id='word_1_198' title='bbox 685 3013 738 3078; x_wconf 87' lang='lat' dir='ltr'>uel</span> <span class='ocrx_word' id='word_1_199' title='bbox 762 3012 881 3077; x_wconf 86' lang='lat' dir='ltr'>habere</span> <span class='ocrx_word' id='word_1_200' title='bbox 907 3012 1017 3097; x_wconf 91' lang='lat' dir='ltr'>potuit</span> <span class='ocrx_word' id='word_1_201' title='bbox 1038 3011 1183 3097; x_wconf 88' lang='lat' dir='ltr'>predicto</span> <span class='ocrx_word' id='word_1_202' title='bbox 1208 3012 1313 3076; x_wconf 84' lang='lat' dir='ltr'>Azoni</span> 
     </span>
     <span class='ocr_line' id='line_1_26' title="bbox 203 3114 1311 3202; baseline 0.002 -24"><span class='ocrx_word' id='word_1_203' title='bbox 203 3123 239 3179; x_wconf 84' lang='lat' dir='ltr'>et</span> <span class='ocrx_word' id='word_1_204' title='bbox 261 3114 435 3180; x_wconf 89' lang='lat' dir='ltr'>heredibus</span> <span class='ocrx_word' id='word_1_205' title='bbox 458 3115 525 3180; x_wconf 89' lang='lat' dir='ltr'>suis</span> <span class='ocrx_word' id='word_1_206' title='bbox 547 3115 582 3182; x_wconf 91' lang='lat' dir='ltr'>in</span> <span class='ocrx_word' id='word_1_207' title='bbox 606 3116 700 3180; x_wconf 86' lang='lat' dir='ltr'>terris</span> <span class='ocrx_word' id='word_1_208' title='bbox 720 3115 874 3202; x_wconf 83' lang='lat' dir='ltr'>predictis</span> <span class='ocrx_word' id='word_1_209' title='bbox 898 3125 957 3180; x_wconf 86' lang='lat' dir='ltr'>etc</span> <span class='ocrx_word' id='word_1_210' title='bbox 981 3138 1039 3201; x_wconf 91' lang='lat' dir='ltr'>pro</span> <span class='ocrx_word' id='word_1_211' title='bbox 1064 3115 1191 3180; x_wconf 86' lang='lat' dir='ltr'>duabus</span> <span class='ocrx_word' id='word_1_212' title='bbox 1216 3138 1311 3180; x_wconf 86' lang='lat' dir='ltr'>marc</span> 
     </span>
     <span class='ocr_line' id='line_1_27' title="bbox 204 3217 1312 3304; baseline 0.002 -23"><span class='ocrx_word' id='word_1_213' title='bbox 204 3224 239 3281; x_wconf 87' lang='lat' dir='ltr'>et</span> <span class='ocrx_word' id='word_1_214' title='bbox 258 3217 336 3282; x_wconf 88' lang='lat' dir='ltr'>dim.</span> <span class='ocrx_word' id='word_1_215' title='bbox 351 3217 514 3302; x_wconf 80' lang='lat' dir='ltr'>quarterio</span> <span class='ocrx_word' id='word_1_216' title='bbox 533 3219 688 3283; x_wconf 81' lang='lat' dir='ltr'>frumenti</span> <span class='ocrx_word' id='word_1_217' title='bbox 707 3227 741 3283; x_wconf 89' lang='lat' dir='ltr'>et</span> <span class='ocrx_word' id='word_1_218' title='bbox 761 3217 900 3304; x_wconf 83' lang='lat' dir='ltr'>siliginis</span> <span class='ocrx_word' id='word_1_219' title='bbox 919 3240 1121 3303; x_wconf 88' lang='lat' dir='ltr'>perannum</span> <span class='ocrx_word' id='word_1_220' title='bbox 1143 3218 1186 3282; x_wconf 88' lang='lat' dir='ltr'>ad</span> <span class='ocrx_word' id='word_1_221' title='bbox 1209 3219 1312 3283; x_wconf 81' lang='lat' dir='ltr'>uitam</span> 
     </span>
     <span class='ocr_line' id='line_1_28' title="bbox 204 3321 454 3407; baseline 0 -23"><span class='ocrx_word' id='word_1_222' title='bbox 204 3321 309 3407; x_wconf 90' lang='lat' dir='ltr'>ipsius</span> <span class='ocrx_word' id='word_1_223' title='bbox 324 3321 454 3385; x_wconf 87' lang='lat' dir='ltr'>Thome.</span> 
     </span>
    </p>
   </div>
   <div class='ocr_carea' id='block_1_6' title="bbox 204 3424 1313 3613">
    <p class='ocr_par' dir='ltr' id='par_1_9' title="bbox 204 3424 1313 3613">
     <span class='ocr_line' id='line_1_29' title="bbox 272 3424 1312 3511; baseline 0.001 -24"><span class='ocrx_word' id='word_1_224' title='bbox 272 3424 316 3488; x_wconf 87' lang='lat' dir='ltr'>Et</span> <span class='ocrx_word' id='word_1_225' title='bbox 339 3424 479 3489; x_wconf 84' lang='lat' dir='ltr'>Thomas</span> <span class='ocrx_word' id='word_1_226' title='bbox 501 3425 594 3488; x_wconf 88' lang='lat' dir='ltr'>uenit</span> <span class='ocrx_word' id='word_1_227' title='bbox 617 3433 651 3489; x_wconf 93' lang='lat' dir='ltr'>et</span> <span class='ocrx_word' id='word_1_228' title='bbox 673 3424 837 3511; x_wconf 79' lang='lat' dir='ltr'>cognoscit</span> <span class='ocrx_word' id='word_1_229' title='bbox 858 3433 981 3488; x_wconf 77' lang='lat' dir='ltr'>cartam</span> <span class='ocrx_word' id='word_1_230' title='bbox 1005 3432 1040 3489; x_wconf 88' lang='lat' dir='ltr'>et</span> <span class='ocrx_word' id='word_1_231' title='bbox 1063 3424 1312 3489; x_wconf 89' lang='lat' dir='ltr'>conuencionem</span> 
     </span>
     <span class='ocr_line' id='line_1_30' title="bbox 204 3526 1313 3613; baseline 0.002 -23"><span class='ocrx_word' id='word_1_232' title='bbox 204 3534 256 3592; x_wconf 85' lang='lat' dir='ltr'>set</span> <span class='ocrx_word' id='word_1_233' title='bbox 279 3526 358 3592; x_wconf 90' lang='lat' dir='ltr'>dicit</span> <span class='ocrx_word' id='word_1_234' title='bbox 380 3527 466 3613; x_wconf 90' lang='lat' dir='ltr'>quod</span> <span class='ocrx_word' id='word_1_235' title='bbox 488 3528 588 3593; x_wconf 86' lang='lat' dir='ltr'>nichil</span> <span class='ocrx_word' id='word_1_236' title='bbox 609 3529 641 3592; x_wconf 89' lang='lat' dir='ltr'>ci</span> <span class='ocrx_word' id='word_1_237' title='bbox 664 3528 806 3594; x_wconf 88' lang='lat' dir='ltr'>reddidit</span> <span class='ocrx_word' id='word_1_238' title='bbox 828 3529 869 3594; x_wconf 89' lang='lat' dir='ltr'>de</span> <span class='ocrx_word' id='word_1_239' title='bbox 893 3528 1034 3594; x_wconf 82' lang='lat' dir='ltr'>denariis</span> <span class='ocrx_word' id='word_1_240' title='bbox 1056 3551 1115 3592; x_wconf 88' lang='lat' dir='ltr'>nec</span> <span class='ocrx_word' id='word_1_241' title='bbox 1137 3527 1233 3592; x_wconf 91' lang='lat' dir='ltr'>blado</span> <span class='ocrx_word' id='word_1_242' title='bbox 1257 3528 1313 3592; x_wconf 93' lang='lat' dir='ltr'>illo</span> 
     </span>
    </p>
   </div>
   <div class='ocr_carea' id='block_1_7' title="bbox 206 3770 1317 4548">
    <p class='ocr_par' dir='ltr' id='par_1_10' title="bbox 207 3770 1313 3952">
     <span class='ocr_line' id='line_1_31' title="bbox 239 3770 1313 3835; baseline 0 -15"><span class='ocrx_word' id='word_1_243' title='bbox 239 3772 249 3804; x_wconf 82' lang='lat'><em>¹</em></span> <span class='ocrx_word' id='word_1_244' title='bbox 267 3772 339 3820; x_wconf 76' lang='lat' dir='ltr'>(tort.</span> <span class='ocrx_word' id='word_1_245' title='bbox 351 3775 395 3834; x_wconf 81' lang='lat' dir='ltr'>qui</span> <span class='ocrx_word' id='word_1_246' title='bbox 400 3791 412 3833; x_wconf 87' lang='lat'>,·</span> <span class='ocrx_word' id='word_1_247' title='bbox 429 3787 458 3820; x_wconf 91' lang='lat' dir='ltr'>or</span> <span class='ocrx_word' id='word_1_248' title='bbox 468 3771 580 3835; x_wconf 79' lang='lat' dir='ltr'>perhaps</span> <span class='ocrx_word' id='word_1_249' title='bbox 595 3773 678 3823; x_wconf 83' lang='lat' dir='ltr'>worda</span> <span class='ocrx_word' id='word_1_250' title='bbox 692 3787 736 3822; x_wconf 84' lang='lat' dir='ltr'>are</span> <span class='ocrx_word' id='word_1_251' title='bbox 787 3772 882 3822; x_wconf 88' lang='lat' dir='ltr'>should</span> <span class='ocrx_word' id='word_1_252' title='bbox 897 3773 929 3822; x_wconf 85' lang='lat' dir='ltr'>be</span> <span class='ocrx_word' id='word_1_253' title='bbox 945 3787 1076 3830; x_wconf 69' lang='lat' dir='ltr'>mesurae,</span> <span class='ocrx_word' id='word_1_254' title='bbox 1093 3770 1222 3835; x_wconf 80' lang='lat' dir='ltr'>reapings,</span> <span class='ocrx_word' id='word_1_255' title='bbox 1242 3784 1313 3832; x_wconf 86' lang='lat' dir='ltr'>rcap-</span> 
     </span>
     <span class='ocr_line' id='line_1_32' title="bbox 207 3837 958 3901; baseline 0.003 -15"><span class='ocrx_word' id='word_1_256' title='bbox 207 3837 332 3896; x_wconf 80' lang='lat' dir='ltr'>omitted;</span> <span class='ocrx_word' id='word_1_257' title='bbox 355 3841 400 3900; x_wconf 81' lang='lat' dir='ltr'>qui</span> <span class='ocrx_word' id='word_1_258' title='bbox 423 3845 505 3888; x_wconf 81' lang='lat' dir='ltr'>teuent</span> <span class='ocrx_word' id='word_1_259' title='bbox 528 3846 667 3888; x_wconf 65' lang='lat' dir='ltr'>taliamento</span> <span class='ocrx_word' id='word_1_260' title='bbox 688 3855 735 3901; x_wconf 78' lang='lat' dir='ltr'>quc</span> <span class='ocrx_word' id='word_1_261' title='bbox 785 3839 832 3901; x_wconf 81' lang='lat' dir='ltr'>ing</span> <span class='ocrx_word' id='word_1_262' title='bbox 843 3837 958 3888; x_wconf 64' lang='lat' dir='ltr'>acrhicss</span> 
     </span>
     <span class='ocr_line' id='line_1_33' title="bbox 207 3902 1103 3952; baseline -0.002 -1"><span class='ocrx_word' id='word_1_263' title='bbox 207 3905 295 3952; x_wconf 68' lang='lat' dir='ltr'>deterit</span> <span class='ocrx_word' id='word_1_264' title='bbox 307 3909 353 3951; x_wconf 80' lang='lat' dir='ltr'>etc.</span> <span class='ocrx_word' id='word_1_265' title='bbox 818 3903 829 3936; x_wconf 79' lang='lat'>³</span> <span class='ocrx_word' id='word_1_266' title='bbox 846 3903 917 3951; x_wconf 82' lang='lat' dir='ltr'>John</span> <span class='ocrx_word' id='word_1_267' title='bbox 928 3903 956 3951; x_wconf 85' lang='lat' dir='ltr'>ol</span> <span class='ocrx_word' id='word_1_268' title='bbox 966 3902 1075 3952; x_wconf 87' lang='lat' dir='ltr'>Burton.</span> <span class='ocrx_word' id='word_1_269' title='bbox 1097 3931 1103 3941; x_wconf 90' lang='lat'>·</span> 
     </span>
    </p>

    <p class='ocr_par' dir='ltr' id='par_1_11' title="bbox 206 3965 1317 4548">
     <span class='ocr_line' id='line_1_34' title="bbox 239 3965 1313 4026; baseline -0.004 -10"><span class='ocrx_word' id='word_1_270' title='bbox 239 3967 315 4016; x_wconf 77' lang='lat' dir='ltr'>²See</span> <span class='ocrx_word' id='word_1_271' title='bbox 326 3965 400 4015; x_wconf 72' lang='lat' dir='ltr'>Bul.</span> <span class='ocrx_word' id='word_1_272' title='bbox 413 3967 469 4018; x_wconf 73' lang='lat'>200.</span> <span class='ocrx_word' id='word_1_273' title='bbox 505 3966 576 4017; x_wconf 84' lang='lat' dir='ltr'>John</span> <span class='ocrx_word' id='word_1_274' title='bbox 587 3968 617 4017; x_wconf 85' lang='lat' dir='ltr'>of</span> <span class='ocrx_word' id='word_1_275' title='bbox 631 3968 734 4017; x_wconf 67' lang='lat' dir='ltr'>Bur-ton</span> <span class='ocrx_word' id='word_1_276' title='bbox 818 3967 829 4000; x_wconf 85' lang='lat'><strong>⁴</strong></span> <span class='ocrx_word' id='word_1_277' title='bbox 851 3967 922 4016; x_wconf 82' lang='lat' dir='ltr'>John</span> <span class='ocrx_word' id='word_1_278' title='bbox 938 3967 996 4015; x_wconf 75' lang='lat' dir='ltr'>riu</span> <span class='ocrx_word' id='word_1_279' title='bbox 1015 3965 1133 4026; x_wconf 76' lang='lat' dir='ltr'>Geoffrey</span> <span class='ocrx_word' id='word_1_280' title='bbox 1148 3967 1246 4013; x_wconf 85' lang='lat' dir='ltr'>cannot</span> <span class='ocrx_word' id='word_1_281' title='bbox 1267 3978 1313 4013; x_wconf 87' lang='lat' dir='ltr'>an·</span> 
     </span>
     <span class='ocr_line' id='line_1_35' title="bbox 207 4029 1314 4141; baseline -0.001 -62"><span class='ocrx_word' id='word_1_282' title='bbox 207 4046 269 4094; x_wconf 78' lang='lat' dir='ltr'>says</span> <span class='ocrx_word' id='word_1_283' title='bbox 285 4030 344 4106; x_wconf 84' lang='lat' dir='ltr'>that</span> <span class='ocrx_word' id='word_1_284' title='bbox 360 4029 394 4080; x_wconf 89' lang='lat' dir='ltr'>he</span> <span class='ocrx_word' id='word_1_285' title='bbox 409 4045 463 4081; x_wconf 80' lang='lat' dir='ltr'>was</span> <span class='ocrx_word' id='word_1_286' title='bbox 482 4033 609 4108; x_wconf 75' lang='lat' dir='ltr'>enleoffed</span> <span class='ocrx_word' id='word_1_287' title='bbox 630 4033 683 4082; x_wconf 90' lang='lat' dir='ltr'>and</span> <span class='ocrx_word' id='word_1_288' title='bbox 706 4048 735 4082; x_wconf 91' lang='lat' dir='ltr'>so</span> <span class='ocrx_word' id='word_1_289' title='bbox 786 4048 851 4111; x_wconf 66' lang='lat' dir='ltr'>suar</span> <span class='ocrx_word' id='word_1_290' title='bbox 869 4032 979 4110; x_wconf 74' lang='lat' dir='ltr'>without</span> <span class='ocrx_word' id='word_1_291' title='bbox 1000 4030 1045 4080; x_wconf 83' lang='lat' dir='ltr'>the</span> <span class='ocrx_word' id='word_1_292' title='bbox 1066 4031 1137 4090; x_wconf 80' lang='lat' dir='ltr'>king.</span> <span class='ocrx_word' id='word_1_293' title='bbox 1172 4031 1249 4141; x_wconf 59' lang='lat' dir='ltr'>Tim</span> <span class='ocrx_word' id='word_1_294' title='bbox 1270 4044 1314 4105; x_wconf 68' lang='lat' dir='ltr'>po·</span> 
     </span>
     <span class='ocr_line' id='line_1_36' title="bbox 206 4094 1316 4235; baseline -0.003 -25"><span class='ocrx_word' id='word_1_295' title='bbox 206 4095 735 4224; x_wconf 63' lang='lat' dir='ltr'>ttt?tttttutttthtttff</span> <span class='ocrx_word' id='word_1_296' title='bbox 786 4095 1061 4235; x_wconf 68' lang='lat' dir='ltr'>ttttlthtslj</span> <span class='ocrx_word' id='word_1_297' title='bbox 1075 4094 1316 4208; x_wconf 62' lang='lat' dir='ltr'>ttutttttt</span> 
     </span>
     <span class='ocr_line' id='line_1_37' title="bbox 207 4224 1136 4302; baseline -0.001 -28"><span class='ocrx_word' id='word_1_298' title='bbox 207 4225 307 4300; x_wconf 78' lang='lat' dir='ltr'>mosne)</span> <span class='ocrx_word' id='word_1_299' title='bbox 325 4240 370 4274; x_wconf 87' lang='lat' dir='ltr'>are</span> <span class='ocrx_word' id='word_1_300' title='bbox 388 4225 448 4301; x_wconf 86' lang='lat' dir='ltr'>held</span> <span class='ocrx_word' id='word_1_301' title='bbox 465 4225 499 4288; x_wconf 81' lang='lat' dir='ltr'>by</span> <span class='ocrx_word' id='word_1_302' title='bbox 514 4225 599 4276; x_wconf 78' lang='lat' dir='ltr'>divers</span> <span class='ocrx_word' id='word_1_303' title='bbox 611 4227 733 4302; x_wconf 31' lang='lat' dir='ltr'>lectrices,</span> <span class='ocrx_word' id='word_1_304' title='bbox 787 4243 832 4278; x_wconf 88' lang='lat' dir='ltr'>are</span> <span class='ocrx_word' id='word_1_305' title='bbox 845 4225 890 4276; x_wconf 86' lang='lat' dir='ltr'>the</span> <span class='ocrx_word' id='word_1_306' title='bbox 901 4224 986 4286; x_wconf 83' lang='lat' dir='ltr'>hing’s</span> <span class='ocrx_word' id='word_1_307' title='bbox 995 4225 1136 4288; x_wconf 78' lang='lat' dir='ltr'>privileges</span> 
     </span>
     <span class='ocr_line' id='line_1_38' title="bbox 207 4287 1317 4418; baseline -0.004 -12"><span class='ocrx_word' id='word_1_308' title='bbox 207 4289 738 4418; x_wconf 47' lang='lat' dir='ltr'>migmspgmpfestgggtppnlrlpphyarpg</span> <span class='ocrx_word' id='word_1_309' title='bbox 788 4292 861 4406; x_wconf 70' lang='lat' dir='ltr'>uolui</span> <span class='ocrx_word' id='word_1_310' title='bbox 869 4290 1076 4417; x_wconf 44' lang='lat' dir='ltr'>Fililliddflilelit</span> <span class='ocrx_word' id='word_1_311' title='bbox 1097 4289 1159 4350; x_wconf 57' lang='lat' dir='ltr'><strong>they</strong></span> <span class='ocrx_word' id='word_1_312' title='bbox 1174 4287 1210 4338; x_wconf 50' lang='lat' dir='ltr'>un</span> <span class='ocrx_word' id='word_1_313' title='bbox 1232 4287 1317 4337; x_wconf 58' lang='lat' dir='ltr'>much</span> 
     </span>
     <span class='ocr_line' id='line_1_39' title="bbox 209 4417 1063 4483; baseline -0.002 -14"><span class='ocrx_word' id='word_1_314' title='bbox 209 4419 356 4483; x_wconf 84' lang='lat' dir='ltr'>implesded</span> <span class='ocrx_word' id='word_1_315' title='bbox 369 4422 397 4468; x_wconf 84' lang='lat' dir='ltr'>at</span> <span class='ocrx_word' id='word_1_316' title='bbox 407 4417 550 4482; x_wconf 77' lang='lat' dir='ltr'>hilesbury.</span> <span class='ocrx_word' id='word_1_317' title='bbox 585 4421 620 4469; x_wconf 85' lang='lat' dir='ltr'>Ol</span> <span class='ocrx_word' id='word_1_318' title='bbox 629 4421 737 4470; x_wconf 67' lang='lat' dir='ltr'>mracu’</span> <span class='ocrx_word' id='word_1_319' title='bbox 821 4422 832 4454; x_wconf 77' lang='lat'>⁶</span> <span class='ocrx_word' id='word_1_320' title='bbox 850 4421 949 4483; x_wconf 78' lang='lat' dir='ltr'>Supply</span> <span class='ocrx_word' id='word_1_321' title='bbox 961 4422 1063 4469; x_wconf 78' lang='lat' dir='ltr'>clamat.</span> 
     </span>
     <span class='ocr_line' id='line_1_40' title="bbox 210 4483 738 4548; baseline 0.004 -15"><span class='ocrx_word' id='word_1_322' title='bbox 210 4486 222 4533; x_wconf 92' lang='grc' dir='ltr'>Ι</span> <span class='ocrx_word' id='word_1_323' title='bbox 251 4499 300 4533; x_wconf 88' lang='lat' dir='ltr'>can</span> <span class='ocrx_word' id='word_1_324' title='bbox 329 4483 404 4532; x_wconf 82' lang='lat' dir='ltr'>make</span> <span class='ocrx_word' id='word_1_325' title='bbox 429 4483 554 4546; x_wconf 78' lang='lat' dir='ltr'>nothing;</span> <span class='ocrx_word' id='word_1_326' title='bbox 583 4485 694 4548; x_wconf 81' lang='lat' dir='ltr'>perhaps</span> <span class='ocrx_word' id='word_1_327' title='bbox 717 4487 738 4536; x_wconf 91' lang='lat' dir='ltr'>it</span> 
     </span>
    </p>
   </div>
   <div class='ocr_carea' id='block_1_8' title="bbox 0 0 1682 5217">
    <p class='ocr_par' dir='ltr' id='par_1_12' title="bbox 0 0 1682 5217">
     <span class='ocr_line' id='line_1_41' title="bbox 0 0 1682 5217; baseline 0 0"><span class='ocrx_word' id='word_1_328' title='bbox 0 0 1682 5217; x_wconf 95' lang='lat' dir='ltr'> </span> 
     </span>
    </p>
   </div>
  </div>
 </body>
</html>
