3342 5217
480 340 631 403 1111111,
653 341 717 391 nn.
742 328 835 402 1231,
858 340 922 392 111.
946 330 997 393 15.
1221 329 1285 392 453

179 508 266 595 quod
290 531 365 574 cum
387 509 474 574 idem
496 509 609 575 Abbas
630 510 662 575 ei
684 509 816 575 reddere
839 509 974 576 deberet
995 510 1036 576 de
1058 510 1172 575 eodem
1194 518 1285 575 tene·

180 621 290 677 mento
312 614 353 699 vj.
376 636 499 679 merces
520 615 648 701 argenti
670 637 728 702 per
749 638 823 682 ann.
845 615 933 681 idem
955 616 1067 681 Abbas
1088 614 1233 679 detinuit
1254 615 1285 679 ei

178 716 352 781 seruicium
367 716 449 781 illud
464 740 523 803 per
536 740 593 782 sex
613 740 715 783 annos
729 718 778 783 ita
797 718 933 804 quod
904 741 936 783 61
955 726 1061 798 aretro
1083 725 1161 782 sunt
1178 717 1284 783 adhuc

180 818 317 905 triginta
345 842 401 885 sex
426 843 532 885 marce
558 829 593 885 et
623 821 709 886 uude
739 821 955 887 deterioratus
977 829 1028 886 est
1049 828 1084 885 61
1105 820 1284 906 dampnum

179 923 279 988 habet
293 924 335 989 ad
350 924 529 989 ualenciam
544 948 572 990 x.
589 948 776 991 marcarum.

244 1028 289 1091 Et
314 1028 426 1093 Abbas
449 1029 543 1093 uenit
569 1038 602 1093 et
632 1028 795 1116 cognoscit
822 1029 908 1114 quod
937 1037 1030 1094 tenet
1059 1035 1285 1093 tenementum

179 1130 261 1195 illud
276 1131 317 1196 de
332 1132 477 1217 predicto
492 1132 636 1198 Galfrido
651 1142 686 1198 et
696 1133 784 1220 quod
798 1134 973 1219 aliquando
987 1134 1018 1198 ei
1029 1133 1162 1198 reddere
1171 1130 1286 1196 debuit

179 1234 340 1320 predictas
351 1235 389 1322 vj.
403 1259 534 1315 marcas,
543 1246 594 1303 set
603 1260 717 1303 reuera
725 1238 888 1303 Beatrioia
897 1236 1059 1303 Corbicun
1069 1245 1174 1302 mater
1183 1235 1287 1321 ipsius

180 1337 317 1403 Galfridi
332 1339 505 1425 aliquando
518 1340 617 1426 petiit
631 1341 666 1405 in
682 1341 772 1405 ouria
785 1341 879 1406 Dom.
896 1341 996 1428 Regis
1011 1340 1144 1405 terciam
1159 1346 1285 1425 partem

179 1440 267 1505 illius
282 1450 366 1506 terre
381 1442 417 1506 in
431 1442 542 1509 dotem
557 1466 670 1509 uersus
684 1444 867 1530 predictum
878 1445 1042 1510 Abbatem
1053 1444 1103 1507 ita
1116 1442 1202 1529 quod
1216 1442 1286 1527 ipse

179 1544 292 1610 Abbas
306 1547 438 1611 uocauit
453 1546 528 1613 inde
543 1548 586 1613 ad
600 1557 781 1613 warantum
796 1548 979 1634 predictum
1000 1547 1182 1612 Galfridum
1202 1546 1285 1611 etin

180 1656 310 1711 tautum
332 1670 390 1734 per
411 1650 612 1715 concordiam
634 1673 818 1737 processum
840 1649 905 1716 fuit
925 1650 1012 1715 inter
1033 1673 1088 1715 eos
1109 1649 1196 1735 quod
1216 1649 1286 1735 ipse

179 1749 404 1815 warentiaauit
419 1759 454 1815 et
468 1753 625 1817 concessit
640 1753 727 1838 quod
741 1752 810 1839 ipse
830 1752 942 1817 Abbes
963 1761 998 1817 et
1020 1774 1214 1816 successores
1234 1751 1287 1815 sui

179 1852 335 1937 quamdiu
350 1852 496 1937 predicta
510 1853 672 1919 Beatricia
687 1855 815 1919 uiueret
826 1854 998 1919 redderent
1009 1853 1114 1919 eidem
1127 1852 1286 1917 Beatricie

179 1954 309 2019 nomine
324 1954 410 2020 dotis
432 1956 489 2042 irij.
505 1979 628 2022 marcas
648 1959 794 2044 quolibet
814 1982 900 2023 anno
919 1981 977 2044 pro
995 1958 1097 2023 tercia
1115 1966 1207 2043 purte
1227 1980 1288 2022 sua

178 2081 278 2145 quam
296 2058 367 2145 ipsa
386 2060 494 2145 petiit,
514 2068 549 2125 et
568 2061 775 2147 postmodum
798 2062 892 2127 uenit
911 2061 982 2148 ipse
1004 2070 1039 2126 et
1053 2062 1151 2147 petiit
1174 2083 1286 2125 uersus

180 2161 364 2226 Walterum
389 2162 430 2226 de
461 2162 604 2249 Eyuilla¹
631 2164 765 2229 terciam
790 2172 918 2251 partem
942 2165 1111 2229 cuiusdam
1136 2173 1221 2228 16116
1251 2163 1286 2227 in

178 2265 340 2330 dominico
368 2274 403 2331 et
440 2266 509 2352 ipse
545 2268 677 2333 uocauit
713 2267 790 2333 inde
819 2268 862 2333 ad
890 2277 1071 2333 warantum
1103 2267 1286 2353 predictum

179 2368 362 2447 Galfn'durn
388 2377 423 2435 et
446 2370 515 2456 ipse
538 2370 762 2435 warentizauit
791 2379 826 2435 et
848 2370 1029 2435 attornauit
1050 2370 1224 2435 Abbctem.
1244 2370 1287 2435 ad

178 2473 331 2538 reddend'
354 2473 460 2538 eidem
485 2474 647 2541 Beetricie
666 2474 690 2560 j.
718 2498 860 2540 marcam
884 2498 943 2561 pro
965 2473 1038 2539 illa²
1062 2474 1165 2539 tercia
1192 2483 1285 2561 perte

177 2577 238 2642 illa
258 2577 307 2641 ita
327 2577 414 2663 quod
435 2601 500 2643 non
520 2578 681 2664 superfuit
701 2578 866 2644 reddenda
883 2578 990 2643 eidem
1010 2578 1155 2644 Galfrido
1177 2577 1286 2663 aliquo

177 2702 265 2745 anno
294 2680 328 2745 in
357 2690 523 2767 posterum
552 2682 615 2745 nisi
639 2682 664 2769 j.
691 2705 799 2748 marca
823 2689 859 2747 et
884 2682 925 2747 (16
950 2705 1058 2747 1116166
1082 2682 1139 2747 1116
1160 2704 1287 2767 semper

176 2784 347 2871 hucusque
362 2786 393 2849 ei
408 2785 565 2850 satisfecit
580 2786 622 2851 ad
638 2786 793 2851 terminos
810 2786 898 2850 inter
919 2809 974 2851 eos
996 2794 1138 2851 statutos
1157 2794 1192 2850 et
1209 2784 1285 2849 inde

176 2888 301 2973 profert
315 2888 423 2974 plures
438 2888 548 2953 literas
563 2895 714 2975 petentes
728 2887 768 2953 de
784 2888 946 2953 solucione
961 2888 1019 2952 illa
1038 2888 1133 2963 facta,
1147 2895 1181 2951 et
1202 2886 1286 2951 bene

177 2988 261 3055 dicit
283 2991 368 3076 quod
389 3014 519 3077 semper
539 2991 706 3077 hucusque
728 2990 865 3056 redidit⁸
880 2992 987 3057 cidem
1009 2990 1170 3056 Beati-ieie
1188 2989 1194 3078 Ι
1213 3013 1284 3076 pre-

176 3093 284 3158 dictas
299 3093 442 3180 quinque
457 3116 580 3159 marcas
595 3102 630 3159 et
644 3094 720 3158 inde
735 3102 831 3159 uocat
854 3117 927 3159 eam
947 3094 989 3159 ad
1009 3101 1198 3159 warantum.
1240 3094 1285 3159 Et

177 3197 359 3262 uicecomes
372 3197 485 3262 uenire
507 3198 605 3263 166161
627 3205 686 3262 etc.
703 3197 906 3262 Willelmum
928 3197 969 3263 de
985 3198 1231 3263 Wintercumba
1251 3205 1286 3261 61

177 3301 375 3367 Beatriciam
396 3324 527 3366 uxorem
550 3302 620 3367 eius
641 3301 684 3366 ad
705 3302 962 3388 cognoscendum
984 3302 1012 3366 si
1033 3324 1092 3388 per
1110 3324 1166 3367 sex
1186 3323 1287 3366 annos

177 3406 326 3494 proximo
350 3406 522 3493 preteritoe
545 3412 737 3491 receperunt
759 3404 801 3470 de
825 3405 956 3470 Abbate
978 3405 1019 3470 de
1042 3405 1237 3471 stratfordia
1257 3429 1286 3470 v.

177 3532 304 3576 marcas
332 3511 373 3575 de
403 3511 444 3596 vj.
474 3510 589 3575 marcis
618 3532 698 3595 quas
727 3508 814 3574 idem
844 3508 955 3574 Abbas
983 3508 1117 3574 reddere
1147 3508 1287 3574 debebat

176 3613 354 3701 aliquando
383 3613 529 3699 predicto
555 3612 708 3690 Galfn'do,
732 3612 810 3698 quia
837 3612 925 3677 idem
950 3613 1115 3678 Galfridus
1141 3613 1287 3680 defendit

177 3718 267 3805 qnod
281 3716 369 3783 idem
385 3716 500 3803 Abbas
510 3716 609 3781 nichil
625 3738 682 3801 pro
698 3738 735 3781 eo
750 3714 849 3780 soluit
868 3738 928 3781 nec
949 3717 1074 3781 soluere
1091 3716 1207 3781 debuit
1227 3740 1287 3783 1166

177 3844 338 3907 umquam
352 3820 541 3897 6116166611Ι
549 3843 624 3885 eum
644 3819 686 3884 ad
706 3819 906 3884 soluendum
952 3819 1179 3884 Postmodum⁴
1192 3820 1287 3885 uenit

178 3924 345 3991 Beatricia
359 3932 464 3988 mater
477 3924 615 4008 predicti
631 3923 768 3989 Galfridi
783 3932 817 3987 et
832 3924 986 4009 cognouit
1001 3923 1087 4009 quod
1104 3924 1227 4009 recepit
1246 3924 1287 3990 de

177 4028 328 4117 predicto
349 4026 481 4091 Abbate
504 4025 639 4112 singulis
661 4026 755 4090 annis
769 4049 796 4090 v.
820 4048 944 4090 marcus
965 4047 1024 4111 per
1043 4026 1142 4091 finem
1165 4028 1287 4091 factum

177 4134 267 4199 inter
295 4131 399 4217 ipsam
429 4129 623 4195 Beatriciam
650 4138 684 4194 et
715 4128 897 4194 Galfridum
923 4129 1027 4193 filium
1057 4152 1153 4195 suum
1181 4152 1287 4195 coram

345 4298 354 4329 ¹
372 4300 496 4363 Dayuill'‚
510 4298 540 4348 B.
815 4300 825 4331 ³
843 4300 914 4349 Corr.
925 4301 1046 4361 reddidit,
1060 4300 1090 4353 Β,

345 4366 355 4395 ²
372 4364 542 4423 0111111611.
815 4365 825 4397 ⁴
842 4366 940 4426 Postea,
954 4364 984 4414 B.
