3342 5217
359 306 424 368 492
569 317 892 377 mensunusum
917 302 1012 375 1231,
1032 315 1096 363 ars
1120 300 1257 363 15-16.

424 492 468 557 Et
490 493 674 557 Willelmus
696 492 778 557 dicit
807 490 895 578 quod
918 490 1007 555 idem
1038 490 1216 554 Nicholans
1244 488 1346 552 habet
1373 487 1467 551 illam

358 596 491 661 terciam
521 606 648 683 partem
674 606 709 661 et
739 597 827 660 ultra
855 595 945 659 illam
974 593 1110 658 terciam
1137 600 1265 678 partem
1291 591 1467 677 occupcnit

358 698 445 763 idem
473 699 651 764 Nicbolaus
675 699 774 763 aliam
799 696 934 761 terciam
956 703 1084 781 partem
1105 694 1171 759 scil
1193 694 1411 769 tantumdem,
1432 703 1468 758 et

358 803 453 867 offert
475 804 569 868 Dom.
593 802 676 889 Regi
696 802 721 888 j.
748 824 845 866 marc.
863 823 922 886 pro
944 798 1095 863 habenda
1117 797 1329 884 inquisicione
1354 807 1392 861 et
1418 820 1467 861 re-

358 906 484 992 cipitur.
531 908 575 971 Et
589 906 663 970 ideo
678 914 868 992 preceptum
884 912 935 968 est
948 902 1133 968 uicecomiti
1148 902 1234 989 quod
1248 924 1354 967 coram
1369 924 1411 967 eo
1432 910 1468 965 et

358 1032 465 1073 coram
494 1009 682 1074 custodibus
712 1008 905 1095 placitorum
934 1029 1049 1071 corone
1077 1006 1190 1070 uenire
1216 1006 1313 1070 faciat
1343 1006 1398 1091 xij.
1425 1005 1466 1070 de

359 1116 487 1179 uisneto
509 1114 550 1178 de
575 1113 751 1178 Mendbam
774 1122 809 1177 et
832 1113 989 1177 Prestona
1006 1133 1064 1197 per
1086 1133 1168 1197 quos
1189 1109 1237 1174 rei
1261 1109 1383 1174 ueritas
1405 1117 1465 1174 etc

358 1226 392 1283 et
407 1240 590 1305 percorum
605 1226 842 1282 sacramentum
858 1225 917 1281 etc
933 1216 962 1280 si
978 1215 1143 1302 predictus
1158 1214 1337 1278 Nicbolous
1354 1222 1468 1277 contra

358 1323 456 1388 linem
472 1324 563 1387 illum
586 1322 758 1408 occupauit
782 1321 915 1385 terciam
938 1328 1065 1406 partem
1088 1318 1306 1404 predictamm
1322 1317 1387 1401 viij.
1404 1340 1466 1382 ruer.

358 1428 443 1514 prati
467 1437 502 1492 et
522 1428 585 1513 xvj.
601 1450 661 1491 scr.
681 1426 808 1491 marisci
829 1426 884 1490 uel
903 1425 1045 1511 aliquam
1066 1432 1193 1509 partem
1212 1422 1253 1486 de
1273 1422 1410 1486 marisco
1431 1429 1467 1486 et

358 1542 451 1617 prato
480 1556 543 1619 que
573 1531 679 1596 eidem
706 1532 872 1596 Willelmo
895 1537 1128 1605 remanserunt,
1155 1537 1189 1591 et
1217 1527 1464 1614 inquisicionem

359 1636 469 1699 uenire
490 1636 587 1700 faciat
607 1658 627 1700 a
646 1636 699 1700 dic
719 1644 780 1699 etc.
800 1656 860 1721 per
882 1634 993 1697 literas
1015 1641 1050 1696 et
1072 1654 1131 1717 per
1149 1632 1237 1695 duos
1282 1630 1327 1694 Et
1350 1629 1468 1693 Anicia

358 1737 427 1801 filia
447 1738 557 1802 Dauid
578 1738 740 1824 particeps
760 1737 902 1823 ipsorum
919 1735 1078 1799 Willelmi
1097 1743 1131 1798 et
1152 1732 1304 1798 Nioholai
1323 1754 1466 1796 summo

358 1851 475 1907 nestur
500 1843 542 1907 ad
566 1842 802 1907 ostendendum
826 1842 854 1905 si
880 1839 960 1927 quid
986 1840 1105 1904 clamat
1134 1839 1169 1902 in
1194 1836 1341 1923 predicta
1366 1835 1468 1899 tercia

358 1954 450 2032 parte
465 1948 551 2032 prati
567 1955 602 2011 et
616 1946 743 2011 marisci
758 1955 818 2010 etc.

423 2049 607 2114 Willelmus
621 2049 662 2113 de
673 2049 881 2113 Wintertona
895 2057 930 2111 et
941 2046 1103 2111 Beatricia
1112 2068 1195 2109 uxor
1204 2045 1276 2109 eius
1286 2043 1467 2108 sthachisti

265 2172 306 2201 ⁸02
359 2154 490 2218 fuerunt
510 2153 552 2217 ad
571 2152 830 2239 respondendum
853 2152 925 2217 Ade
948 2150 990 2217 de
1015 2151 1047 2216 S.
1070 2152 1174 2215 Eleus
1195 2172 1295 2237 quare
1319 2150 1468 2213 feoenmt

358 2267 490 2323 uastum
506 2267 540 2323 et
556 2259 691 2324 exilium
705 2257 931 2323 uendicionem
947 2264 981 2321 et
996 2255 1251 2321 destruccionem
1262 2254 1304 2318 de
1315 2253 1468 2317 domibus

358 2360 502 2447 gardinis
517 2362 651 2427 uiuariis
666 2370 700 2426 et
715 2361 819 2427 boscis
834 2384 898 2447 que
913 2368 1029 2424 tenent
1042 2359 1078 2423 in
1096 2358 1206 2423 dotem
1221 2357 1262 2421 de
1281 2357 1467 2428 hereditate

358 2463 460 2549 ipsius
475 2464 547 2529 Ade
563 2465 597 2528 in
613 2465 751 2529 Leitons
764 2464 805 2528 ad
821 2462 1134 2528 exhereditacionem
1150 2461 1252 2547 ipsius
1266 2460 1340 2524 Ade
1355 2469 1469 2524 contro

358 2566 611 2652 prohibicionem
635 2576 704 2644 eto,
719 2578 753 2634 et
775 2569 864 2634 unde
885 2568 954 2653 ipse
969 2567 1045 2631 Ada
1058 2566 1207 2652 queritur
1221 2564 1308 2651 quod
1328 2564 1468 2650 predicti

359 2672 543 2736 Willelmu's
561 2682 599 2737 et
621 2673 785 2737 Beatricis
805 2679 1053 2759 prostrauerunt
1078 2670 1160 2735 duas
1189 2668 1300 2732 domos
1330 2677 1366 2731 et
1394 2667 1468 2731 illas

359 2774 578 2840 uendiderunt
608 2785 643 2841 et
672 2777 919 2841 combusserunt
945 2780 979 2840 et
1002 2784 1151 2861 preterea
1175 2773 1327 2860 gardinos
1351 2773 1467 2837 exstir-

358 2888 520 2964 pauerunt
541 2890 576 2943 et
596 2881 736 2944 fraxinos
755 2888 1002 2966 prostrauerunt
1022 2888 1057 2944 et
1078 2877 1299 2942 uendiderunt
1321 2885 1358 2941 et
1380 2899 1468 2941 com-

358 2983 540 3062 busserunt,
556 2993 589 3048 et
604 2994 752 3071 preterea
766 2985 852 3071 quod
868 2984 996 3049 uiuaria
1010 2980 1288 3070 exequiauerunt¹
1307 2990 1344 3046 et
1362 2982 1469 3066 pisoes

358 3094 523 3171 oeperunt,
534 3087 583 3151 its
591 3087 677 3173 quod
686 3087 902 3152 deterioratus
912 3097 963 3152 est
975 3095 1034 3152 etc.
1046 3095 1081 3151 et
1088 3084 1165 3150 inde
1173 3082 1324 3170 producit
1335 3092 1467 3148 sectam

425 3190 469 3254 Et
485 3191 668 3256 Willelmus
683 3201 717 3256 et
733 3192 896 3257 Bestricis
914 3191 1054 3256 ueniunt
1075 3200 1110 3255 et
1130 3189 1310 3254 defendunt
1333 3198 1467 3258 uastum

359 3302 393 3358 et
415 3294 549 3359 exilium
573 3304 607 3360 et
631 3305 738 3361 totum
764 3305 799 3361 et
821 3297 908 3383 quod
930 3297 1056 3361 nullum
1079 3304 1211 3360 uastum
1237 3294 1385 3359 fecenmt
1411 3316 1468 3379 po

359 3405 443 3461 nunt
458 3420 492 3462 se
507 3421 605 3484 super
618 3400 766 3485 patrium.
798 3400 842 3464 Et
854 3400 928 3464 Ada
941 3400 1100 3464 similiter.
1130 3399 1175 3463 Et
1189 3397 1263 3462 ideo
1273 3407 1467 3484 preceptum

359 3507 409 3563 est
429 3499 613 3566 uicecomiti
629 3502 714 3587 quod
732 3503 907 3589 assumptis
929 3525 1038 3567 secum
1061 3502 1115 3587 xij.
1131 3501 1166 3565 in
1183 3500 1313 3587 propria
1330 3522 1470 3587 persona

359 3625 418 3666 sua
432 3603 564 3668 accedet
585 3605 672 3691 apud
688 3605 858 3671 Leitonsm
879 3616 913 3671 et
932 3629 991 3693 per
1011 3629 1122 3670 eorum
1143 3613 1381 3669 sacramentum
1405 3614 1466 3670 etc.

358 3708 444 3793 qnod
459 3717 590 3774 uastum
606 3718 640 3775 et
656 3712 740 3796 quod
757 3712 891 3776 exilium
906 3712 1044 3797 predicti
1057 3710 1240 3775 Willelmus
1254 3718 1289 3774 et
1304 3710 1470 3775 Beatricia

359 3812 505 3877 fecerunt
527 3813 561 3877 in
583 3814 733 3879 domibus
756 3814 901 3901 gardinis
924 3815 1027 3880 boscis
1051 3823 1085 3879 et
1108 3814 1244 3878 uiuariis
1264 3814 1299 3878 in
1320 3814 1471 3900 predicta

359 3922 445 3979 tems
459 3922 494 3979 et
508 3915 753 4001 inquisicionem
769 3918 850 3983 scire
865 3917 963 3983 facist
983 3916 1177 3982 iusticiurios
1199 3926 1257 3982 etc
1275 3939 1334 4005 per
1355 3916 1470 3982 literas

359 4026 393 4081 et
408 4040 466 4103 per
480 4017 560 4082 duos
576 4026 634 4083 eto.
655 4018 660 4104 Ι

238 4110 305 4241 ffil
362 4222 370 4235 ι
425 4121 448 4185 J
449 4106 591 4186 ohannes
606 4122 691 4187 filius
708 4122 827 4187 Eruisii
848 4124 933 4209 petit
953 4146 1067 4190 uersus
1086 4123 1261 4189 Ricardum
1281 4122 1323 4188 de
1338 4123 1470 4191 Wsude

236 4227 310 4329 Μ
356 4244 380 4305 J.
397 4244 477 4307 ung.
494 4231 578 4287 terre
594 4246 667 4288 cum
684 4234 764 4309 pert.
780 4224 814 4289 in
830 4226 1021 4313 Haueringe
1036 4234 1075 4290 ut
1089 4227 1142 4291 ius
1155 4248 1251 4290 suum
1267 4236 1302 4290 et
1316 4225 1468 4313 inquam

303 4366 306 4375 ⁴
411 4349 420 4384 ¹
438 4348 510 4415 They
521 4350 628 4401 drcined
641 4352 684 4403 the
696 4352 858 4420 fish-ponds;
875 4357 1016 4421 aepulare,
1029 4370 1167 4414 mussare,
1178 4352 1261 4406 henos
1271 4368 1320 4405 our
1330 4369 1417 4407 secer.
