3342 5217
351 378 393 443 66
582 386 816 449 urcmunuss,
839 387 904 437 sn.
929 372 1024 450 1219,
1046 385 1111 437 su
1134 373 1228 437 3-4.

351 560 454 628 Msrie
469 581 572 647 usque
587 560 628 625 sd
643 560 820 625 terminum
835 558 878 625 ed
891 581 990 645 quem
1008 558 1041 623 N
1044 557 1188 623 ioholcus
1207 557 1259 623 uir
1277 577 1357 622 suus
1376 554 1458 621 illud

351 664 474 729 habuit
519 664 564 727 Et
586 670 734 748 preterea
754 662 817 747 ipsi
839 661 997 726 Ricardus
1019 668 1053 725 et
1076 659 1220 727 cristina
1240 658 1408 745 perficient
1428 656 1459 721 ei

350 766 437 853 quod
461 765 595 830 habebit
620 764 673 851 xij.
699 787 822 829 marces
847 763 994 828 redditus
1019 763 1184 827 habendas
1209 770 1281 826 tots
1304 761 1377 825 uita
1401 782 1461 824 sus

351 870 481 937 nominc
510 869 596 935 dotis
617 869 704 934 unde
726 869 797 955 ipse
826 868 917 955 prius
945 890 1011 932 non
1040 867 1157 932 habuit
1186 865 1249 931 nisi
1272 865 1314 930 in
1337 886 1460 939 marcos

351 974 506 1051 redditus,
521 997 579 1060 pro
594 995 628 1037 se
643 981 678 1038 et
692 972 854 1037 Matillide
869 994 968 1036 uxore
984 971 1054 1035 eius
1073 978 1108 1035 et
1127 979 1275 1056 preterea
1288 970 1415 1034 dabunt
1429 968 1461 1033 ei

351 1102 375 1145 c.
392 1079 480 1144 solid
497 1087 531 1143 et
550 1079 622 1164 ipso
640 1077 755 1142 reddet
775 1098 886 1141 omnes
905 1083 1011 1140 cortes
1030 1097 1111 1161 quas
1131 1074 1247 1139 habuit
1266 1096 1326 1159 per
1343 1096 1378 1138 se
1398 1072 1460 1138 sub

351 1184 482 1249 nomine
496 1182 529 1246 N
532 1182 648 1247 icholsi
663 1180 727 1245 uiri
742 1179 792 1245 sui
807 1187 843 1244 et
857 1178 962 1265 quieti
976 1178 1043 1242 sint
1058 1177 1098 1242 de
1113 1200 1138 1242 c
1154 1176 1265 1241 solidis
1278 1176 1352 1241 etc¹

289 1335 295 1349 .
419 1285 590 1351 'Ricmdus
612 1284 653 1349 de
675 1284 770 1348 Roffa
791 1282 1008 1347 summonitus
1037 1281 1102 1345 fuit
1131 1280 1172 1345 sd
1201 1278 1461 1367 respondendum

354 1389 497 1455 Roberto
512 1388 622 1455 Morio
636 1395 671 1452 et
685 1386 809 1473 Agneti
823 1386 917 1450 uxori
931 1385 1001 1450 eius
1016 1392 1051 1449 ct
1065 1384 1189 1449 Thome
1203 1384 1234 1449 le
1256 1384 1407 1469 Sauuuge
1427 1390 1463 1446 et

354 1492 469 1557 Auicie
492 1490 599 1556 uxori⁸
620 1498 655 1555 et
674 1490 817 1555 Roberto
838 1488 879 1553 de
899 1489 932 1552 lc
951 1487 1064 1575 Leghs
1078 1497 1112 1552 et
1127 1486 1272 1551 Flandr'⁴
1284 1486 1378 1551 uxori
1392 1486 1463 1549 eius

355 1620 454 1684 quare
484 1620 550 1663 non
578 1595 726 1683 permisit
754 1617 807 1659 eos
836 1600 1021 1679 presentare
1046 1592 1205 1679 ydoneam
1230 1612 1399 1677 personam
1421 1589 1463 1654 od

355 1700 522 1766 ecclesiam
552 1700 593 1765 de
622 1698 829 1764 Andrintona
861 1719 924 1783 que
961 1704 1057 1761 uacat
1094 1703 1153 1760 etc.
1183 1695 1271 1759 unde
1307 1693 1370 1779 ipsi
1405 1715 1465 1779 per

354 1800 535 1867 Robertum
557 1799 598 1864 de
621 1800 653 1863 la
674 1798 787 1884 Legho
808 1804 1010 1861 ottomstum
1032 1818 1128 1861 suum
1151 1794 1265 1859 dicunt
1286 1793 1373 1879 quod
1394 1792 1463 1877 ipse

356 1906 476 1971 iniuste
499 1903 627 1989 inpedit
649 1924 703 1967 eos
724 1908 910 1987 presentare
933 1907 992 1964 etc
1016 1898 1094 1985 quis
1116 1897 1283 1988 Johcnnes
1308 1894 1465 1960 Maudut'

355 2013 449 2091 pater
474 2005 618 2091 ipsarum
647 2002 795 2089 Agnetis,
824 2002 950 2079 Auicie,
979 2009 1014 2065 et
1044 2000 1171 2065 Flandr’
1201 1999 1293 2065 ouius
1330 1998 1464 2063 heredes

355 2109 645 2195 recuperaremus
659 2107 810 2173 seisinam
830 2106 918 2171 illius
938 2105 1160 2171 eduocscionis
1179 2104 1215 2169 in
1234 2104 1324 2169 curis
1339 2102 1463 2168 domini

356 2215 456 2301 Regis
485 2213 645 2278 «Iohannis
674 2235 733 2298 per
761 2212 894 2277 assisam
923 2212 1041 2276 ultime
1061 2209 1313 2297 prssentocionis
1334 2216 1463 2294 ceptam

356 2340 469 2382 uersus
485 2316 681 2382 Gensrdum
696 2316 737 2381 de
752 2316 959 2402 Manquency
972 2316 1021 2380 ita
1035 2314 1122 2401 quod
1141 2322 1255 2401 postea
1273 2313 1315 2378 cd
1333 2335 1463 2399 presen-

356 2419 516 2485 tscionem
528 2419 629 2506 ipsius
641 2420 664 2485 J
665 2418 800 2483 ohannis
814 2419 974 2483 admissus
988 2419 1052 2482 fuit
1063 2418 1248 2483 Willelmus
1258 2417 1299 2482 de
1310 2417 1465 2502 Runeray

356 2524 413 2610 qui
425 2523 542 2589 ultimo
553 2524 635 2589 obiit
646 2545 782 2609 persona
796 2530 856 2588 etc
872 2530 907 2587 et
921 2522 998 2587 inde
1011 2521 1161 2608 producit
1175 2528 1296 2586 sectam
1312 2527 1347 2584 et
1354 2520 1465 2605 posuit

244 2636 297 2705 [1‘2]
357 2648 391 2691 se
417 2648 515 2712 super
536 2626 657 2691 curiam
677 2624 681 2713 Ι
702 2625 788 2712 quod
817 2626 867 2690 ita
887 2624 1093 2710 recuperauit
1114 2624 1266 2689 seisincm
1288 2630 1323 2687 et
1344 2629 1464 2708 petunt

358 2729 510 2795 seisinsm
524 2729 733 2793 antecessoris
748 2728 800 2793 sui
813 2736 873 2793 etc

425 2834 469 2899 Et
498 2834 656 2899 Ricardus
685 2834 779 2898 uenit
805 2841 840 2898 et
862 2832 943 2897 dicit
965 2830 1051 2918 quod
1079 2831 1166 2896 iuste
1187 2829 1314 2917 inpedit
1335 2851 1464 2916 presen-

196 2852 287 2892 Notsdc

196 2900 331 3041 &iffi
359 2936 520 3002 tccionem
533 2958 626 3002 susm
642 2936 719 3023 quia
732 2936 801 3022 ipse
812 2957 949 3021 persona
959 2934 1047 2999 iliius
1058 2933 1190 2999 ecclesie
1201 2941 1251 2997 est
1262 2941 1297 2997 et
1307 2932 1466 2997 admissus

196 3040 348 3125 ΜΨ*
359 3040 401 3105 ab
416 3039 565 3125 episcopo
579 3039 622 3104 sd
636 3038 802 3104 ecclesiam
817 3038 916 3103 illam

197 3133 261 3173 ⁰¹⁰⁰*
425 3144 469 3210 Et
491 3144 653 3208 Robertus
674 3165 733 3228 pro
755 3164 789 3207 se
812 3150 847 3206 et
868 3141 940 3205 eliis
962 3140 1043 3205 dicit
1062 3139 1149 3226 quod
1168 3139 1302 3205 ecclesia
1321 3146 1417 3204 uacat
1432 3146 1467 3203 et

360 3248 459 3313 estin
474 3270 573 3313 manu
589 3248 730 3335 episcopi
744 3270 802 3334 pro
821 3246 1045 3332 inpedimento
1064 3246 1165 3331 ipsius
1185 3244 1316 3311 Ricardi
1336 3251 1370 3308 et
1389 3243 1466 3308 inde

359 3352 542 3438 producunt
556 3361 677 3417 sectum
692 3360 752 3417 etc

426 3457 470 3521 Et
491 3456 649 3522 Ricardus
671 3455 751 3520 dicit
773 3453 860 3542 quod
881 3454 951 3540 ipse
973 3476 1109 3539 persons
1130 3453 1263 3519 ecclesie
1284 3452 1325 3518 de
1349 3452 1467 3518 Stokes

361 3570 411 3626 est
426 3562 468 3627 od
483 3584 581 3648 quam
596 3561 739 3647 pertinet
754 3560 843 3625 dicta
857 3560 992 3625 ecclesia
1004 3559 1046 3625 de
1060 3558 1267 3624 Andrintona
1287 3566 1324 3623 ut
1344 3558 1468 3643 capelle

359 3672 393 3728 et
405 3664 474 3749 ipse
486 3665 581 3729 estin
591 3663 710 3729 seisinc
720 3662 761 3727 de
773 3663 1006 3749 spiritualitate
1017 3672 1052 3727 et
1063 3663 1146 3727 bene
1158 3662 1304 3727 concedit
1315 3660 1402 3749 quod
1416 3668 1467 3725 est

359 3768 394 3833 in
409 3790 507 3833 manu
530 3766 746 3832 archidiaconi
768 3776 803 3831 et
825 3768 912 3854 quod
934 3767 1033 3832 nichil
1056 3768 1175 3832 clamat
1196 3768 1232 3831 in
1253 3767 1466 3833 aduocacione

394 4008 482 4057 ¹Ais
499 4009 619 4071 crumped
636 4009 690 4059 anti
707 4010 814 4059 obscure
836 4010 889 4059 ond
940 4010 1124 4072 ispostncript.

358 4073 407 4123 hss
418 4074 459 4124 led
471 4074 515 4124 the
526 4074 626 4137 copyist
641 4078 742 4137 aetram
759 4076 781 4124 Β
796 4074 890 4134 him,-
972 4074 983 4106 ²
999 4076 1029 4123 A.
1042 4090 1078 4124 m.
1092 4074 1160 4133 18d;
1184 4077 1214 4127 B.
1228 4091 1263 4124 m.
1277 4077 1317 4124 14.

361 4148 415 4190 tota
425 4142 483 4189 uita
497 4155 544 4189 ruo
555 4142 653 4189 nomine
668 4142 734 4189 doris
749 4142 814 4191 unde
830 4143 889 4205 ipra
971 4140 983 4171 ⁸
998 4144 1061 4199 eius,
1076 4141 1107 4190 Β.

360 4207 472 4255 Motillir
484 4206 559 4267 prim
574 4220 624 4254 oon
640 4206 729 4254 habuit
744 4207 797 4255 nisi
813 4222 838 4256 s.
853 4222 885 4259 m.
971 4206 983 4239 ⁴
998 4208 1143 4264 Flondn'n’,
1155 4206 1187 4255 B.

359 4271 471 4319 redditur
482 4272 527 4320 cut
539 4271 638 4320 nornine
652 4271 718 4319 dotis
731 4285 780 4333 per
794 4273 888 4321 Nicho·
970 4271 982 4303 ⁸
998 4274 1129 4330 Mandris,
1141 4272 1172 4321 Β.

360 4336 428 4383 laum
441 4337 527 4384 uinum
543 4350 623 4385 murt.
673 4337 740 4385 uicti
752 4344 812 4386 mut
822 4338 853 4385 dr
863 4351 885 4387 c.
969 4336 981 4368 ⁶
997 4340 1069 4387 cuiue
1088 4338 1188 4386 heredes
1205 4338 1259 4399 ipse
1275 4342 1335 4385 sunt
1353 4351 1466 4399 reeuper-

358 4400 404 4449 rol.
438 4398 471 4447 In
488 4398 551 4449 both
566 4399 630 4449 rolls
646 4402 658 4452 t
679 4398 700 4449 's
716 4401 887 4463 compromisc
937 4404 995 4450 cuit
1006 4416 1089 4451 seems
1099 4401 1145 4451 the
1155 4406 1214 4451 trus
1224 4400 1338 4464 reading.
1374 4402 1405 4459 A,
1417 4402 1448 4452 B.
1557 4396 1564 4403 ”
