3342 5217
410 509 645 573 urcmnnms,
666 509 731 560 no.
755 495 850 571 1228,
871 510 934 559 aa
959 496 1095 561 12-13.
1240 497 1302 559 245

199 689 340 748 statutos
354 683 410 748 ille
424 683 509 749 sicut
528 705 664 769 persona
681 683 900 770 implacitauit
919 683 954 748 in
976 683 1118 770 capitulo
1137 693 1214 750 ante
1233 708 1304 772 pro

199 788 405 867 hibicionem‚
419 795 453 854 et
475 788 561 874 petit
583 787 739 854 iudicium
762 789 790 855 si
811 788 894 854 illud
915 788 1025 876 potuit
1046 789 1155 855 facere
1172 793 1230 856 etc
1252 789 1305 856 uel

199 915 273 960 non

265 997 310 1062 Et
322 995 508 1062 Gilebertus
523 996 616 1062 uenit
631 1004 666 1061 et
680 995 741 1062 hoc
756 1004 864 1062 totum
879 997 1051 1084 cognoscit,
1062 1007 1112 1063 set
1125 997 1206 1064 dicit
1221 997 1307 1085 quod
1353 1043 1359 1052 -

199 1101 341 1166 reddidit
356 1100 388 1167 ei
399 1100 560 1188 predictos
575 1098 722 1166 denarios
737 1109 788 1166 set
802 1101 927 1167 nnllam
947 1102 1082 1185 [sectam
1099 1102 1176 1168 inde
1198 1102 1306 1166 habet.

200 1206 244 1270 Εὴ
259 1205 340 1270 dicit
354 1203 441 1292 quod
454 1205 524 1291 ipse
539 1203 642 1292 exigit
657 1203 699 1270 ab
714 1227 753 1270 eo
768 1204 933 1291 quandam
953 1228 1077 1291 penam.
1123 1207 1168 1271 Et
1181 1207 1305 1272 Willel-

199 1333 272 1375 mus
287 1309 368 1377 dicit
383 1309 469 1396 quod
483 1310 606 1375 nullam
617 1307 639 1396 ¹]
656 1333 774 1397 penem
789 1311 831 1376 ab
847 1333 887 1375 eo
902 1310 1005 1398 exigit
1019 1333 1080 1377 nec
1094 1311 1210 1398 exiget

265 1416 310 1481 Et
324 1415 397 1481 ideo
411 1415 649 1481 consideratum
664 1424 714 1481 est
729 1415 815 1502 quod
829 1416 916 1481 bene
930 1415 1008 1481 licet
1023 1415 1129 1482 cidem
1143 1417 1307 1482 Willelmo

199 1521 292 1607 sequi
308 1521 464 1607 placitum
479 1519 560 1586 illud
575 1520 610 1585 in
625 1521 715 1586 curia
729 1521 953 1586 cristianitatis
967 1545 1041 1586 cum
1057 1523 1100 1587 sit
1120 1521 1160 1587 de
1175 1522 1308 1587 decimis

199 1633 235 1690 et
264 1622 409 1711 predicto
434 1623 566 1690 Decano
595 1632 707 1689 tenere
736 1624 827 1703 illud,
851 1633 887 1689 θὴ
908 1624 1095 1690 Gilebertus
1124 1625 1159 1690 in
1184 1625 1306 1690 miseri-

199 1728 334 1794 oordia'.

138 1889 147 1902 .
265 1833 448 1900 ⁸Oristiena
463 1855 525 1919 que
541 1833 605 1897 fuit
626 1855 707 1898 uxor
720 1833 835 1898 Ailrici
857 1833 1068 1900 Corduanmii
1088 1834 1173 1919 petit
1195 1857 1307 1898 uersus
1361 1837 1428 1877 ΒΜ

199 1939 376 2005 Ricardum
398 1937 439 2003 de
454 1938 668 2025 Wyndesores
689 1961 787 2004 unam
808 1938 965 2024 shoppam
986 1962 1060 2003 cum
1080 1946 1160 2024 pert.
1177 1939 1211 2002 in
1231 1940 1306 2004 sub-

198 2043 293 2109 urbio
308 2042 475 2107 Wintonie
490 2051 529 2106 ut
546 2041 597 2106 ius
618 2050 651 2106 et
672 2041 881 2128 maritagium
903 2065 998 2107 suum
1018 2050 1053 2107 θὴ
1072 2042 1106 2106 in
1122 2064 1220 2129 quam
1243 2065 1307 2107 non

198 2144 300 2210 habet
314 2143 495 2230 ingressum
509 2142 572 2206 nisi
584 2165 641 2228 per
651 2121 834 2228 predictuin
846 2141 1013 2219 Ailricum‚
1025 2142 1187 2228 quondam
1199 2143 1306 2207 uirum

197 2270 305 2324 suum,
321 2247 373 2311 cui
389 2246 460 2331 ipsa
474 2245 509 2309 in
523 2245 595 2310 uita
610 2244 688 2309 sua⁴
703 2252 761 2310 etc.
782 2243 787 2332 Ι

266 2351 311 2416 Εὴ
325 2349 503 2416 Ricardus⁶
519 2349 612 2414 uenit
626 2357 661 2414 et
676 2349 756 2415 dicit
771 2348 858 2436 quod
873 2372 938 2414 non
953 2349 1052 2416 debet
1072 2350 1114 2415 ad
1133 2351 1194 2415 hoc
1207 2352 1307 2417 breue

198 2453 392 2542 respondere
415 2453 493 2540 quia
521 2452 686 2539 predictus
711 2453 853 2518 Ailricus
874 2454 926 2518 uir
947 2455 1049 2540 ipsius
1071 2453 1252 2520 Cristiane⁶
1272 2456 1308 2521 in

199 2579 322 2644 magna
342 2555 535 2621 necessitate
558 2578 618 2620 sua
645 2555 865 2621 uendiderunt
894 2556 1051 2642 shoppam
1081 2557 1198 2635 illam',
1221 2559 1308 2623 unde

198 2659 379 2726 secundum
408 2658 676 2723 consuetudinem
705 2666 739 2722 et
766 2658 952 2723 libertatem
975 2658 1119 2724 ciuitatis
1141 2660 1307 2726 Wintonie

200 2763 301 2828 nichil
317 2769 425 2849 potest
439 2763 577 2826 clamare
593 2761 627 2826 in
643 2761 767 2848 shoppa
779 2759 864 2828 illa⁸.

267 2868 311 2931 Et
332 2867 495 2933 Cristiana
513 2866 695 2953 dicitquod
715 2866 839 2952 choppa
859 2866 917 2930 illa
938 2874 988 2930 est
1010 2875 1102 2931 extra
1123 2867 1308 2932 libertatem

198 2971 355 3048 ciuitatis,
370 2979 404 3035 et
423 2970 496 3035 ideo
517 2971 576 3035 hoc
598 2993 662 3035 non
680 2969 778 3035 debet
800 2992 923 3036 nocere.
969 2970 1013 3034 Et
1028 2970 1142 3035 balliui
1164 2970 1309 3035 ciuitatis

199 3077 370 3163 proferunt
385 3073 538 3160 ¹cartam⁹
559 3074 683 3139 domini
705 3074 805 3162 Regis
827 3075 885 3162 qui
906 3098 993 3139 nunc
1016 3084 1066 3139 est
1088 3075 1122 3139 in
1148 3098 1214 3161 qua
1234 3099 1307 3140 con-

200 3179 328 3244 tinetur
338 3177 424 3264 quod
435 3178 545 3242 nullus
556 3200 668 3243 eorum
680 3177 737 3264 qui
748 3178 847 3242 fuerit
858 3177 943 3242 infra
952 3177 1074 3264 gildam
1086 3179 1308 3243 mercatoriam

199 3284 336 3372 placitet
351 3291 444 3348 extra
458 3306 566 3348 muros
581 3283 726 3348 ciuitatis
735 3284 912 3370 Wyntonie
928 3283 968 3348 de
985 3284 1050 3347 ullo
1065 3284 1193 3369 placito,
1202 3292 1310 3369 preter

199 3387 323 3474 placita
336 3385 376 3452 de
393 3386 516 3450 tenuris
530 3385 743 3451 exterioribus
758 3386 903 3472 exceptis
917 3386 1098 3450 morreariis
1108 3386 1129 3418 ¹⁰
1144 3395 1178 3451 θὴ
1198 3388 1309 3452 minis-

201 3493 262 3558 tris
277 3492 352 3557 suia

267 3595 311 3659 Εὴ
327 3594 404 3681 quie
418 3594 618 3680 recognitum
634 3601 685 3658 est
699 3615 758 3680 per
771 3601 881 3680 partes
896 3592 981 3679 quod
996 3593 1120 3679 shoppa
1133 3592 1191 3658 illa
1205 3603 1255 3658 est
1269 3594 1310 3660 de

198 3700 327 3766 tenuris
346 3700 559 3766 exterioribus
580 3698 828 3766 Consideratum
850 3696 1002 3785 estquod
1022 3696 1221 3782 respondeat.
1267 3699 1310 3763 Et

199 3803 360 3870 Ricardus
375 3803 467 3868 uenit
485 3810 519 3868 et
539 3811 634 3868 uocat
649 3800 725 3868 iude
748 3800 790 3866 ad
811 3809 991 3866 warantum
1010 3800 1191 3865 Galfiidum
1206 3801 1310 3866 filium

132 3994 135 3997 ι
199 3917 236 3974 θὴ
251 3908 405 3974 heredem
420 3907 557 3994 predicti
572 3907 699 3994 Eylrici
746 3906 809 3971 Per
821 3905 980 3972 auxilium
995 3906 1083 3971 curie
1098 3906 1217 3972 habeat
1234 3930 1310 3972 eum

237 4045 395 4095 ¹Wordsin
407 4044 512 4095 bracket
528 4043 646 4107 supplied
663 4044 731 4094 from
815 4043 871 4092 ⁷co
883 4043 1080 4106 qoodpcupcrec
1091 4050 1172 4101 crant,
1185 4045 1216 4093 B.

200 4112 238 4170 B;
268 4110 404 4187 obviously
423 4109 486 4173 they
504 4125 549 4161 are
568 4109 679 4160 wanted.
711 4109 731 4159 0
815 4109 957 4158 8Βτιιθὴοιι
978 4108 997 4161 1.
1021 4109 1069 4157 321
1086 4108 1111 4167 b,
1128 4107 1204 4185 holds
1221 4108 1311 4188 theta

200 4174 468 4292 fflwssffif'm
783 4173 1311 4290 iiiiiiniiinviiifflihiiitinii

235 4307 247 4340 ³
262 4307 294 4356 B.
306 4321 343 4356 m.
356 4307 400 4366 123
418 4305 446 4356 0.
459 4320 494 4358 nu
509 4304 562 4357 sd.
784 4318 905 4354 common
916 4303 991 4365 good.

235 4372 597 4435 ⁴ccntradr'ccrcnorzpotuit.
815 4369 891 4420 ⁹See
912 4368 1015 4419 chanst
1034 4368 1064 4418 oi
1089 4369 1160 4419 John
1187 4374 1215 4420 to
1237 4369 1309 4420 Win-

235 4439 247 4470 ⁸
267 4439 415 4496 melmin,
427 4437 456 4486 G.
783 4433 894 4493 chester,
905 4433 966 4484 Βοὴ.
978 4434 1049 4484 cart.
1062 4435 1119 4486 217.

235 4501 366 4566 “supply
387 4510 411 4552 ct
439 4504 496 4566 ipra
525 4503 665 4562 cristiano,
695 4501 733 4562 B;
817 4499 839 4533 ¹⁰
854 4501 1006 4558 monetariis,
1021 4500 1052 4561 B,
1072 4501 1106 4560 03
1122 4503 1269 4551 nronctoriic
1286 4509 1310 4552 et

201 4571 403 4642 quicipcacum
410 4569 524 4636 predicto
536 4569 643 4628 Ailn'co,
656 4566 684 4618 (l.
784 4567 910 4616 ministris
920 4567 1020 4626 ποθὴν-ἰὴ,
1032 4565 1092 4618 Βοὴ.
1104 4565 1174 4619 (lert.
