3342 5217
422 438 654 500 moriannae,
678 438 741 487 au.
767 425 860 498 1219,
882 438 944 487 an.
969 423 1063 485 3-4.
1254 420 1297 482 63

192 614 308 679 annuis
321 621 356 677 et
370 611 457 698 quod
472 611 614 676 talliauit
635 632 710 675 eum
731 608 992 674 mensurabiliter
1010 604 1140 693 quando
1154 603 1297 670 talliauit
1308 620 1461 753 fflffih

191 712 271 775 alios
285 711 431 775 homines
445 732 526 785 suos,
542 717 576 773 et
590 709 677 794 quod
699 730 764 771 non
784 706 892 792 potuit
912 706 1013 770 filiam
1033 728 1125 769 suam
1145 703 1296 769 maritare
1309 718 1437 809 mm

192 816 261 881 sine
276 815 410 879 licencia
423 813 546 879 domini
561 812 618 877 sui.
1309 809 1421 849 ww·

257 914 364 979 'Idem
380 923 414 978 et
428 935 487 999 per
501 912 615 977 eadem
630 910 730 975 uerba
744 908 913 973 inuenitur
932 908 967 973 in
981 908 1088 971 rotulo
1108 906 1239 971 Ricardi
1256 906 1298 970 de

193 1016 326 1081 Hen'et’
340 1024 374 1079 et
396 1038 461 1079 non
476 1015 557 1099 plus
603 1014 646 1077 Et
661 1012 740 1098 quia
752 1011 956 1076 recordatum
971 1019 1021 1075 est
1035 1010 1122 1096 quod
1136 1010 1244 1075 iurata
1257 1032 1298 1073 ex

192 1141 347 1183 consensu
368 1118 515 1204 parcium
536 1116 623 1181 inter
644 1137 698 1179 eos
719 1123 816 1201 capta
836 1114 901 1178 suit
922 1114 1007 1178 sicut
1033 1112 1215 1198 predictum
1239 1121 1298 1188 est,

194 1221 440 1287 Consideratum
453 1228 502 1284 est
517 1219 603 1305 quod
618 1228 704 1283 terra
719 1218 776 1282 illa
790 1226 840 1281 est
855 1216 1056 1303 uilenagium
1070 1216 1173 1301 ipsius
1184 1216 1298 1301 Hugo·

193 1326 266 1402 nis⁴,
281 1334 315 1390 et
329 1326 416 1411 quod
430 1326 459 1389 si
474 1324 635 1389 Martinus
650 1322 790 1388 uoluerit
804 1330 925 1386 terram
935 1330 1046 1385 tenere
1058 1320 1155 1385 faciat
1166 1341 1298 1383 consue-

193 1430 338 1495 tudines⁶
352 1452 433 1515 quas
446 1438 540 1514 pater
554 1450 632 1493 suus
647 1427 732 1503 fecit,
747 1426 797 1490 sin
812 1426 943 1489 autem⁶
956 1424 1064 1509 capiat
1075 1432 1195 1487 terram
1206 1444 1299 1486 suam

193 1532 229 1595 in
243 1554 376 1596 manum
390 1554 491 1607 suam,
506 1538 540 1595 et
555 1528 658 1615 quod⁷
673 1550 738 1594 uon
753 1526 973 1613 recuperauit⁸
987 1548 1063 1591 eum
1077 1525 1119 1590 ad
1133 1524 1298 1590 willarium

195 1638 229 1695 et
243 1629 315 1694 ideo
329 1629 364 1693 in
379 1628 602 1718 misericordia
618 1628 641 1692 J
642 1627 705 1693 oh.⁹

260 1731 435 1816 emaum
446 1720 509 1817 que
521 1731 584 1795 suc
599 1713 680 1793 uxor
693 1728 829 1793 nobem
844 1727 972 1793 amitis
985 1728 1026 1791 de
1039 1726 1198 1791 Moullent
1214 1725 1299 1811 petit

193 1834 318 1919 uersus]
334 1834 517 1900 Walterum
532 1832 645 1898 Mar'.¹¹
665 1832 722 1917 qui
744 1832 828 1897 infra
848 1840 971 1896 etatem
991 1840 1042 1895 est
1058 1831 1240 1895 manerium
1257 1830 1299 1894 de

194 1938 408 2002 Sturminstre
423 1958 497 2001 cum
518 1934 727 2021 pertinenciis
742 1944 779 1999 ut
799 1934 911 1999 dotem
930 1956 1023 1998 suam
1043 1942 1102 1997 etc
1118 1933 1206 1997 unde
1227 1954 1299 2017 pre-

192 2036 300 2100 dictus
314 2036 477 2099 Robertus
490 2057 562 2099 eam
577 2033 704 2098 dotauit
720 2042 777 2097 etc.
795 2034 874 2119 quia
887 2033 956 2117 ipse
967 2032 1095 2097 dotauit
1110 2055 1182 2096 cam
1196 2032 1299 2095 nomi-

193 2135 298 2199 natim
317 2134 358 2199 de
373 2134 517 2198 manerio
534 2133 590 2197 illo
611 2132 639 2197 si
658 2133 818 2197 sufficeret
838 2132 880 2197 ad
900 2131 1034 2196 terciam
1054 2138 1180 2216 partem
1196 2131 1300 2195 tocius

194 2244 278 2300 terre
293 2244 352 2299 etc
368 2242 402 2299 et
417 2234 493 2298 inde
507 2232 655 2319 producit
670 2240 791 2297 sectam
806 2255 870 2318 que
885 2232 945 2296 hoc
960 2241 1106 2296 testatur.
1129 2228 1134 2317 Ι

258 2334 303 2398 Et
317 2333 482 2399 Walterus
496 2332 589 2397 uenit
605 2340 638 2397 et
653 2354 717 2396 non
732 2332 806 2396 uult
821 2332 853 2395 ei
867 2331 1058 2417 respondere
1073 2330 1142 2395 sine
1157 2339 1299 2395 waranto

194 2460 252 2503 suo
265 2438 306 2503 de
320 2438 396 2503 dote
411 2460 471 2501 sua
484 2436 547 2501 nisi
562 2436 651 2501 curia
665 2436 922 2501 considerauerit

259 2541 302 2605 Et
317 2540 454 2606 Matillis
468 2540 547 2604 dicit
561 2540 648 2625 quod
663 2538 756 2603 heres
769 2538 893 2603 domini
904 2539 956 2603 sui
970 2549 1005 2603 et
1019 2547 1181 2603 warantus
1195 2536 1301 2603 surm¹’

193 2648 243 2703 est
257 2638 292 2703 in
306 2638 529 2703 transmarinis
542 2636 690 2724 partibus
705 2637 739 2701 in
754 2646 915 2723 potestate
927 2637 1028 2724 Regis
1039 2637 1173 2701 Francie
1184 2646 1218 2701 et
1233 2659 1298 2700 non

192 2750 299 2828 potest
314 2764 389 2805 eum
405 2740 531 2806 habere.

257 2846 301 2911 Et
316 2845 482 2910 Walterus
495 2844 579 2930 petit
599 2842 756 2908 iudicium
776 2844 805 2908 si
824 2844 943 2909 debeat
963 2843 994 2907 ei
1015 2842 1207 2929 respondere
1229 2842 1298 2907 sine
1312 2856 1368 2895 Not·
1376 2856 1456 2942 ‘¹³⁰⁶t0

1310 2903 1431 2941 alneman

1309 2950 1443 2989 dedoteeun

225 3022 324 3071 1More
335 3022 364 3071 ot
379 3021 587 3083 thieimportant
598 3036 656 3071 case
667 3022 721 3070 will
800 3022 934 3086 ’Her-pet,
947 3022 979 3071 B.
1013 3022 1298 3085 Herietuasajnstioe

193 3086 225 3136 be
240 3086 321 3137 found
335 3086 423 3148 below,
437 3088 484 3137 No.
497 3090 538 3137 88.
571 3088 597 3136 It
613 3088 636 3135 is
653 3086 721 3136 cited
768 3088 1075 3150 earlyinJohn'ereign.

193 3152 228 3213 by
244 3152 357 3201 Braotun
376 3151 395 3201 l.
414 3150 493 3203 laub.
529 3150 640 3201 Observa
660 3151 720 3201 that
800 3152 1050 3213 Uolumniam,
1063 3152 1116 3201 and
1127 3151 1233 3213 rightly.

195 3216 239 3266 the
250 3216 339 3266 record
350 3216 399 3266 has
407 3216 518 3278 nothing
529 3231 559 3266 as
567 3222 595 3266 to
603 3216 721 3265 Martin'e
801 3216 812 3247 ⁸
828 3220 939 3266 amicto
950 3222 997 3266 not
1007 3218 1204 3274 comaetudt'nee,
1216 3216 1247 3265 B.

194 3296 278 3343 power
288 3283 315 3331 ol
330 3280 444 3343 quitting
454 3282 500 3330 the
510 3280 580 3341 land,
594 3280 646 3330 and
656 3281 721 3330 then
801 3280 812 3313 ⁸
828 3284 964 3343 uotam,
977 3282 1000 3329 B
1012 3282 1135 3344 supplies.

194 3361 313 3409 compare
324 3346 387 3397 with
398 3345 444 3395 the
458 3346 586 3407 marginal
601 3348 663 3395 note
677 3345 721 3395 the
801 3348 812 3379 ⁷
828 3348 965 3407 domam,
977 3347 999 3395 B
1012 3346 1135 3409 supplies.

195 3410 324 3473 following
346 3410 429 3459 words
448 3410 478 3459 ol
496 3410 721 3460 Bracton2—item
801 3410 813 3445 ⁸
829 3414 949 3471 concivit,
962 3411 993 3469 Α,
1006 3413 1036 3461 Β.

195 3480 250 3525 esto
264 3474 334 3537 quod
350 3478 495 3538 opponatur
509 3474 590 3525 libero
607 3475 721 3537 exceptio
802 3476 888 3525 ⁹duh.
914 3476 997 3526 added
1025 3475 1167 3538 seemingly
1192 3475 1228 3539 by
1251 3475 1298 3525 the

194 3540 333 3603 uillenagii,
358 3542 419 3602 quia
444 3543 516 3589 tenet
542 3554 588 3603 per
614 3540 721 3589 seruitia
769 3544 916 3590 annotator.
960 3540 1029 3591 Both
1051 3540 1114 3594 rolla
1135 3540 1200 3591 add:
1234 3544 1297 3590 Dies

194 3606 364 3663 uillana‚non
373 3604 720 3667 nocebiteiexeeptioquan-
769 3608 844 3655 datm
866 3614 902 3655 eut
923 3608 960 3655 eis
981 3622 998 3655 o
1020 3607 1062 3655 die
1083 3607 1175 3655 Patet.
1197 3608 1226 3654 iu
1248 3614 1298 3655 tm

194 3673 251 3719 tum
266 3670 300 3719 ad
315 3673 414 3719 statum
427 3669 529 3719 nocebit
540 3672 721 3731 tamenquan·
769 3673 867 3733 septim.
888 3677 918 3719 ut
941 3678 999 3721 tuuc
1016 3672 1141 3733 producat
1169 3672 1297 3719 Martium

194 3741 251 3785 turn
262 3734 297 3784 ad
310 3738 488 3784 tenementum
503 3734 721 3797 recuperandum
766 3737 942 3798 producimur
958 3750 1029 3783 suam
1044 3737 1079 3783 ad
1091 3736 1251 3797 probandum
1267 3737 1296 3783 li-

194 3814 248 3849 non
260 3803 388 3861 quantum
399 3798 432 3848 ed
447 3802 545 3848 statum
557 3802 619 3862 prtia
628 3802 722 3861 poterit
770 3802 889 3849 bertctem
899 3816 970 3849 neam
980 3802 1004 3848 ei
1017 3802 1127 3849 uoluerit
1142 3807 1167 3849 et
1182 3802 1297 3849 «Iohanni

194 3866 337 3928 relinquere
364 3866 531 3925 uillettapium
555 3871 581 3913 et
607 3871 636 3913 ut
659 3866 722 3913 liber
769 3866 803 3913 ud
822 3866 977 3926 probandum
999 3866 1156 3926 uilermpium
1176 3879 1249 3913 auum
1272 3867 1297 3913 ai

194 3930 264 3978 tomo
279 3930 400 3987 recedere,
416 3932 447 3978 ut
462 3928 494 3977 de
510 3932 585 3977 term.
602 3928 629 3979 S.
642 3928 721 3978 Mich.
769 3931 886 3979 uolitet-it.

193 4009 218 4044 a.
228 4009 249 4043 r.
260 4009 280 4043 r.
290 3994 326 4042 H.
337 3996 365 4041 3⁰
375 3994 452 4055 incip.
462 3993 606 4043 40incom.
619 3994 721 4043 Sussex.
803 3992 824 4024 ¹⁰
840 3993 871 4042 A.
888 4008 924 4042 m.
942 3995 990 4051 le;
1023 3993 1055 4041 B.
1078 4008 1113 4044 m.
1140 3994 1170 4042 1³
1180 3993 1206 4043 d.
1240 3992 1297 4043 The

193 4059 225 4107 de
240 4059 255 4107 J
257 4058 362 4108 ohanne
377 4059 409 4107 de
422 4058 511 4107 Monte
523 4059 604 4107 Aeuto
616 4062 643 4107 et
654 4058 721 4107 ltlar-
769 4057 1049 4121 wordswitltinsshave
1057 4058 1121 4107 been
1130 4056 1297 4121 deliberately

193 4124 251 4173 tino
264 4122 296 4172 de
309 4124 489 4173 Bestenonere.
525 4122 618 4171 Traces
635 4124 663 4172 ol
679 4122 722 4172 the
769 4123 860 4172 erased
874 4123 959 4172 inthe
970 4128 1032 4172 note
1042 4123 1109 4171 book
1119 4122 1172 4172 and
1182 4137 1226 4172 are
1237 4138 1298 4186 sup-

193 4188 322 4249 litigation
350 4188 379 4236 in
404 4187 497 4237 John’e
519 4187 590 4249 reign
612 4188 664 4235 will
690 4188 722 4237 be
769 4188 919 4250 pliedlrom
930 4188 1055 4239 therolla.

193 4253 274 4302 found
289 4252 318 4301 in
333 4252 427 4302 Placit.
445 4254 559 4312 abbrev„
577 4266 621 4315 pp.
638 4254 679 4313 25,
691 4254 722 4303 29
802 4252 822 4285 ¹1
843 4254 977 4302 Walterum
987 4256 1074 4317 fillum
1091 4254 1210 4303 Willelma'
1228 4256 1299 4302 Mar·

192 4316 246 4368 and
256 4320 316 4368 Rot.
329 4319 389 4367 Gur.
402 4319 474 4379 Rea„
487 4318 537 4367 vol.
549 4316 577 4367 ii.
589 4332 615 4379 p.
630 4318 687 4367 192.
771 4319 863 4377 ierallt',
877 4318 908 4365 B.

224 4382 284 4431 ²lu
306 4382 371 4433 both
394 4382 457 4433 rolla
479 4380 548 4431 what
571 4382 671 4431 lollowe
699 4380 721 4431 ie
805 4382 824 4413 ¹³
841 4382 1060 4444 decorem&
1082 4383 1230 4439 declotad.

191 4446 340 4511 poetacript.
