3342 5217
209 165 342 230 ecclesia
370 163 411 228 de
441 163 689 250 Faringefordia
735 165 779 228 Et
809 165 949 232 Thomas
978 176 1012 232 et
1041 168 1226 235 Alexandra
1253 192 1318 235 non

209 276 378 335 uenerunt.
423 268 467 333 Et
482 268 678 333 Eustachius
692 268 785 333 uenit
800 277 835 333 et
851 269 931 336 dicit
951 272 1037 358 quod
1057 296 1122 338 non
1141 274 1197 339 wlt
1218 276 1317 360 sequi.

210 373 253 437 Et
272 372 346 438 ideo
359 370 545 438 Willelmus
564 380 599 437 et
619 372 781 458 Mmgeria
799 372 876 438 inde
897 375 1009 461 quieti,
1024 385 1058 441 et
1075 378 1269 443 Eustachius
1284 386 1318 443 et

208 477 310 565 plegii
331 477 372 542 (le
395 476 618 563 prosequendo
639 476 675 540 in
696 476 922 543 misericordia.
971 480 1013 544 Et
1033 503 1130 566 super
1150 481 1209 545 hoc
1225 482 1319 547 uenit

209 582 299 647 Prior
312 581 353 647 de
369 582 472 669 Coges
487 581 545 668 qui
560 588 610 646 est
625 580 665 646 de
685 578 781 645 domo
801 581 843 646 (lc
865 582 1051 669 Fiscnmpo¹
1073 592 1107 649 et
1129 584 1209 650 dicit
1232 586 1318 671 quod

207 685 277 772 ipse
306 684 509 771 presentauit
538 685 689 749 ultimam
719 707 889 771 personam
919 686 961 751 ad
987 686 1125 753 eandem
1151 690 1317 755 ecclesiam

208 787 369 874 quendam
385 788 565 853 Robertum
581 789 686 853 Luuel
706 788 764 875 qui
784 789 826 854 ad
846 792 1121 876 presentationem
1142 816 1234 858 suam
1254 795 1318 859 fuit

207 894 374 972 admissus,
389 902 424 959 et
438 893 519 960 dicit
540 894 626 980 quod
646 894 810 959 Robertus
830 895 860 959 le
881 895 997 960 Picher
1018 896 1075 981 qui
1098 898 1214 961 ultimo
1236 899 1318 964 obiit
1378 934 1384 947 ·

207 1020 343 1084 persona
356 1006 563 1085 presentatus
577 998 640 1062 fuit
655 1005 804 1084 tempore
819 998 964 1085 gwerre¹.
1010 1000 1054 1063 Et
1077 1000 1261 1066 Willelmus
1283 1010 1317 1067 et

207 1101 368 1187 Margaria
381 1101 496 1167 dicunt
515 1101 601 1187 quod
621 1109 895 1186 presentauerunt
914 1101 1023 1187 ipsum
1044 1103 1223 1169 Robertum
1245 1114 1317 1191 post

206 1228 361 1292 guerram
390 1229 449 1293 per
478 1207 610 1294 longum
633 1214 765 1292 tempus
786 1206 852 1272 scil.
877 1205 1038 1293 tempore⁸
1060 1230 1124 1293 quo
1145 1209 1316 1274 concilium

206 1308 355 1394 generale
379 1309 577 1375 celebratum
604 1309 669 1374 fuit
693 1315 775 1395 aput
799 1308 959 1374 Oxoniam
986 1318 1131 1395 tempore
1158 1310 1205 1377 S!
1232 1310 1315 1377 Gan-

207 1413 379 1479 tuariensis
401 1414 645 1500 Archiepiscopi
667 1422 701 1479 et
725 1422 871 1499 tempore
891 1414 980 1500 pacis
1000 1423 1034 1479 et
1049 1415 1126 1481 inde
1141 1424 1268 1502 ponunt
1282 1440 1316 1481 se

206 1541 303 1604 super
332 1518 480 1583 iuratam.
529 1519 574 1583 Et
599 1518 691 1583 Prior
715 1518 873 1583 similiter.
920 1518 979 1583 Set
1003 1518 1102 1584 assisa
1124 1520 1257 1606 ponitur
1281 1521 1316 1586 in

206 1630 389 1708 respectum
410 1644 512 1707 usquo
534 1620 576 1685 ad
597 1621 685 1686 diem
708 1629 770 1687 etc.
786 1644 844 1707 pro
867 1620 997 1687 defectu
1020 1623 1267 1711 recognitorum,
1282 1632 1317 1689 et

207 1725 284 1812 quia
298 1747 410 1790 omnes
424 1724 559 1789 inutiles
574 1734 652 1789 sunt
927 1724 945 1790 ⁸.
992 1726 1035 1790 Et
1050 1726 1122 1790 ideo
1138 1727 1316 1793 uioocomes

206 1830 303 1895 faciat
319 1830 430 1895 uenire
444 1829 487 1894 ad
500 1830 589 1895 diem
603 1830 697 1895 illum
712 1852 824 1895 omnes
839 1831 911 1895 illos
932 1852 1068 1917 quorum
1090 1832 1221 1895 nomina
1236 1832 1315 1897 Milo

207 1933 351 1999 Clericus
369 1934 468 1999 habet
487 1933 530 1998 ad
547 1934 606 1998 fac'
621 1941 691 2011 etc,
706 1942 741 1998 et
760 1933 933 1999 hincinde
953 1957 1138 1999 concessum
1159 1943 1209 2000 est
1230 1936 1317 2021 quod

207 2041 307 2105 assisa
320 2039 468 2126 capiatur
482 2039 551 2103 siue
567 2039 719 2103 uenerint
734 2039 804 2103 siue
819 2062 892 2105 non.
937 2038 991 2103 Ad
1006 2039 1092 2104 diem
1113 2040 1206 2104 illum
1222 2041 1316 2105 uenit

206 2144 306 2209 assisa
335 2151 394 2209 etc.
438 2143 608 2208 Juratores
637 2142 752 2207 dicunt
781 2142 868 2229 quod
898 2142 1036 2229 quedam
1065 2143 1227 2230 Margeria
1252 2166 1316 2229 que

206 2246 431 2312 terramillam
446 2246 555 2310 tenuit
569 2246 604 2309 in
619 2245 730 2310 dotem
745 2245 948 2331 presentauit
960 2245 1123 2331 quendam
1136 2246 1315 2311 Robertum

206 2352 311 2417 Luuel
326 2351 366 2416 xl.
382 2350 475 2416 annis
490 2350 607 2435 elapsis
622 2358 657 2414 et
678 2372 716 2414 oo
736 2350 885 2435 amplius,
901 2358 935 2414 et
957 2357 1029 2435 post
1049 2356 1187 2413 mortem
1210 2351 1316 2417 cuius-

205 2456 280 2521 dam
296 2455 431 2520 Roberti
446 2455 562 2520 Picher
576 2454 640 2519 uiri
655 2454 758 2541 ipsius
772 2454 933 2541 Margerie
950 2454 1043 2519 uenit
1063 2454 1135 2539 ipsa
1155 2455 1317 2542 Margeria

205 2569 240 2624 et
269 2561 374 2625 mouit
408 2559 649 2624 contentionem
678 2580 791 2624 uersus
820 2556 961 2622 eundem
992 2557 1172 2621 Robertum
1203 2559 1317 2636 Luuel,

202 2663 252 2728 ita
265 2662 352 2750 quod
366 2662 522 2726 concessit
537 2661 680 2726 Roberto
700 2660 817 2725 Pioher
837 2660 904 2724 filio
925 2658 1029 2744 ipsius
1051 2659 1212 2745 Margarie
1235 2660 1316 2727 duos

201 2767 255 2833 sol.
271 2767 401 2832 nomine
416 2766 587 2852 pensionis,
602 2774 637 2831 ct
651 2772 779 2830 mortuo
794 2764 864 2850 ipso
876 2763 1020 2828 Roberto
1032 2764 1137 2828 Luuel
1151 2774 1314 2830 uenerunt

202 2871 266 2958 ipsi
288 2871 471 2936 Willelmus
494 2878 528 2935 et
552 2868 713 2957 Margaria
740 2876 775 2934 et
800 2875 1073 2954 presentauerunt
1096 2867 1137 2933 ad
1160 2868 1314 2933 uicarium
1436 2912 1441 2928 .

202 2984 237 3041 et
256 2976 299 3041 ad
317 2975 591 3062 presentationem
613 2974 757 3061 ipsorum
779 2974 843 3038 fnit
864 2973 1032 3039 admissus
1079 2974 1123 3037 Et
1145 2973 1218 3038 ideo
1240 2998 1314 3039 con-

201 3078 378 3144 sideratum
393 3086 444 3143 est
458 3078 545 3164 quod
559 3077 743 3142 Willelmus
762 3076 968 3161 recuperauit
989 3076 1141 3141 seisinam
1164 3100 1265 3156 suam,
1280 3086 1314 3143 et

203 3182 294 3247 Prior
304 3183 338 3246 in
349 3181 574 3259 misericordia,
583 3189 618 3246 et
627 3181 811 3245 Willelmus
823 3181 943 3246 habeat
954 3181 1053 3246 breue
1066 3181 1107 3246 ad
1118 3182 1314 3269 Episcopum

204 3284 479 3352 Lincolniensem⁸
492 3292 553 3351 etc.
574 3285 580 3371 Ι

148 3460 155 3472 Ι
268 3389 442 3477 'Magister
463 3387 658 3454 Vincencius
684 3388 725 3453 de
751 3390 818 3453 Bec
843 3388 993 3453 nadiauit
1019 3388 1182 3475 quandam
1209 3390 1314 3477 legem
1396 3456 1433 3485 0,

203 3516 317 3560 uersus
330 3493 471 3559 Aliciam
484 3492 526 3557 de
541 3492 741 3557 Trubleuilla
755 3492 796 3558 de
811 3492 932 3579 placito
952 3492 1181 3578 prohibicionis
1199 3492 1239 3557 de
1256 3494 1315 3559 hoc

237 3698 247 3731 ¹
263 3697 355 3760 Priory
366 3696 395 3747 ol
409 3694 500 3759 com,
520 3696 698 3757 Orlordshira
715 3712 732 3749 a
751 3731 754 3735 -
782 3696 883 3748 burned
895 3696 939 3747 the
951 3699 1070 3760 apostate
1081 3695 1186 3751 doaoon.

204 3761 600 3825 oellolthenbbeyolFtcamp.
618 3762 732 3813 Monnst.
815 3764 827 3797 ⁴
845 3762 959 3826 Stephon
971 3763 1100 3825 Longton.

204 3830 255 3881 vol.
267 3829 292 3886 ll,
302 3844 329 3892 p.
342 3828 415 3878 loos.
443 3827 511 3879 Gall.
524 3828 620 3879 Christ.
631 3828 682 3878 rol.
693 3829 732 3888 11,
816 3826 1060 3891 ‘Aspweislesm
1077 3830 1274 3889 amouerttur‚A.

203 3895 253 3945 ool.
265 3894 321 3942 201.
816 3892 899 3943 ⁶'I'he
916 3892 1012 3943 Prior's
1028 3896 1202 3943 omerooment
1221 3892 1244 3943 is
1266 3894 1315 3946 flve

236 3959 248 3991 ²
265 3958 386 4007 1215-7.
784 3958 883 4017 morke,
893 3958 924 4007 Δ.

237 4024 353 4083 ³17lp.
366 4023 438 4071 1222.
471 4022 734 4072 Tbeoouncilwhich
817 4022 1001 4071 ⁷A.m.14d.
