3342 5217
377 383 442 450 272
677 399 818 460 unsrun,
841 399 905 448 nn
932 386 1024 459 1229,
1047 400 1110 449 nn.
1134 387 1184 448 la

375 567 478 655 ipsius
493 569 565 636 Ade
581 569 681 634 nichil
697 571 728 635 ei
742 572 949 637 acomodauit
963 581 998 637 et
1017 573 1078 638 hoc
1098 573 1193 637 offert
1212 569 1384 636 defendere
1398 570 1484 633 sicut

376 671 467 736 curia
481 672 733 738 considerauen't
748 681 808 738 etc.

441 776 487 840 Et
510 775 583 841 ideo
606 777 845 842 consideratum
868 778 1028 864 estquod
1051 777 1139 844 Otho
1162 777 1315 843 defendat
1336 799 1371 841 se
1392 776 1483 860 xijm.

376 901 484 944 manu.
540 879 599 944 Set
615 879 693 966 quia
708 880 796 945 Otho
812 903 878 945 non
893 891 944 947 est
958 905 1090 968 presens
1104 891 1139 946 et
1154 891 1308 946 mutuum
1322 881 1437 946 debuit
1451 881 1485 945 ei

376 983 463 1047 fieri¹
479 983 604 1047 dictum
619 991 669 1047 est
684 991 850 1048 attornato
865 984 952 1070 quod
972 984 1070 1050 faciet
1089 1007 1166 1049 eum
1180 985 1292 1049 uenire
1306 983 1487 1071 inproprie

376 1109 514 1173 persona
529 1110 550 1152 a
563 1087 616 1152 die
633 1087 744 1153 Pasch.
759 1089 794 1152 in
809 1112 913 1153 unum
928 1112 1082 1166 mensem,
1097 1098 1132 1154 et
1147 1097 1226 1153 tunc
1245 1088 1358 1153 uediet
1378 1087 1485 1172 legem

374 1199 435 1256 etc.
453 1190 487 1254 in
503 1189 616 1254 codem
632 1198 722 1255 statu
738 1214 802 1277 quo
817 1214 905 1256 nunc
919 1200 979 1257 etc.
1025 1193 1103 1257 Post
1118 1192 1210 1257 uenit
1222 1191 1310 1256 Otho
1321 1199 1356 1255 et
1370 1190 1485 1255 uadiat

377 1293 492 1380 legem,
508 1302 542 1358 et
557 1295 670 1360 ueniat
685 1318 760 1360 oum
776 1295 847 1382 lege
866 1318 887 1359 a
906 1296 959 1360 die
982 1296 1012 1360 S
1037 1296 1133 1361 Mioh
1157 1296 1192 1360 in
1214 1318 1317 1360 unum
1338 1316 1485 1360 mensem

376 1407 434 1462 eto.
477 1399 566 1485 Pleg'
582 1399 623 1463 de
639 1400 711 1485 lege
727 1407 786 1462 eto

429 1727 622 1796 PLAOITA
651 1727 773 1792 APUT
803 1727 1268 1793 WESTMONASTERHJM
1295 1727 1427 1792 ANNO

440 1831 585 1895 REGNI
608 1829 743 1895 REGIS
765 1830 880 1895 XIIJ0.
903 1831 966 1894 DE
989 1831 1197 1897 TERMINO
1219 1829 1419 1896 PASCHE'.

439 2051 572 2117 ⁸Assisa
609 2051 701 2115 uenit
730 2049 936 2135 recognitum
963 2050 992 2114 si
1021 2051 1161 2116 Thomas
1189 2051 1230 2116 de
1259 2049 1360 2114 Portu
1388 2058 1488 2135 pater

285 2166 329 2196 ⁸³·
374 2155 533 2220 Johannis
551 2155 592 2220 de
607 2154 708 2218 Portu
727 2153 791 2217 fuit
810 2153 941 2218 saisitus
958 2153 994 2217 in
1012 2154 1173 2219 dominico
1194 2177 1252 2219 suo
1274 2162 1313 2218 ut
1334 2153 1376 2218 de
1389 2153 1488 2218 feodo

253 3833 324 3900 327.

252 3937 322 3976 thrax.

374 2267 433 2323 eto
457 2259 498 2323 de
521 2258 613 2323 feodo
634 2257 732 2321 unius
757 2257 871 2321 militis
897 2279 971 2321 cum
998 2259 1138 2343 pertin
1158 2258 1264 2333 Auno,
1285 2257 1338 2322 die
1361 2266 1421 2322 eto
1447 2269 1487 2321 et

374 2363 402 2426 si
431 2371 500 2439 ete,
527 2362 613 2447 quod
643 2359 794 2425 feodum‘
822 2360 864 2424 de
895 2361 995 2424 Portu
1021 2369 1114 2425 tenet
1140 2361 1196 2447 qui
1221 2361 1315 2426 uenit
1337 2370 1372 2426 et
1400 2361 1487 2425 dicit

374 2467 460 2552 quod
489 2490 554 2532 non
582 2467 681 2531 debet
707 2467 749 2530 ad
772 2466 832 2530 hoc
856 2466 955 2530 breue
981 2466 1172 2552 respondere
1196 2466 1274 2553 quia
1298 2489 1364 2530 non
1389 2474 1487 2530 tenet

375 2573 470 2659 plene
485 2573 615 2636 feodum
629 2571 711 2636 illud
726 2570 865 2656 eoquod
879 2571 1059 2635 nonhabet
1081 2570 1329 2635 aduooacionem
1349 2570 1487 2634 ecclesie

332 2731 337 2740 .
375 2674 519 2738 eiusdem
549 2674 627 2738 uille
656 2696 731 2738 cum
756 2673 782 2758 j.
812 2696 915 2737 carue.
945 2681 1030 2737 terre
1061 2681 1095 2737 et
1124 2672 1183 2757 iiij.
1212 2694 1273 2737 aer.
1303 2682 1388 2737 tenc
1417 2695 1486 2758 que

374 2777 539 2864 pertinent
561 2777 604 2842 ad
625 2777 754 2841 feodum
777 2776 868 2854 illud,
890 2785 925 2840 et
944 2785 1092 2862 preterea
1115 2777 1206 2842 Prior
1228 2777 1269 2842 de
1294 2778 1490 2843 Okebumia

374 2889 467 2945 tenet
490 2902 589 2945 unam
615 2901 716 2944 carue
741 2888 825 2943 terre
849 2901 913 2964 que
936 2888 1072 2944 uocatur
1098 2879 1261 2945 Golhord⁸
1283 2890 1319 2944 et
1342 2902 1406 2966 que
1430 2893 1491 2946 est

365 2984 414 3050 'de
430 2984 542 3049 eodem
558 2983 658 3060 feodo,
673 2992 821 3068 preterea
835 2983 916 3048 dicit
931 2983 1017 3070 quod
1031 2985 1119 3048 idem
1134 2984 1157 3049 J
1158 2985 1300 3049 ohannes
1318 2994 1368 3050 est
1383 2987 1493 3052 frater

374 3110 452 3153 suus
466 3088 507 3152 de
522 3109 587 3152 uno
602 3087 779 3172 eodemque
794 3094 887 3171 patre
903 3085 943 3150 de
963 3086 1056 3150 cuius
1076 3094 1180 3150 morte
1199 3087 1321 3172 profert
1340 3086 1489 3165 assisam,

242 3204 245 3210 “
373 3199 408 3255 et
423 3201 571 3278 preterea
584 3190 765 3276 dicitquod
780 3189 1057 3275 habetquendam
1073 3178 1205 3255 lintrem
1228 3191 1489 3276 primogenitum

373 3296 563 3382 Philippum
578 3296 715 3360 nomine.

440 3399 484 3463 Et
508 3397 668 3462 'ihomas‘
690 3397 782 3462 uenit
804 3406 839 3462 et
861 3397 944 3462 hene
966 3397 1131 3483 cognoscit
1157 3397 1242 3483 quod
1265 3397 1379 3462 fratres
1403 3409 1492 3464 sunt

375 3511 409 3567 et
431 3502 473 3567 de
495 3524 561 3566 uno
584 3510 686 3588 patre,
707 3510 741 3565 et
762 3500 834 3566 ideo
857 3501 1095 3566 consideratum
1115 3510 1165 3566 est
1186 3502 1272 3587 quod
1296 3502 1396 3566 assisa
1415 3523 1494 3568 non

374 3607 459 3672 iacet
468 3605 487 3684 ⁷,
502 3615 537 3670 et
553 3606 693 3670 Thomas
708 3605 783 3670 inde
801 3605 870 3670 sine
892 3606 953 3682 die,
968 3614 1003 3670 et
1023 3605 1189 3671 Johannes
1209 3605 1243 3669 in
1264 3605 1496 3674 misericordia

374 3732 431 3796 pro
446 3711 525 3774 falso
539 3710 685 3774 clamore.

437 3813 625 3878 ⁶J0hannes
639 3813 680 3878 de
695 3813 854 3899 Litlebyri
869 3813 954 3899 petit
969 3836 1082 3878 uersus
1098 3812 1269 3877 Isabellum
1284 3811 1326 3876 de
1343 3812 1497 3881 Berners

370 3917 394 4002 j.
417 3916 638 3982 molendinum
664 3925 698 3980 et
721 3916 753 4002 ij.
778 3914 953 4002 mesuagio,
978 3923 1013 3979 et
1036 3937 1136 3979 unam
1160 3914 1278 4000 uirgat.
1303 3923 1338 3978 et
1362 3936 1392 3978 n
1420 3937 1494 3984 aer.

407 4093 416 4126 ¹
435 4093 477 4144 flio
488 4094 519 4142 A.
984 4094 995 4127 ⁸
1012 4095 1084 4144 Corr.
1100 4095 1239 4155 Julianus,
1252 4093 1274 4142 B
1286 4091 1338 4142 and
1350 4092 1371 4141 0
1387 4091 1464 4146 have
1476 4114 1496 4150 α

406 4158 484 4208 ¹For
500 4157 554 4208 this
571 4158 675 4208 tarmB
698 4173 788 4208 mouns
808 4159 901 4209 Coram
954 4159 1095 4208 somewhat
1107 4159 1227 4208 differem
1238 4158 1339 4222 phrase.

374 4223 630 4338 Bestias
645 4223 883 4341 uacua
984 4223 1220 4275 00
1284 4236 1320 4272 0
1337 4223 1425 4274 00
1444 4227 1495 4279 00

406 4324 747 4415 05ίψρὶςΤιῖωηὲιε,’Β,οἶ
984 4325 1207 4416 ⁸13.m.sd;'c.
1220 4368 1255 4402 m.
1269 4355 1308 4403 10.

406 4420 417 4451 ⁶
435 4419 555 4476 Gorrord',
568 4419 598 4480 B,
613 4419 640 4466 C.
