3342 5217
400 401 465 463 440
698 412 834 471 unsrun,
857 411 923 461 un.
947 398 1040 473 1231,
1062 412 1125 461 aa
1150 400 1198 461 15.

466 588 519 653 Ad
539 588 637 652 finem
662 609 739 651 uero
763 584 936 672 respondet
960 586 1048 673 quod
1070 586 1144 651 finis
1168 586 1223 651 ille
1247 587 1278 652 ei
1301 610 1414 652 nocere
1439 610 1510 651 non

401 691 500 755 debet
515 688 592 776 quia
606 690 633 754 si
648 689 721 753 finis
738 690 844 753 lactus
866 688 930 753 fuit
951 688 992 753 de
1014 689 1128 753 eadem
1150 698 1238 754 terra
1257 690 1318 754 hoc
1339 688 1403 753 luit
1423 689 1509 755 dum

402 795 471 880 ipae
491 794 555 859 fuit
572 793 656 859 infra
673 801 796 857 etatem
811 791 896 857 etin
911 792 1058 857 custodia
1071 792 1164 857 Dum
1181 792 1281 879 Regis
1295 800 1330 857 et
1344 792 1379 857 in
1399 801 1510 857 castro

402 898 443 962 dc
463 896 736 983 Wallingel‘ordia,
751 904 785 961 et
800 904 949 981 preterea
961 894 1144 981 dicitquod
1163 895 1337 982 aliquando
1355 896 1389 962 iu
1408 896 1510 982 pleno

402 1000 559 1066 comitatu
571 1008 733 1065 uenerunt
744 998 807 1085 ipsi
818 998 1002 1063 Willelmus
1012 1005 1047 1062 et
1058 998 1194 1064 Mabilia
1203 1008 1239 1064 et
1249 1008 1510 1086 recognoucnmt

404 1115 439 1170 et
458 1113 683 1170 concesserunt
698 1111 801 1167 totam
822 1110 942 1167 terram
961 1102 1052 1167 illam
1071 1124 1140 1167 ease
1163 1104 1215 1169 ius
1234 1104 1336 1190 ipsius
1355 1104 1510 1191 Hugonia

404 1217 439 1275 et
456 1208 546 1273 illam
569 1206 600 1271 ei
624 1205 671 1271 ibi
694 1204 914 1281 reddiderunt,
938 1204 987 1268 ita
1008 1204 1096 1291 quod
1117 1213 1191 1291 post
1212 1206 1449 1270 concessionem
1471 1216 1509 1271 et

403 1310 656 1399 recognicionem
671 1310 760 1376 illam
776 1309 840 1375 fuit
854 1308 941 1374 idem
957 1309 1057 1394 Hugo
1071 1307 1106 1373 in
1125 1308 1244 1373 aeisina
1262 1331 1321 1395 per
1334 1310 1359 1395 j.
1382 1332 1508 1375 annum

404 1416 452 1481 ita
477 1416 565 1501 quod
587 1416 734 1480 homines
757 1414 905 1480 leoffauit
927 1413 967 1478 de
992 1413 1106 1477 eadem
1130 1420 1218 1477 terra
1239 1422 1275 1477 et
1299 1414 1508 1500 postmodum

404 1518 620 1585 misericordia
647 1528 756 1583 motus
784 1517 941 1583 concessit
976 1516 1047 1603 ipae
1082 1517 1235 1603 predictis
1272 1517 1437 1582 Willelmo
1472 1526 1509 1581 et

405 1623 537 1688 Mabilie
567 1622 664 1687 matri
692 1644 749 1687 sue
772 1630 894 1686 terram
918 1620 1010 1685 illam
1035 1643 1093 1707 pro
1118 1621 1289 1686 uoluntate
1317 1644 1377 1685 sua
1405 1621 1508 1687 etad

404 1727 676 1791 sustentacionem
695 1724 839 1810 ipsorum
860 1732 896 1789 et
917 1724 1004 1789 unde
1026 1723 1107 1788 dicit
1128 1724 1215 1810 quod
1236 1745 1300 1789 non
1322 1723 1509 1789 habuerunt

404 1829 555 1895 saisinam
591 1828 734 1914 aliquam
771 1827 833 1893 nisi
870 1827 911 1892 de
935 1827 1058 1913 gracia
1096 1826 1276 1892 secundum
1311 1826 1399 1913 quod
1436 1850 1507 1914 pre·

405 1933 601 1999 dictumest.

471 2037 514 2101 Et
527 2035 711 2100 Willelmus
732 2034 824 2099 uenit
839 2043 873 2100 et
894 2033 976 2100 dicit
997 2035 1083 2121 quod
1104 2034 1251 2121 predicta
1271 2034 1408 2100 hiabilia
1429 2056 1509 2100 uxor

405 2164 465 2206 sua
503 2162 563 2205 nec
598 2140 667 2225 ipse
704 2148 876 2226 postquam
914 2162 986 2204 eam
1022 2138 1232 2226 deapouaauit
1270 2161 1440 2225 nunquam
1474 2162 1507 2203 se

405 2244 598 2309 dimiserunt
626 2266 685 2307 nec
707 2243 840 2308 luerunt
861 2252 955 2308 extra
976 2243 1136 2320 aeiainam,
1157 2252 1193 2307 et
1214 2243 1297 2308 bene
1318 2242 1401 2307 dicit
1422 2241 1507 2329 quod

405 2345 578 2432 aliquando
593 2354 737 2431 tempore
753 2346 854 2433 Regia
868 2346 899 2411 J.
915 2345 1122 2433 inplacitauit
1137 2345 1269 2432 quidam
1289 2345 1455 2411 Roberrus
1468 2345 1507 2410 de

406 2450 617 2516 Chaueumba
638 2450 745 2537 ipsum
767 2458 802 2515 et
823 2450 1003 2536 predictum
1025 2450 1194 2516 hlabiliam
1214 2458 1275 2515 etc
1295 2449 1337 2515 de
1358 2449 1505 2536 predicte

407 2562 500 2631 terra,
515 2553 563 2618 ita
584 2552 670 2639 quod
692 2552 850 2639 placitum
871 2553 955 2619 bene
976 2552 1109 2618 durauit
1131 2575 1189 2639 per
1210 2576 1261 2617 aa
1285 2575 1387 2617 annos
1408 2552 1507 2618 etita

405 2657 491 2743 quod
505 2656 569 2742 ipsi
583 2665 784 2722 uocauerunt
798 2657 841 2723 ad
855 2664 1035 2721 warantum
1056 2657 1238 2743 predictum
1258 2656 1448 2744 Philippum
1467 2657 1505 2722 de

406 2760 497 2825 Bello
526 2760 639 2825 Monte
669 2770 703 2825 et
728 2761 883 2825 remansit
909 2762 1037 2847 loquela
1060 2762 1096 2826 in
1120 2783 1275 2847 suspenso
1296 2784 1356 2847 per
1378 2760 1506 2848 aliquod

406 2872 536 2949 tempus
561 2872 692 2951 propter
715 2873 837 2929 etatem
861 2864 963 2948 ipsius
988 2864 1132 2951 Philippi
1158 2873 1292 2929 etcum
1317 2864 1360 2929 ad
1386 2873 1505 2931 etatem

406 2967 557 3053 prouenit
572 2968 669 3033 finem
683 2968 760 3033 lecit
775 2990 850 3033 cum
868 2968 1013 3055 predicto
1032 2969 1174 3034 Roberto
1189 2991 1247 3055 pro
1261 2992 1333 3033 xxm
1349 2992 1446 3035 maru
1460 2968 1507 3033 ita

406 3071 491 3156 quod
517 3071 604 3137 idem
628 3071 790 3137 Robertua
816 3094 850 3137 se
873 3072 1018 3152 retraxit,
1041 3081 1076 3138 et
1099 3081 1179 3138 tunc
1200 3083 1332 3160 propter
1351 3096 1506 3161 expenms

406 3198 486 3259 quen
501 3174 584 3260 ipse*
598 3174 641 3239 ad
656 3174 716 3239 hoo
730 3174 881 3261 apposuit
895 3175 1001 3240 factus
1015 3175 1080 3240 fuit
1099 3176 1173 3241 finis
1192 3184 1227 3241 et
1240 3177 1410 3242 concordia
1423 3178 1507 3241 inter

406 3277 566 3363 predictos
588 3277 789 3342 Willelmurn
816 3286 851 3342 et
873 3278 1041 3343 Mabiliam
1063 3288 1098 3343 et
1119 3279 1309 3366 Philippum
1331 3279 1505 3347 secundum

406 3380 492 3466 quod
506 3380 688 3466 predictum
703 3389 761 3447 est.

472 3483 516 3547 Et
544 3482 621 3568 quia
649 3482 813 3569 predictus
837 3484 936 3570 Hugo
961 3482 1061 3549 nichil
1085 3484 1229 3549 ostendit
1254 3486 1341 3571 quod
1363 3484 1507 3572 predicta
1617 3523 1618 3546 r

408 3586 542 3651 Mahilia
570 3586 623 3651 uel
650 3586 834 3653 Willelmus
859 3597 968 3653 essent
991 3597 1083 3654 extra
1111 3589 1262 3655 aeiainam
1284 3598 1320 3655 ot
1341 3592 1419 3677 quia
1438 3591 1507 3677 ipsa

287 3712 355 3763 [aa]
408 3691 505 3755 finem
524 3690 529 3779 Ι
549 3694 653 3757 fucere
672 3692 783 3778 potuit
804 3700 839 3757 et
860 3691 937 3758 dare
959 3702 995 3757 et
1015 3692 1157 3758 uendere
1178 3692 1395 3759 hereditatem
1415 3715 1506 3758 suam
1616 3769 1617 3774 ἵ

245 3777 443 3911 ΞΞΞὲἒιῖθὺ
457 3796 535 3883 quia
549 3806 745 3884 cognoscunt
767 3796 854 3883 quod
875 3806 988 3862 contra
1008 3798 1109 3863 finem
1130 3798 1224 3863 illum
1245 3820 1280 3863 ae
1297 3798 1506 3873 intruserunt,

246 3918 377 4004 ffieupm
408 3901 654 3967 Consideratum
670 3903 820 3989 estquod
835 3903 1019 3969 Willelmus
1033 3903 1238 3989 recuperauit
1250 3903 1401 3969 seiainam
1414 3924 1505 3969 suam

245 4068 284 4143 ario
293 4103 384 4143 exeunti·

246 4152 292 4196 hut,
300 4150 352 4189 hene
360 4161 396 4199 po·

246 4197 396 4284 iinmlliihthh
439 4240 448 4271 ¹
466 4238 553 4302 Philip
563 4240 716 4289 Beanmont.
984 4242 1029 4293 the
1045 4242 1168 4303 donicion,
1184 4244 1269 4294 which
1285 4244 1370 4297 leave·
1385 4260 1449 4309 open
1461 4245 1506 4295 the

245 4010 304 4096 Ἥ,
343 4068 365 4096 η
408 4012 443 4069 et
456 4004 542 4090 quod
557 4005 630 4070 finis
645 3999 797 4071 teneatur
811 4007 913 4072 donee
932 4007 1110 4073 secundum
1130 4007 1236 4094 legem
1256 4015 1342 4073 terre
1363 4006 1506 4073 adnichi.
1615 4005 1616 4034 i

245 4290 375 4375 iffi&
440 4304 531 4354 ’Thia
549 4308 618 4363 note.
641 4304 724 4355 which
747 4311 868 4383 supporta
889 4306 934 4357 the
983 4308 1103 4370 question
1115 4308 1229 4360 whether
1240 4308 1351 4361 thelina
1364 4310 1446 4374 might
1458 4316 1506 4361 not
1614 4299 1615 4312 ¹

246 4383 376 4431 murinarum
408 4368 934 4435 rcceiveddoatrineartothealrauability
984 4372 1391 4442 beannulledhylegnlprooeaa.

246 4430 338 4517 mg?
409 4436 437 4485 ol
457 4434 501 4485 the
518 4435 557 4485 lec
573 4434 740 4495 conditional,
757 4452 816 4499 goes
833 4436 933 4522 beyond
