3342 5217
524 316 662 378 morra,
684 315 749 365 nn.
775 303 869 378 1231,
891 317 954 366 aa
980 305 1028 366 15.
1261 311 1326 373 413

98 491 170 558 527.
284 491 424 556 Thomas
439 489 525 556 filius
536 489 693 556 Willelmi
708 491 830 577 optulit
845 514 879 556 sc
894 490 974 577 iiije.
989 491 1043 558 die
1061 515 1172 559 uersus
1186 495 1326 562 Aliciam

218 593 260 660 de
276 594 442 660 Pakeham
456 593 497 659 de
512 594 632 681 placito
648 617 745 682 quare
767 595 844 660 lecit
865 604 996 662 uastum
1016 606 1052 662 et
1072 597 1327 666 destruccionem

219 707 254 764 ct
269 698 403 764 exilium
418 698 459 763 de
474 698 569 764 terris
584 720 664 785 quas
680 707 772 764 tenet
787 699 821 763 in
837 699 947 766 dotem
968 699 1009 765 de
1028 701 1211 768 hereditate
1225 702 1327 790 ipsius

219 801 342 866 Thome
358 801 393 866 in
413 801 578 866 Pakeham
598 801 641 866 od
662 801 976 867 exhereditacionem
998 802 1100 888 ipsius
1122 804 1245 870 Thome
1267 814 1327 872 etc.

218 905 265 970 Et
279 905 386 970 Alicia
404 927 470 969 non
491 905 583 970 uenit
603 913 662 970 etc.
684 913 719 970 et
740 905 850 991 plures
872 904 950 970 fecit
971 905 1109 972 defaltas
1131 917 1166 972 et
1187 918 1329 975 testatur

219 1009 306 1096 quod
320 1009 476 1097 languida
490 1017 540 1074 est
555 1031 614 1074 uec
629 1017 737 1096 potest
757 1009 918 1075 itinerare.
963 1011 1157 1097 Preceptum
1172 1020 1222 1078 est
1240 1013 1328 1079 uice-

219 1112 330 1178 comiti
345 1111 431 1198 quod
443 1111 563 1176 habeat
578 1133 693 1197 corpus
708 1110 778 1176 eius
789 1120 849 1177 etc

161 1262 169 1277 .
284 1215 469 1280 Willelmus
494 1213 534 1278 de
558 1213 793 1300 Wyredebyria
818 1221 853 1278 et
877 1214 985 1280 Alicia
1009 1239 1090 1280 uxor
1114 1217 1185 1282 eius
1207 1226 1326 1304 petunt
1383 1227 1449 1270 ΗΜ

219 1339 333 1384 uersus
359 1317 561 1382 Willelmnm
592 1317 633 1381 de
658 1316 874 1404 Wyndesorcs
899 1341 997 1405 quem
1022 1320 1207 1386 Willclmus
1231 1322 1271 1387 dc
1295 1322 1328 1387 la

220 1424 328 1489 Graue
350 1430 446 1486 uocat
468 1420 511 1485 ed
530 1430 711 1486 warantum
734 1429 768 1486 et
790 1421 848 1508 qui
869 1423 901 1488 ei
915 1424 1103 1489 warentizat
1119 1424 1144 1511 j.
1164 1449 1225 1491 acr.
1241 1434 1327 1490 terre

218 1548 293 1591 cum
308 1532 389 1612 pert.
405 1524 440 1588 in
456 1523 632 1589 Stanwella
647 1533 686 1588 ut
705 1522 757 1589 ius
776 1523 879 1611 ipsius
901 1526 1006 1593 Alicie
1028 1527 1119 1592 etin
1142 1551 1240 1615 quarn
1262 1551 1327 1593 non
1412 1577 1420 1594 .

218 1627 319 1694 habet
340 1627 521 1714 ingressum
543 1625 606 1690 nisi
627 1647 685 1712 per
702 1625 878 1692 Ricardum
893 1627 934 1693 de
948 1629 1048 1695 Wara
1061 1630 1202 1716 primum
1217 1631 1325 1696 uirum

217 1733 320 1819 ipsius
333 1731 439 1796 Alicie
454 1729 508 1796 cui
522 1730 593 1816 ipsa
607 1729 641 1793 in
656 1731 728 1795 uita
743 1753 802 1796 sua
816 1731 1033 1799 contradicere
1048 1757 1113 1799 non
1127 1735 1236 1821 potuit
1251 1743 1311 1800 etc
1402 1737 1405 1744 ’

282 1837 328 1901 Et
344 1835 548 1901 Willelmus¹
569 1835 662 1900 uenit
682 1843 717 1900 et
736 1835 884 1902 defendit
906 1837 957 1902 ius
979 1861 1075 1903 suum
1097 1847 1132 1904 et
1154 1840 1254 1906 talem
1275 1839 1326 1905 in-

215 1963 371 2029 gressum,
387 1948 421 2004 et
437 1938 517 2004 dicit
532 1937 619 2025 quod
633 1961 747 2003 reuera
765 1947 860 2025 pater
882 1964 960 2006 suus
981 1941 1072 2007 dedit
1094 1950 1213 2008 terram
1235 1944 1325 2009 illam

216 2043 338 2108 Aluine
367 2041 465 2106 matri
494 2041 631 2127 predicti
659 2041 817 2106 Willelmi
848 2043 888 2107 de
914 2043 1024 2109 Graue
1048 2052 1083 2109 et
1108 2045 1180 2132 ipso
1203 2047 1327 2113 Aluina

216 2145 309 2212 dedit
334 2153 454 2209 terram
483 2143 573 2207 illam
603 2143 732 2208 cuidam
759 2144 894 2231 Hugoni
919 2146 1007 2231 patri
1032 2146 1135 2233 ipsius
1160 2147 1264 2215 Alicie
1290 2149 1325 2214 in

216 2247 415 2315 escambium
430 2246 597 2312 cuiusdam
612 2246 747 2312 alterius
762 2255 857 2325 terre,
871 2247 935 2313 scil
947 2248 971 2333 j.
987 2271 1049 2314 acr.
1065 2258 1150 2316 terre
1164 2259 1199 2316 et
1213 2252 1324 2319 dimid

215 2364 286 2420 tam
301 2362 386 2419 terre
407 2374 505 2438 quam
527 2352 613 2438 prati
636 2351 722 2418 unde
745 2352 807 2438 ipsi
829 2352 1014 2436 Willclmus
1035 2364 1071 2420 et
1092 2355 1199 2422 Alicia
1218 2359 1325 2424 adhuc

217 2467 295 2524 sunt
311 2459 345 2523 in
359 2457 485 2523 saisina.
1317 2455 1324 2470 '

282 2562 327 2625 Et
340 2561 523 2626 Willclmus
538 2566 573 2624 et
587 2558 693 2624 Alicia
708 2559 800 2624 uenit
815 2567 850 2625 et
865 2559 1031 2625 defendit¹
1052 2562 1139 2648 quod
1156 2586 1323 2650 nunquam

215 2663 414 2730 escambium
433 2661 509 2725 inde
525 2660 648 2724 factum
663 2660 726 2726 fuit
742 2668 792 2726 set
807 2660 888 2726 dic’⁸
902 2663 989 2748 quod
1004 2664 1104 2751 Hugo
1118 2673 1212 2750 pater
1226 2666 1325 2731 suus⁴

215 2767 298 2833 obiit
320 2767 395 2832 inde
417 2765 548 2832 oeisitus
570 2772 604 2831 et
626 2765 713 2851 quod
734 2765 806 2851 ipsa
825 2775 900 2852 post
919 2775 1058 2832 mortem
1078 2769 1180 2855 patris
1194 2770 1246 2834 sui
1260 2771 1324 2836 fuit

214 2870 291 2936 inde
321 2870 356 2934 in
385 2869 503 2934 seisina
532 2890 590 2954 per
619 2866 685 2953 viij
714 2890 815 2933 annos
845 2869 946 2934 donec
974 2870 1139 2956 predictus
1167 2871 1324 2939 Ricardus

214 2975 339 3061 primus
354 2972 407 3037 uir
420 2993 498 3036 suns
512 2971 602 3035 illam
618 2969 724 3034 eidem
739 2971 904 3036 Willelmo
926 2972 1076 3038 uendidit
1097 2973 1151 3039 cui
1172 2974 1243 3061 ipsa
1262 2985 1322 3042 etc.

215 3081 260 3145 Et
275 3079 354 3166 quia
367 3077 532 3164 predictus
546 3075 731 3140 Willelmus
746 3075 786 3140 de
802 3075 1007 3142 Windesores
1026 3100 1092 3142 non
1111 3086 1220 3164 potest
1234 3079 1323 3145 dedi-

214 3207 287 3251 cere
307 3206 367 3248 nec
388 3180 510 3248 dedicit
533 3181 612 3268 quin
634 3180 705 3268 ipsa
725 3179 833 3244 Alicio
856 3188 941 3245 esset
962 3180 1039 3246 inde
1063 3181 1099 3245 in
1122 3182 1240 3248 seisina
1264 3207 1323 3250 nec

213 3287 339 3375 aliquid
353 3287 447 3352 docet
462 3285 549 3372 quod
565 3283 763 3361 escambium
779 3284 856 3350 inde
871 3286 993 3350 factum
1009 3295 1094 3352 esset
1108 3288 1172 3352 nisi
1186 3286 1322 3375 simplex

213 3394 339 3460 dictum
365 3415 470 3469 suum,
493 3389 740 3456 Consideratnm
767 3396 817 3454 cst
841 3388 928 3476 quod
950 3389 1134 3455 Willelmus
1160 3401 1195 3458 et
1217 3393 1324 3458 Alicio

213 3502 407 3582 recuperant
428 3493 579 3559 seisinam
606 3513 698 3557 suam
726 3499 761 3557 et
783 3491 968 3556 Willelmus
993 3492 1034 3558 de
1057 3493 1263 3561 Windesores
1288 3497 1323 3561 in

212 3599 432 3666 misericordia
453 3606 488 3663 et
510 3595 609 3662 saciat
632 3595 796 3661 Willelmo
818 3596 858 3661 de
881 3596 913 3661 la
934 3597 1042 3662 Graue
1062 3597 1260 3663 escambium
1281 3600 1324 3665 ad

213 3702 403 3769 ualenciam.

78 3829 162 3892 529·
279 3805 359 3871 Dies
374 3805 471 3869 datus
485 3811 536 3868 est
551 3803 709 3889 Episcopo
725 3801 942 3869 Linoolnieusi
957 3805 1108 3890 querenti
1118 3815 1153 3871 et
1162 3807 1322 3894 Margcrie
1381 3830 1442 3881 toa

214 3909 388 3978 Comitisse
405 3908 572 3973 Wintonie
592 3931 649 3994 per
664 3916 845 3972 attornatos
858 3930 932 3972 suos
947 3908 1137 3974 deforcianti
1152 3909 1193 3975 de
1209 3911 1321 3977 seruic'

213 4022 248 4079 et
263 4011 363 4078 cons'⁶
378 4033 398 4076 a
412 4010 465 4076 die
480 4020 539 4076 etc.
560 4010 565 4094 Ι
585 4011 613 4075 si
628 4009 797 4076 iusticiarii
811 4010 879 4074 sint
893 4009 982 4096 apud
996 4010 1322 4078 westmonasterium
1377 4027 1444 4078 [uh]

245 4145 567 4197 ¹wiuiam0rwinds0r.
826 4144 1322 4209 'Probablydereraicir'sctcomuctu-

244 4212 325 4264 ’Sia
391 4234 396 4243 ·
794 4211 906 4260 diruitur.
939 4211 965 4261 It
980 4210 1323 4263 isanoctiontoroustoms

245 4277 256 4311 ²
272 4279 338 4328 dicit
350 4291 380 4326 or
390 4277 488 4326 dicum.
795 4275 849 4326 and
865 4275 974 4325 services
992 4275 1026 4338 by
1045 4276 1088 4327 the
1106 4276 1198 4341 bichop
1217 4278 1323 4340 against

244 4343 255 4376 ⁴
272 4341 370 4392 Father
381 4341 409 4390 ol
419 4341 497 4392 Alica.
796 4341 841 4389 the
852 4347 981 4390 countess.
