3342 5217
352 381 416 442 222
527 377 666 460 [Hilary
687 374 754 438 uad
777 375 902 450 noster,
924 390 988 437 Δ».
1013 377 1106 450 1228,
1128 391 1191 439 An.
1217 373 1281 457 12]

350 581 410 634 etc
432 569 677 634 disseisiuerunt
696 566 917 654 Regiualdum
939 566 1105 631 Blundum
1126 567 1168 632 de
1190 574 1376 632 tenemento
1395 587 1453 631 suo

350 674 391 772 de
407 675 512 739 Panna
527 672 685 738 Burstede
700 681 775 758 post
790 669 849 736 nlt'
864 669 941 736 ete.¹

417 779 461 842 Et
484 778 664 863 Episcopus
686 785 817 840 tentum
839 775 935 839 uenit
957 775 1013 861 qui
1035 783 1139 840 tot-am
1161 785 1278 841 terram
1302 783 1394 840 tenet
1419 780 1453 838 et

350 880 431 945 dicit
459 881 546 966 qnod
574 881 674 945 assisa
702 901 767 944 non
796 879 896 943 debet
924 878 1001 943 inde
1029 879 1109 956 fieri,
1138 879 1216 966 quia
1243 879 1285 943 de
1313 866 1451 964 quadam

351 994 443 1071 parte
463 985 552 1049 illius
572 981 754 1048 tenementi
773 1005 832 1068 per
853 981 1011 1047 iudicium
1033 983 1121 1048 curie
1142 1006 1200 1048 sue
1221 983 1309 1069 cepit
1330 981 1398 1068 ipse
1419 981 1454 1044 in

350 1108 484 1151 manum
507 1109 598 1152 suam
621 1087 656 1150 in
679 1086 816 1172 simplex
839 1086 987 1150 namium
1008 1109 1067 1172 pro
1089 1087 1217 1151 defectu
1243 1083 1371 1151 semicii
1396 1084 1454 1159 sui,

350 1190 472 1254 scilicet
494 1213 566 1254 xxx.
583 1213 672 1254 aeras
695 1198 779 1253 terre
802 1197 838 1253 et
859 1212 987 1275 semper
1001 1190 1122 1276 optulit
1142 1190 1173 1254 ei
1192 1190 1265 1254 illas
1279 1213 1352 1253 xxx.
1366 1209 1455 1252 aeras

351 1293 400 1356 ita
414 1292 500 1377 quod
514 1291 583 1377 ipse
598 1291 798 1356 satisfaceret
813 1291 844 1356 ei
860 1292 900 1356 de
915 1292 1052 1356 semicio
1065 1316 1124 1357 suo
1138 1301 1173 1357 et
1186 1292 1293 1357 adhue
1307 1291 1337 1356 ei
1352 1292 1454 1356 offert.

417 1398 461 1461 Et
483 1396 684 1482 Reginaldus
706 1395 786 1460 dicit
808 1394 896 1481 quod
914 1397 1088 1482 aliquando
1102 1405 1180 1461 ante
1194 1396 1374 1460 aduentum
1389 1395 1453 1458 ius·

351 1498 549 1563 ticiariorum
569 1499 691 1584 optulit
711 1499 743 1563 ei
763 1507 988 1563 tenementum
1005 1522 1101 1564 suum
1121 1499 1206 1585 quod
1221 1498 1344 1563 clarum
1364 1497 1452 1575 fuit',

351 1611 402 1666 set
416 1623 481 1666 non
496 1602 560 1666 fuit
574 1625 672 1666 ausus
686 1602 767 1666 illud
783 1602 925 1687 recipere
939 1611 1072 1687 propter
1090 1603 1190 1666 breue
1211 1601 1295 1687 quod
1316 1602 1394 1666 tulit
1413 1601 1454 1664 de

351 1725 438 1768 noua
463 1703 653 1780 disseisina',
678 1712 714 1768 et
737 1704 818 1768 dicit
844 1704 931 1790 quod
956 1705 1042 1769 idem
1069 1705 1246 1791 Episcopus
1270 1705 1357 1790 cepit
1382 1704 1454 1769 red-

351 1805 459 1870 ditum
473 1828 569 1870 suum
584 1806 625 1870 de
640 1807 755 1871 eodem
770 1815 959 1871 tenemento
973 1815 1008 1871 et
1022 1807 1120 1872 blada
1133 1830 1193 1872 sua
1206 1807 1394 1893 asportauit.

415 1908 467 1972 De
497 1908 625 1974 residuo
654 1911 835 1975 tenementi
857 1910 938 1975 dicit
960 1910 1137 1996 Episcopus
1162 1912 1246 1997 quod
1268 1911 1369 1976 assisa
1390 1934 1454 1975 non

351 2012 450 2077 debet
478 2012 555 2077 inde
585 2013 655 2077 fieri
692 2014 770 2099 quia
806 2023 1033 2080 tenementum
1069 2014 1151 2079 illud
1187 2015 1251 2079 fuit
1287 2015 1455 2079 cuiusdam

350 2117 496 2181 mulieris
517 2117 631 2182 Emme
652 2119 782 2184 nomine
803 2127 843 2183 ut
864 2119 948 2183 illud
968 2119 1056 2205 quod
1077 2119 1109 2184 ei
1130 2119 1297 2184 descendit
1317 2119 1358 2184 de
1373 2119 1455 2183 Wil-

351 2221 448 2285 lelmo
462 2221 600 2286 Talabat
614 2233 706 2309 patre
722 2247 788 2301 suo,
804 2231 839 2288 et
857 2223 1035 2308 Episcopus
1050 2220 1234 2288 Willelmus
1253 2223 1456 2309 predecessor

352 2322 446 2387 suus⁴
470 2325 607 2389 eandem
631 2334 752 2389 terram
775 2348 849 2390 cum
872 2325 943 2410 ipsa
965 2326 1082 2388 Emma
1103 2324 1210 2389 dedit⁸
1232 2324 1360 2390 cuidam
1381 2324 1455 2388 Ade

353 2426 436 2491 Cato
459 2427 520 2490 tali
544 2427 638 2492 modo
660 2427 747 2513 quod
772 2429 800 2492 si
826 2451 899 2492 eam
924 2427 1146 2512 desponsasset
1176 2427 1311 2492 haberet
1335 2435 1456 2491 ternam

353 2553 427 2594 cum
464 2553 511 2608 ea,
546 2531 596 2594 sin
633 2539 745 2596 autem
782 2531 883 2596 nichil
919 2531 996 2596 inde
1032 2531 1169 2596 haberet
1205 2540 1240 2596 et
1275 2531 1344 2616 ipse
1380 2531 1455 2594 Ada

353 2655 416 2698 non
444 2632 653 2719 desponsauit
683 2657 764 2712 eam,
788 2642 839 2698 set
862 2634 966 2720 ipsam
991 2633 1089 2698 simul
1112 2656 1187 2698 cum
1211 2642 1297 2698 terra
1320 2633 1457 2698 tradidit

352 2739 416 2825 ipsi
430 2739 619 2825 Reginaldo‚
634 2740 720 2805 unde
736 2740 869 2804 uidetur
883 2739 915 2803 ei
935 2739 1020 2824 quod
1042 2761 1082 2803 ex
1103 2761 1167 2824 quo
1189 2738 1275 2804 idem
1297 2738 1371 2803 Ada
1392 2761 1457 2803 non

353 2843 561 2926 desponsauit
585 2865 657 2908 eam
686 2843 773 2929 quod
801 2843 930 2907 nullum
960 2842 1098 2906 liberum
1127 2850 1351 2907 tenementum
1381 2842 1457 2908 inde

353 2946 471 3010 habere
500 2946 608 3031 possit
655 2947 772 3012 Postea
800 2946 879 3033 quia
906 2969 971 3011 non
1001 2946 1124 3032 placuit
1147 2946 1254 3011 eidem
1277 2943 1457 3032 Reginaldo

352 3051 544 3136 desponsare
574 3049 677 3134 ipsam
702 3049 852 3112 Emmam
881 3047 1023 3112 reddidit
1047 3069 1119 3112 eam
1148 3049 1245 3112 simul
1271 3071 1346 3112 cum
1370 3056 1458 3113 terna

353 3154 499 3240 predicto
514 3153 695 3239 Episcopo⁶.

419 3257 463 3321 Et
491 3255 692 3342 Reginaldus
714 3255 808 3320 uenit
837 3263 872 3320 et
901 3255 1048 3320 defendit
1076 3256 1256 3343 ingressum
1286 3257 1394 3333 talem,
1424 3265 1458 3321 et

353 3359 433 3424 dicit
459 3358 545 3444 quod
566 3381 681 3422 reuera
701 3358 860 3443 placitum
882 3359 947 3423 fuit
968 3359 1003 3422 in
1024 3359 1115 3424 curia
1135 3360 1228 3425 Dona
1252 3360 1351 3446 Regis
1372 3360 1460 3426 inter

353 3462 461 3548 ipsum
483 3471 518 3526 et
540 3463 735 3548 Episcopum
758 3462 960 3527 Willelmum
982 3463 1024 3528 de
1049 3465 1163 3529 eodem
1189 3473 1385 3542 tenemento,
1410 3465 1459 3529 ita

354 3565 441 3650 quod
469 3564 658 3630 anamiauit
680 3564 843 3650 quandam
872 3565 1005 3630 assisam
1035 3590 1120 3632 noue
1149 3568 1315 3633 disseisine
1345 3591 1458 3632 uersus

354 3669 495 3734 eundem
518 3669 713 3755 Episcopum
735 3677 770 3733 et
790 3667 824 3733 in
845 3670 935 3734 curia
955 3671 1048 3737 Dom.
1065 3672 1173 3758 Regis,
1188 3674 1339 3758 potencia
1357 3673 1458 3759 ipsius

356 3771 505 3858 Episcopi
520 3793 696 3857 oppressus,
712 3773 805 3837 uenit
827 3781 862 3838 et
880 3775 1016 3838 retraxit
1036 3797 1071 3839 se
1091 3775 1132 3840 de
1152 3777 1266 3840 eadem
1286 3776 1393 3854 assisa,
1407 3787 1458 3841 set

354 3883 467 3961 postea
495 3874 582 3940 idem
612 3875 791 3962 Episcopus
816 3877 1001 3963 penitentia
1029 3879 1147 3943 ductus
1170 3880 1264 3944 uenit
1287 3889 1458 3966 postquam

386 4079 491 4130 ¹Sincs
512 4079 557 4129 the
577 4079 628 4130 last
649 4083 739 4130 return
762 4081 789 4130 01
811 4081 882 4145 King
963 4082 1108 4133 ⁴'William
1129 4083 1158 4133 ol
1179 4083 1210 4135 st
1226 4083 1302 4147 Mary
1302 4083 1324 4132 ’a
1345 4081 1459 4141 charoli,

354 4144 425 4194 John
437 4145 503 4193 lrom
515 4145 627 4194 Ireland.
934 4149 1106 4198 llas-1221.

387 4209 470 4258 ’The
485 4213 617 4260 tenemsnt
633 4209 685 4260 had
701 4210 764 4260 been
781 4211 882 4261 cleared
963 4213 1069 4271 ”dedit
1082 4228 1131 4275 sup
1131 4211 1245 4276 plledby
1255 4215 1403 4262 annotator

357 4273 510 4336 clitscrop.
965 4276 1103 4327 ‘Probabl
1102 4228 1462 4354 ypEmmawasthabishop's

388 4337 540 4399 ²Reginulcl
565 4337 617 4389 had
644 4339 748 4402 already
769 4339 881 4402 brought
932 4341 1010 4400 ward,
1024 4341 1077 4391 and
1089 4342 1460 4404 heasguardianinchiralry

355 4403 397 4452 his
409 4403 562 4452 wrrtbelore
575 4403 618 4454 the
630 4405 757 4455 charnas
769 4405 853 4455 mode
931 4407 1126 4456 couldsellher
1139 4407 1272 4469 marriage.
