3342 5217
420 445 551 497 611661
574 443 647 493 sss
670 441 806 504 cieras,
828 441 892 491 66.
918 428 1096 506 166616
1120 431 1148 493 1.
1294 430 1336 493 91

298 616 342 683 Et
367 616 458 683 Prior
480 614 563 681 bene
587 614 740 702 cognouit
763 613 850 700 quod
872 613 1056 679 Wilislmus
1081 612 1245 699 predictus
1266 634 1337 700 pre·

232 720 376 787 aentauit
401 740 569 807 personam
594 720 679 785 sicut
702 718 885 804 predictum
910 726 961 783 661
984 727 1019 785 61
1042 719 1129 805 quod
1157 718 1209 785 ius
1238 718 1337 785 aduo-

231 824 369 891 cacionis
391 824 479 889 illius
502 823 669 890 descendit
693 822 829 909 Hugoni
852 822 945 887 fratri
968 844 1027 887 suo
1049 831 1101 889 set
1123 822 1212 889 idem
1237 823 1338 910 Hugo

231 926 323 993 dedit
346 928 378 995 ci
400 927 648 995 aduocaeionem
670 927 762 993 illam
781 948 841 1012 per
859 934 982 991 cartam
1001 948 1095 992 66616
1113 926 1198 992 sicut
1214 926 1338 1012 predic-

232 1038 304 1095 tum
319 1029 391 1096 est¹.

298 1135 342 1201 Et
363 1135 426 1221 ipsi
446 1134 561 1201 dicunt
581 1133 668 1221 quod
686 1142 778 1201 carta
798 1133 856 1199 illa
872 1155 937 1201 non
951 1133 1050 1199 debet
1064 1133 1111 1199 eis
1125 1156 1247 1211 nocere,
1262 1133 1340 1219 quia

231 1238 301 1324 ipse
325 1240 425 1327 Hugo
447 1238 525 1305 fecit
545 1238 577 1305 ei
595 1246 719 1304 cartam
738 1238 828 1303 illam
848 1238 883 1303 in
902 1237 1087 1325 egritudine
1107 1237 1194 1304 unde
1208 1238 1290 1303 obiit
1304 1246 1339 1301 et

231 1338 267 1403 iu
289 1339 372 1405 16616
394 1338 534 1417 mortali,
553 1346 588 1405 61
610 1339 670 1404 tadi
692 1347 838 1425 temporo
860 1360 925 1425 quo
945 1362 1011 1403 non
1031 1338 1141 1425 potuit
1162 1338 1284 1415 uidere,
1304 1346 1340 1405 et

230 1440 303 1507 ideo
318 1441 450 1507 uidetur
464 1441 495 1507 ei
509 1440 596 1527 quod
611 1440 732 1507 donum
746 1441 829 1507 illud
843 1463 909 1507 non
923 1440 1022 1506 debet
1036 1442 1083 1507 eis
1098 1463 1221 1507 nocere.

297 1546 341 1611 Et
370 1546 461 1611 Prior
489 1544 570 1611 dicit
600 1544 686 1631 quod
711 1544 746 1608 in
775 1543 855 1631 ligia
882 1552 1045 1629 potestate
1071 1566 1131 1609 sua
1150 1544 1339 1630 priusquam

232 1646 424 1713 reddidisset
452 1670 487 1713 se
512 1647 624 1712 domui
653 1669 711 1713 sue
740 1646 777 1711 in
797 1645 986 1731 religionem
1008 1645 1100 1711 dedit
1120 1646 1152 1711 ei
1172 1646 1339 1711 ecclesiam

232 1749 322 1815 iilum
337 1758 372 1815 et
387 1750 445 1816 diu
460 1758 573 1836 postea
587 1749 673 1815 uixit
693 1756 727 1814 et
747 1749 868 1815 donum
888 1748 970 1813 illud
990 1756 1027 1813 61
1045 1756 1167 1813 cartam
1186 1749 1234 1813 eis
1253 1749 1339 1825 fecit,
1351 1761 1492 1806 61111616

232 1853 268 1918 in
282 1853 362 1917 61116
375 1852 416 1917 de
431 1852 643 1939 Cantebrigia
656 1872 763 1917 coram
779 1851 892 1915 multis
906 1849 1092 1915 hominibus
1105 1850 1184 1914 uille
1198 1850 1307 1915 illins¹.

156 1958 183 2021 '.
298 1954 481 2021 ⁸Henricua
502 1954 544 2021 de
565 1953 662 2040 Oylly
676 1953 762 2039 petit
782 1974 895 2017 uersus
914 1952 1108 2017 Mauricium
1128 1952 1168 2017 de
1184 1953 1296 2017 Gaunt
1310 1975 1338 2020 v.
1393 1966 1461 2009 ⁰1⁰2

232 2066 398 2123 derudatas
414 2064 499 2121 16116
513 2078 589 2121 cum
601 2054 812 2142 pertinenciis
826 2055 862 2119 iu
876 2055 1033 2121 Westona
1046 2064 1085 2120 ut
1099 2055 1151 2120 ius
1166 2077 1263 2120 auum
1279 2063 1339 2121 etc.

233 2170 268 2227 et
297 2161 384 2227 unda
414 2160 501 2227 idem
531 2160 708 2226 Mauricius
737 2181 802 2224 non
831 2160 932 2225 habet
964 2159 1154 2246 ingressum,
1182 2160 1247 2225 nisi
1281 2182 1340 2247 per

232 2266 427 2331 Matillidem
451 2287 584 2330 uxorem
608 2266 678 2331 eius
702 2286 765 2351 qus
789 2264 854 2330 fuit
877 2264 946 2329 filia
973 2263 1076 2349 ipsius
1103 2263 1239 2330 Henrici
1263 2287 1338 2329 cum

177 2378 185 2389 '
232 2391 299 2454 qua
320 2368 412 2435 dedit
434 2378 554 2435 terram
574 2368 664 2433 illam
685 2368 721 2433 in
739 2368 948 2454 maritagium
962 2376 997 2433 et
1012 2368 1089 2454 quia
1102 2369 1174 2454 ipsa
1186 2368 1341 2433 defuncta

233 2480 286 2537 est
316 2473 385 2537 sine
415 2472 533 2537 herede
563 2472 604 2537 de
630 2494 665 2537 se
687 2472 773 2558 petit
795 2472 1028 2539 terramillam
1050 2481 1089 2538 ut
1110 2473 1201 2538 illam
1224 2495 1288 2559 que
1309 2474 1341 2541 ei

233 2575 356 2640 reuerti
371 2575 470 2641 debet
484 2584 523 2639 61
536 2574 693 2640 donatori

297 2674 345 2743 Et
366 2676 543 2743 Mauricius
565 2677 658 2743 uenit
681 2684 715 2743 et
736 2676 884 2743 defendit
909 2677 961 2743 ius
985 2700 1092 2756 suum,
1113 2701 1199 2743 nunc
1222 2686 1282 2743 etc
1305 2687 1341 2745 et

232 2780 322 2859 dicit,
345 2782 432 2867 quod
454 2802 520 2846 non
543 2781 642 2847 debet
664 2781 707 2847 sd
728 2782 789 2847 hoc
808 2782 908 2847 breue
929 2782 1121 2868 respondere
1142 2782 1220 2867 quia
1240 2783 1339 2852 breue

233 2885 377 2971 loquitur
402 2885 443 2951 de
466 2885 610 2951 manerio
633 2885 674 2950 de
698 2885 855 2951 Westona
881 2910 957 2952 cum
985 2887 1193 2973 pertinenciis
1214 2895 1249 2952 et
1270 2886 1339 2972 ipse

232 2986 318 3073 petit
336 3010 365 3052 v.
381 2996 548 3053 carucatas
567 2996 652 3053 terre
671 2988 707 3053 in
727 2989 912 3055 narracione
927 3010 994 3067 sua,
1008 2998 1043 3055 et
1064 2989 1190 3055 desicut
1211 2998 1341 3075 separat

232 3089 274 3155 de
298 3090 391 3155 breui
411 3111 478 3167 suo,
498 3112 564 3155 non
588 3090 661 3157 6611
683 3091 875 3177 respondere
893 3092 937 3157 ad
961 3092 1021 3157 1166
1043 3092 1143 3157 breue
1165 3092 1230 3157 nisi
1250 3093 1341 3158 curia
1352 3116 1472 3165 soi-quos

233 3193 493 3261 mnsiderauerit
711 3214 720 3229 ·
1351 3167 1499 3259 ttti‘ffiii

1399 3257 1483 3305 ΛΡΜ

300 3296 343 3359 Ε1
369 3294 532 3361 Hemicus
552 3296 717 3383 cognoscit
739 3297 825 3383 qnod
846 3298 933 3383 petit
954 3321 981 3364 v.
1004 3307 1169 3364 carucatas
1190 3307 1283 3375 terre,
1305 3268 1492 3391 etffifgffl·„

233 3398 598 3467 111666616661616116
618 3410 696 3469 sunt
718 3409 789 3467 1616
809 3402 898 3469 uilla
942 3403 987 3468 Et
1007 3403 1082 3469 ideo
1103 3397 1503 3490 considemurmffifflm

234 3502 385 3587 estquod
400 3504 593 3590 respondeat
607 3505 685 3590 quia
698 3526 763 3569 non
777 3513 907 3591 separat
921 3504 961 3570 de
976 3505 1076 3573 breui
1351 3491 1505 3577 Mittite

299 3606 344 3672 Et
359 3607 535 3673 Mauricius
550 3608 643 3673 uenit
657 3617 693 3673 et
706 3609 792 3695 petit
808 3609 926 3686 uisum,
940 3609 1070 3675 habeat.
1378 3596 1398 3623 ¹¹²
1407 3585 1470 3625 ‘'i“

171 3773 182 3790 ,
299 3710 527 3777 ‘Rosamunda
556 3735 619 3798 que
645 3712 709 3777 fuit
733 3736 814 3781 uxor
837 3713 982 3801 Philippi
1009 3714 1052 3779 de
1081 3714 1227 3780 Girunde
1255 3716 1341 3801 petit

234 3833 349 3877 uersus
378 3812 558 3878 Robertum
588 3814 764 3881 Paaselewe
794 3817 976 3882 manerium
1000 3816 1042 3883 de
1065 3817 1275 3905 Dodingtona
1303 3828 1342 3885 ut

235 3915 344 3981 dotem
364 3940 465 3996 66616,
485 3919 571 3984 unde
590 3920 755 4005 predictus
775 3920 948 4008 Philippus
968 3922 1021 3987 uir
1041 3944 1119 3987 suus
1140 3944 1212 3988 eam
1238 3924 1342 3989 nomi·
1391 3998 1396 4010 ,

235 4020 339 4087 natim
353 4020 483 4086 dotauit
496 4021 550 4088 die
566 4030 625 4088 etc
640 4032 676 4087 et
690 4023 766 4089 inde
782 4024 932 4110 producit
945 4033 1068 4090 sectam
1082 4033 1142 4091 etc

301 4124 344 4189 Et
359 4124 521 4189 Robertus
536 4126 629 4190 uenit
643 4133 678 4190 et
692 4127 856 4213 cognoscit
867 4127 950 4204 benc
965 4127 1052 4213 quod
1065 4128 1246 4193 manerium
1260 4127 1342 4195 illud

267 4258 485 4311 ι8660666111.
848 4261 1225 4325 Ἀ.111.111;Β.16.12(1.

267 4324 446 4377 ’06666νά611
475 4332 535 4375 aaut
560 4341 607 4389 por
634 4328 766 4377 licenciam
848 4328 948 4380 ‘Mna
959 4331 1002 4387 173
1019 4330 1095 4381 Β.16.
1104 4330 1145 4379 la.
1171 4329 1343 4392 Thacounty

235 4390 438 4511 {effractorum
447 4396 472 4441 ιι
482 4391 764 4457 1616616666616661,
816 4392 1152 4456 shouldbeBuokinaham·
1306 4405 1312 4414 '
