3342 5217
360 1 423 66 536
663 16 800 77 meree,
822 16 888 66 uu.
914 3 1007 81 1232,
1030 18 1093 67 uu.
1119 4 1167 69 16.

358 183 465 250 eidem
494 182 557 253 W?
588 207 646 272 per
674 208 754 271 quas
783 187 959 273 particulos
988 187 1169 275 assignarit
1199 186 1363 252 Willelmo
1400 185 1469 251 filio

359 290 480 377 Rogeri
509 289 552 355 xl.
580 312 642 357 scr.
672 299 708 355 et
736 290 818 356 dues
847 299 957 377 partes
985 291 1146 379 mesuagii
1174 300 1209 357 et
1238 314 1313 356 cum
1349 291 1471 377 quibus

359 393 569 480 pertinenciis
597 402 632 459 et
661 394 741 481 quid
770 394 936 460 residuum
968 404 1115 461 remanet
1145 394 1309 461 Willelmo
1337 394 1470 479 Fairfey

359 505 472 584 aperte
487 506 523 562 et
539 496 699 563 distincte.

426 601 610 666 Willelmus
646 602 763 667 Russel
799 601 1008 669 uthachiatus
1044 602 1109 668 fuit
1138 601 1180 667 ed
1209 600 1470 688 respondendum

359 706 502 771 Redulfo
517 706 557 772 de
573 706 728 772 Pesehale
743 729 843 793 quare
858 730 924 771 non
936 706 1013 773 fecit
1025 707 1056 771 ei
1067 706 1318 772 consuetudines
1332 714 1367 770 et
1382 714 1473 771 recte

359 809 497 875 seruicia
524 809 566 875 de
595 818 784 875 tenemento
814 810 900 896 quod
930 810 971 875 de
988 804 1039 875 'eo
1076 818 1169 876 tenet
1204 810 1239 874 in
1276 810 1472 875 Tudenhem

361 914 550 980 Flaifordia'
569 914 676 979 Perua
689 913 989 1001 Wederingsculdis
1007 922 1041 979 ct
1056 914 1264 979 Thichibrom
1279 914 1367 979 unde
1385 914 1472 999 petit

360 1017 448 1105 quod
477 1018 575 1083 faciet
598 1017 629 1083 ei
655 1016 696 1083 de
723 1016 869 1104 predicto
892 1017 1097 1083 tenemento³
1122 1017 1204 1083 feod'
1226 1018 1260 1103 iJ'.
1282 1017 1428 1082 militum
1446 1018 1471 1103 j.

361 1122 466 1208 quert’
484 1122 600 1187 minue

348 1242 352 1251 ’
425 1227 470 1290 Et
480 1225 666 1292 Willelmus
675 1226 768 1291 uenit
779 1233 814 1290 et
825 1224 907 1291 dicit
916 1234 951 1291 et
960 1225 1043 1291 benc
1055 1226 1218 1314 cognoscit
1227 1226 1314 1312 quod
1328 1226 1430 1291 debet
1441 1225 1474 1292 ei
1603 1234 1606 1239 ’

360 1330 401 1397 de
413 1338 601 1396 tenemento
610 1330 645 1395 in
657 1330 820 1395 Farnhem
829 1352 905 1394 cum
914 1329 1068 1416 predictis
1078 1332 1274 1396 tenementis
1289 1330 1473 1417 predictum

359 1434 534 1501 seruicium
548 1442 599 1499 set
614 1433 695 1498 dicit
709 1433 796 1520 qued
808 1442 958 1498 tenentes
969 1434 1020 1499 sui
1031 1435 1073 1499 de
1084 1434 1276 1499 Tudenhem
1289 1433 1475 1520 Playsordia

359 1547 394 1606 et
409 1539 450 1604 de
464 1537 773 1625 Wederingefeudie
787 1538 913 1602 faciunt
928 1538 1129 1623 quarterium
1149 1561 1207 1625 pre
1223 1562 1265 1605 eo
1280 1539 1399 1624 etipse
1415 1561 1476 1625 per

359 1665 494 1708 manum
509 1664 602 1707 suam
618 1640 726 1707 reddit
740 1641 913 1707 seruicium
931 1641 1016 1706 feodi
1033 1643 1058 1729 j.
1080 1642 1195 1707 militis
1214 1650 1249 1707 et
1268 1642 1345 1707 dim.
1369 1651 1404 1707 et
1426 1642 1474 1707 sic

359 1769 487 1833 semper
504 1746 639 1812 reddere
656 1745 835 1811 consueuit.
883 1746 927 1809 Et
949 1745 1023 1811 ideo
1045 1746 1293 1813 Consideratum
1316 1746 1474 1832 estquod

359 1851 521 1916 Redulfus
534 1850 742 1935 recuperemt
756 1849 908 1915 seisinem
924 1872 1016 1914 suem
1028 1850 1068 1915 de
1084 1849 1238 1936 predictis
1252 1850 1406 1915 seruiciis.

425 1956 469 2019 Et
484 1977 581 2040 super
594 1954 656 2019 hoc
671 1954 763 2019 uenit
778 1954 925 2040 Rogerus
940 1954 971 2019 le
987 1953 1086 2040 Bigot
1101 1961 1136 2019 et
1150 1954 1290 2019 Iscbelle
1304 1975 1386 2017 uxor
1400 1952 1475 2019 cius

358 2081 418 2145 per
439 2066 642 2124 attornatum
669 2079 766 2122 suum
793 2057 913 2143 quibus
936 2058 1120 2144 predictum
1149 2057 1323 2123 seruicium
1354 2058 1473 2123 dutum

359 2164 423 2228 fuit
437 2158 512 2229 cum
527 2162 671 2228 manerio
686 2161 727 2227 de
742 2161 898 2227 Pesehele
914 2170 948 2227 et
963 2170 1083 2248 petunt
1097 2162 1270 2227 seruicium
1287 2161 1473 2247 predictum

358 2266 400 2333 de
422 2268 536 2333 cedem
553 2266 726 2332 willelme.
772 2265 816 2329 Et
839 2265 1023 2330 Willelmus
1045 2265 1139 2331 uenit
1161 2273 1195 2330 et
1216 2267 1300 2331 bene
1323 2266 1474 2331 concedit

359 2370 481 2437 eisdem
495 2370 670 2436 seruicium
684 2368 906 2455 recipiendum
921 2369 1006 2433 sicut
1026 2368 1190 2455 predictus
1213 2368 1374 2434 Redulfus
1388 2368 1475 2435 illud

358 2475 524 2562 percipere
546 2473 716 2540 consueuit
737 2472 803 2538 scil.
827 2471 910 2537 feod'
927 2472 953 2558 j.
973 2472 1088 2538 militis
1111 2481 1146 2539 et
1165 2473 1242 2538 dim
1262 2496 1322 2560 per
1336 2496 1474 2539 manum

358 2578 461 2665 ipsius
476 2577 634 2644 Willelmi
648 2585 683 2641 et
697 2577 899 2663 quarterium
920 2577 1041 2642 faciant
1063 2577 1210 2643 homines
1229 2578 1283 2643 sui
1302 2577 1409 2643 Alano
1431 2578 1473 2643 dc

234 2700 239 2707 ·
359 2682 561 2748 Witherdele
583 2682 716 2768 capitali
735 2681 866 2746 domino
886 2681 972 2747 feodi
990 2704 1049 2767 pro
1071 2681 1184 2747 eodem
1206 2683 1334 2771 Regero
1356 2690 1392 2747 et
1414 2704 1474 2768 pro

361 2787 413 2853 se⁴
426 2810 492 2851 non
506 2786 745 2873 distringantur
759 2785 923 2851 occesione
938 2785 1078 2871 predicti
1091 2785 1220 2873 Rogeri.

425 2892 470 2957 Et
496 2891 643 2978 Regerus
668 2899 703 2953 et
728 2890 870 2954 Isabelle
894 2911 954 2976 per
976 2896 1179 2955 attemetum
1203 2890 1305 2976 ipsius
1331 2890 1474 2956 Isabelle

360 2995 500 3061 ueniunt
529 3003 563 3059 et
592 2994 676 3058 bene
699 2992 881 3058 concedunt
908 2992 995 3079 quod
1023 2994 1162 3080 predicti
1191 2993 1339 3059 homines
1368 2994 1475 3081 ipsius

360 3098 518 3164 Willelmi
539 3097 660 3163 facient
681 3097 855 3161 seruicium
879 3096 1062 3182 predictum
1092 3098 1294 3184 quarterium
1323 3099 1474 3184 predicto

361 3202 466 3267 Alano
481 3210 517 3267 et
536 3201 711 3265 heredibus
730 3200 797 3265 suis
819 3221 878 3287 pro
895 3199 1049 3285 predictis
1071 3201 1198 3289 Rogero
1219 3209 1255 3267 et
1277 3202 1420 3268 Isabelle
1438 3212 1476 3269 et

360 3303 535 3370 heredibus
555 3303 733 3369 commite
754 3310 867 3367 tamen
887 3304 973 3388 quod
994 3303 1082 3369 idem
1106 3305 1252 3391 Regerus
1273 3313 1309 3370 et
1332 3306 1476 3373 Isebella

360 3408 515 3495 colligent
543 3407 685 3493 primum
714 3405 898 3493 scutagium
929 3429 987 3492 per
1008 3430 1140 3472 manum
1163 3431 1254 3473 suam
1277 3417 1313 3475 et
1334 3410 1475 3477 reddant

360 3511 442 3576 illud
457 3511 601 3597 predicte
616 3511 722 3575 Alano
736 3516 771 3574 et
786 3531 844 3595 pro
859 3510 978 3575 seisine
992 3532 1051 3576 sue
1065 3509 1223 3589 habenda,
1238 3521 1273 3577 et
1285 3512 1474 3581 willelmus

360 3615 537 3684 similiter⁵.

393 3793 535 3843 ¹Willicm
548 3791 662 3843 otYorlr.
972 3793 1139 3845 ⁵E1rb0mte
1153 3794 1376 3849 subinleudstion.
1412 3798 1474 3848 Cer·

360 3856 889 3986 πππξπξπξππ
1267 3862 1395 3979 ξξπ
1413 3862 1475 3980 π

392 3989 671 4051 ³Supplyrerru'cr'ruu.
939 3988 1001 4040 hold
1013 3989 1124 4042 ofAlsn.

392 4055 403 4087 ⁴
420 4054 519 4118 Supply
530 4060 554 4103 et
566 4052 605 4117 (l).
