3342 5217
203 477 344 525 samus
359 477 452 525 mas
467 476 541 524 sun
556 476 755 526 mnmssax
772 477 873 537 suas,
888 477 953 526 aa.
968 464 1063 541 1229,
1074 479 1138 526 aa.
1156 466 1207 527 13.
1246 467 1311 529 285

203 659 371 716 santerre
393 659 428 714 et
450 673 477 714 v.
499 671 560 716 ccr.
583 649 669 735 p1ati
691 659 726 714 et
747 650 824 718 dim.
847 673 922 716 cum
943 651 1078 737 pertin
1100 653 1213 718 eadem
1234 654 1314 719 uilla

204 753 257 819 die
273 762 332 820 etc.
348 762 383 819 et
397 753 424 818 si
445 762 505 818 etc.
523 753 610 818 unde
625 753 796 839 Philippus
816 753 903 818 filius
923 753 1054 818 Ricardi
1069 755 1135 840 viij.
1150 778 1211 822 acr.
1227 763 1314 820 terre

204 867 239 922 et
259 858 335 923 dim.
352 867 386 923 et
406 866 473 923 tres
492 880 554 922 aar.
575 857 661 943 ptati
681 866 716 922 et
737 858 900 923 Henricus
922 859 952 923 le
973 860 1087 924 Porter
1106 868 1141 924 ct
1162 860 1315 927 Oetam-ia

202 1065 326 1130 Nutrix
337 1067 360 1152 j.
377 1065 580 1153 mesuagium
595 1073 630 1130 et
639 1065 663 1151 j.
679 1088 740 1130 acr.
756 1073 841 1130 terre
858 1073 893 1130 et
908 1066 986 1131 dim.
1001 1075 1036 1131 et
1056 1067 1257 1153 Reginaldus
1272 1067 1314 1132 da

202 1169 383 1236 Waledena
399 1179 433 1236 et
452 1171 597 1236 Hawisia
618 1193 699 1234 uxor
720 1169 791 1234 cius
812 1170 846 1255 ij.
861 1192 923 1234 acr.
939 1179 1024 1236 tene
1047 1171 1212 1236 Galfridus
1227 1171 1314 1237 filius

202 1273 308 1339 Alicie
339 1283 404 1338 tres
426 1296 487 1340 acr.
510 1281 595 1338 terre
618 1280 652 1337 et
674 1271 859 1337 Willelmus
881 1273 968 1337 filius
989 1273 1128 1339 Isabelle
1151 1274 1227 1339 dim.
1252 1297 1314 1342 acr.

203 1387 289 1442 terre
312 1386 346 1443 et
368 1378 527 1442 Reinerus
550 1376 717 1442 Pareamus
739 1375 806 1463 viij.
829 1376 903 1443 den.
924 1377 1072 1442 redditus
1093 1378 1169 1443 inde
1191 1387 1315 1444 tenent.

204 1481 248 1546 Et
272 1503 383 1546 omnes
404 1487 515 1566 preter
537 1480 713 1544 Reinerum
735 1480 957 1545 Parcararium
984 1481 1122 1546 ueniunt
1151 1489 1185 1546 et
1214 1482 1314 1548 nichil

202 1584 318 1650 dicunt
340 1607 439 1671 quare
461 1584 561 1649 assisa
586 1592 752 1649 remaneat
782 1584 845 1649 nisi
875 1592 1005 1649 tantum
1034 1584 1120 1670 quod
1149 1585 1314 1671 predictus

203 1687 399 1754 Godefiidus
413 1689 477 1754 fuit
492 1689 633 1754 sillanus
649 1696 683 1752 et
698 1688 780 1753 obiit
795 1687 938 1753 uillanus
952 1696 987 1752 et
1002 1688 1088 1775 quod
1108 1688 1171 1752 iste
1188 1689 1314 1755 Willel·

203 1813 277 1856 mus
291 1791 433 1856 uillanus
447 1799 497 1856 est
512 1800 547 1855 et
562 1789 751 1876 Philippus¹
767 1799 802 1855 et
817 1790 874 1854 alii
889 1791 1003 1855 dicunt
1018 1791 1105 1876 quod
1119 1791 1203 1856 liber
1217 1792 1313 1857 homo

205 1894 271 1958 fuit
286 1901 321 1958 ct
335 1895 409 1958 ideo
423 1895 576 1980 procedat
591 1894 698 1960 assisa.

269 1998 292 2062 J
293 2005 437 2062 uratures
449 1997 562 2062 dicunt
574 1997 660 2082 quod
671 1996 836 2082 predictus
847 1996 1052 2062 Wulwardus
1063 2004 1161 2082 pater.
1170 1997 1312 2082 ipsorum

202 2100 371 2166 Godefiidi
396 2108 431 2164 et
460 2099 649 2164 Herewardi
675 2097 739 2163 fuit
764 2099 907 2164 uillanus
930 2108 965 2163 et
987 2099 1069 2164 obiit
1090 2100 1240 2178 uillanua
1261 2109 1312 2166 set

202 2204 397 2270 Godefridus
420 2203 483 2269 fuit
506 2204 662 2268 liberatus
684 2211 718 2268 et
741 2203 823 2268 liber
848 2204 953 2268 factus
976 2226 1034 2289 per
1059 2204 1206 2270 denalios
1232 2228 1312 2291 quos
1325 2215 1381 2255 Not·
1389 2215 1445 2263 cuod

1324 2263 1416 2302 sillanus

201 2307 295 2372 dedit
318 2330 375 2392 pro
398 2307 548 2372 libertate
578 2315 718 2384 suaset
746 2306 862 2372 dicunt
891 2307 977 2392 quod
1002 2329 1117 2372 reuera
1144 2331 1240 2373 nemo
1269 2309 1310 2374 de
1324 2310 1452 2404 ffllffi·

1324 2403 1400 2442 habere
1408 2404 1468 2442 licre-

201 2410 396 2496 cognacione
425 2409 482 2474 illa
507 2409 678 2474 franciauit
701 2431 735 2473 sc
761 2417 871 2494 preter
895 2409 1077 2494 pradictum
1101 2410 1310 2476 Godefridum
1324 2449 1453 2489 dmm„

202 2522 239 2578 et
261 2514 347 2599 quod
369 2513 432 2579 iste
455 2514 670 2579 Hercwardus
692 2521 786 2599 pater
802 2513 898 2578 istius
914 2514 1069 2578 Willelmi
1085 2514 1149 2578 fuit
1169 2515 1311 2581 uillanus
1323 2507 1458 2582 iffi?

203 2625 239 2680 et
257 2616 339 2680 obiit
360 2616 509 2681 uillanus.
555 2617 598 2680 Et
620 2615 693 2680 ideo
715 2615 952 2682 consideratum
975 2623 1025 2680 est
1047 2616 1133 2701 quod
1154 2617 1224 2702 ipse
1245 2640 1311 2682 non
1324 2589 1476 2676 fflffiia

203 2729 313 2807 potest
342 2743 410 2786 esse
440 2720 539 2784 heres
586 2719 629 2783 Et
658 2717 732 2782 ideo
759 2717 929 2804 Philippus
958 2727 993 2782 et
1022 2718 1078 2783 alii
1107 2719 1183 2784 inde
1207 2720 1312 2806 quieti

203 2833 239 2890 ct
255 2823 440 2888 Willclmus
453 2823 488 2888 in
504 2823 728 2888 misericordia.

140 2987 147 2998 ,
270 2928 381 2992 Assisa
411 2926 503 2991 uenit
527 2925 733 3012 recognitum
761 2924 834 3010 quis
857 2923 1035 2990 aduocatus
1057 2935 1202 3012 tempore
1224 2929 1312 3013 pacis
1348 2934 1459 2975 ⁸⁰¹th

203 3031 406 3118 presentatut
422 3031 572 3095 ultimam
592 3052 841 3116 personamque
862 3036 991 3093 moitua
1010 3037 1061 3094 est
1081 3030 1123 3094 ad
1145 3031 1311 3096 ecclesiam

202 3133 245 3198 de
276 3133 455 3198 Karlatona
483 3154 546 3217 que
575 3138 672 3196 uacat
706 3139 745 3195 ut
781 3130 901 3195 dicitur
936 3130 1029 3194 cuius
1065 3131 1312 3197 aduocacionem

203 3237 365 3304 Radulfus
378 3236 465 3301 filius
487 3235 661 3322 Reginaldi
683 3235 802 3301 clamat
824 3257 938 3300 uersus
956 3235 1121 3300 Abbatem
1145 3237 1177 3302 S.
1198 3239 1313 3304 Jacobi

201 3340 244 3406 de
266 3340 299 3404 N
301 3339 534 3424 orhamptona⁸
554 3338 611 3424 qui
630 3338 723 3402 uenit
745 3345 779 3402 et
801 3338 882 3402 dicit
902 3338 988 3424 quod
1009 3339 1109 3404 assisa
1129 3363 1194 3404 nou
1214 3341 1313 3406 debet

202 3443 279 3508 inde
295 3442 365 3508 fieri
380 3443 457 3529 quia
470 3444 553 3508 bene
568 3443 715 3508 concedit
729 3442 815 3528 quod
837 3442 969 3528 quidam
990 3443 1177 3509 Osmundus
1196 3445 1313 3510 ultimo

202 3547 407 3633 presentauit
427 3547 600 3632 quemdam
619 3546 769 3612 clericum
785 3546 961 3611 Ricardum
976 3548 1106 3612 nomine
1120 3549 1162 3613 ad
1177 3549 1312 3614 eandem

204 3649 372 3716 ecclesiam
385 3657 419 3714 et
435 3649 492 3735 qui
506 3649 547 3714 ad
558 3649 834 3734 presentacionem
849 3671 942 3714 suam
957 3649 1021 3714 fuit
1035 3649 1194 3715 admissus
1208 3661 1268 3716 etc
1278 3659 1313 3716 et

203 3753 323 3819 ultimo
333 3752 414 3817 obiit
424 3773 560 3838 persona
574 3753 609 3816 in
624 3751 746 3836 eadem,
756 3760 806 3816 set
817 3751 898 3816 dicit
909 3751 995 3837 quod
1007 3752 1139 3838 quidam
1151 3754 1174 3818 J
1175 3754 1313 3818 omlanus

202 3858 245 3923 ds
272 3855 426 3922 Aneuilla
447 3855 654 3942 inplacitauit
683 3855 791 3940 ipsum
822 3855 1028 3920 Osmundum
1057 3855 1098 3921 de
1127 3864 1198 3921 tota
1227 3864 1464 3960 tenaffifflgn,

204 3984 304 4049 quam
327 3961 414 4026 idem
441 3960 627 4026 Osmundus
651 3959 767 4025 habuit
792 3959 826 4024 in
852 3959 1035 4024 Karletona'
1051 3960 1086 4024 in
1108 3961 1198 4026 cu1ia
1218 3962 1311 4028 Dom.
1325 3959 1444 4046 ffifflflg

205 4065 307 4151 Regis
321 4063 370 4128 ita
384 4063 470 4149 quod
485 4063 649 4150 predictus
665 4061 852 4127 Osmundus
871 4062 907 4125 in
926 4061 1016 4136 curia
1030 4062 1123 4127 Dom.
1139 4063 1238 4151 Regis
1255 4087 1314 4151 per
1326 4053 1477 4140 fflffifi‘

205 4169 305 4232 finem
326 4167 413 4232 inter
431 4189 486 4232 eos
509 4168 631 4232 factum
655 4166 842 4252 recognouit
865 4174 968 4231 totam
992 4167 1170 4253 predictam
1194 4178 1312 4236 terram
1325 4147 1476 4241 wiltis

1326 4240 1457 4329 susc

239 4371 338 4423 ¹corr.
357 4372 495 4422 Willelmas
508 4371 539 4438 (l)
787 4371 900 4434 Trinity‚
913 4372 988 4421 A.R.
1002 4374 1040 4424 13.
1088 4367 1092 4376 '
1288 4429 1291 4433 7

239 4437 389 4494 ²Bractom
407 4437 425 4486 l.
444 4439 500 4498 200,
519 4437 583 4487 cites
603 4437 657 4488 this
677 4452 736 4488 case
818 4437 829 4470 ³
847 4438 960 4487 Monast.
972 4439 1023 4488 vol.
1035 4439 1058 4500 6,
1071 4453 1097 4502 p.
1109 4439 1166 4488 114.

206 4518 237 4554 as
255 4503 323 4552 from
346 4501 478 4564 Rulsigh’s
501 4501 645 4554 Middlessx
673 4503 734 4560 lter,
