<?xml version="1.0" encoding="UTF-8"?>
<!DOCTYPE html PUBLIC "-//W3C//DTD XHTML 1.0 Transitional//EN"
    "http://www.w3.org/TR/xhtml1/DTD/xhtml1-transitional.dtd">
<html xmlns="http://www.w3.org/1999/xhtml" xml:lang="en" lang="en">
 <head>
  <title>
</title>
<meta http-equiv="Content-Type" content="text/html;charset=utf-8" />
  <meta name='ocr-system' content='tesseract 3.04.00' />
  <meta name='ocr-capabilities' content='ocr_page ocr_carea ocr_par ocr_line ocrx_word'/>
</head>
<body>
  <div class='ocr_page' id='page_1' title='image "bractonsnoteboo01maitgoog_0049.png"; bbox 0 0 3342 5217; ppageno 0'>
   <div class='ocr_carea' id='block_1_1' title="bbox 446 478 1367 554">
    <p class='ocr_par' dir='ltr' id='par_1_1' title="bbox 446 478 1367 554">
     <span class='ocr_line' id='line_1_1' title="bbox 446 478 1367 554; baseline 0.008 -17"><span class='ocrx_word' id='word_1_1' title='bbox 446 491 575 538; x_wconf 73' lang='lat' dir='ltr'><strong>aaaron</strong></span> <span class='ocrx_word' id='word_1_2' title='bbox 596 490 669 538; x_wconf 74' lang='lat' dir='ltr'><strong>suo</strong></span> <span class='ocrx_word' id='word_1_3' title='bbox 691 490 841 551; x_wconf 73' lang='lat' dir='ltr'><strong>rammi,</strong></span> <span class='ocrx_word' id='word_1_4' title='bbox 862 492 927 541; x_wconf 74' lang='lat' dir='ltr'><strong>so.</strong></span> <span class='ocrx_word' id='word_1_5' title='bbox 952 478 1045 554; x_wconf 85' lang='lat'>1219,</span> <span class='ocrx_word' id='word_1_6' title='bbox 1067 494 1130 542; x_wconf 72' lang='lat' dir='ltr'><strong>aa</strong></span> <span class='ocrx_word' id='word_1_7' title='bbox 1153 480 1182 542; x_wconf 84' lang='lat'><strong>3.</strong></span> <span class='ocrx_word' id='word_1_8' title='bbox 1325 481 1367 544; x_wconf 86' lang='grc'><strong>39</strong></span> 
     </span>
    </p>
   </div>
   <div class='ocr_carea' id='block_1_2' title="bbox 261 664 1534 956">
    <p class='ocr_par' dir='ltr' id='par_1_2' title="bbox 261 664 1534 956">
     <span class='ocr_line' id='line_1_2' title="bbox 261 664 1367 750; baseline -0.002 -19"><span class='ocrx_word' id='word_1_9' title='bbox 261 666 381 731; x_wconf 81' lang='lat' dir='ltr'>assedit</span> <span class='ocrx_word' id='word_1_10' title='bbox 396 664 587 730; x_wconf 84' lang='lat' dir='ltr'><strong>comitatum</strong></span> <span class='ocrx_word' id='word_1_11' title='bbox 602 664 686 729; x_wconf 82' lang='lat' dir='ltr'><strong>infra</strong></span> <span class='ocrx_word' id='word_1_12' title='bbox 700 674 766 729; x_wconf 88' lang='lat' dir='ltr'><strong>tres</strong></span> <span class='ocrx_word' id='word_1_13' title='bbox 783 664 980 750; x_wconf 88' lang='lat' dir='ltr'><strong>septimanas</strong></span> <span class='ocrx_word' id='word_1_14' title='bbox 999 665 1035 729; x_wconf 93' lang='lat' dir='ltr'><strong>in</strong></span> <span class='ocrx_word' id='word_1_15' title='bbox 1054 664 1277 730; x_wconf 70' lang='lat' dir='ltr'><strong>misericordia</strong></span> <span class='ocrx_word' id='word_1_16' title='bbox 1322 666 1367 729; x_wconf 86' lang='lat' dir='ltr'><strong>Et</strong></span> 
     </span>
     <span class='ocr_line' id='line_1_3' title="bbox 262 767 1534 877; baseline -0.002 -43"><span class='ocrx_word' id='word_1_17' title='bbox 262 778 409 877; x_wconf 75' lang='lat' dir='ltr'><strong>preterea</strong></span> <span class='ocrx_word' id='word_1_18' title='bbox 422 768 595 834; x_wconf 75' lang='lat' dir='ltr'><strong>comitatus</strong></span> <span class='ocrx_word' id='word_1_19' title='bbox 609 767 794 832; x_wconf 76' lang='lat' dir='ltr'><strong>recordatur</strong></span> <span class='ocrx_word' id='word_1_20' title='bbox 809 767 895 853; x_wconf 92' lang='lat' dir='ltr'><strong>quod</strong></span> <span class='ocrx_word' id='word_1_21' title='bbox 909 767 1055 832; x_wconf 84' lang='lat' dir='ltr'><strong>defectus</strong></span> <span class='ocrx_word' id='word_1_22' title='bbox 1074 768 1228 853; x_wconf 87' lang='lat' dir='ltr'><strong>probatus</strong></span> <span class='ocrx_word' id='word_1_23' title='bbox 1247 768 1312 832; x_wconf 86' lang='lat' dir='ltr'><strong>fuit</strong></span> <span class='ocrx_word' id='word_1_24' title='bbox 1331 768 1366 832; x_wconf 92' lang='lat' dir='ltr'><strong>in</strong></span> <span class='ocrx_word' id='word_1_25' title='bbox 1379 787 1534 875; x_wconf 44' lang='lat' dir='ltr'><strong>{mam</strong></span> 
     </span>
     <span class='ocr_line' id='line_1_4' title="bbox 261 869 1533 956; baseline -0.005 -20"><span class='ocrx_word' id='word_1_26' title='bbox 261 872 351 936; x_wconf 68' lang='lat' dir='ltr'><strong>cmii</strong></span> <span class='ocrx_word' id='word_1_27' title='bbox 364 871 451 935; x_wconf 86' lang='lat' dir='ltr'><strong>dicte</strong></span> <span class='ocrx_word' id='word_1_28' title='bbox 466 870 626 955; x_wconf 82' lang='lat' dir='ltr'><strong>Margarie</strong></span> <span class='ocrx_word' id='word_1_29' title='bbox 640 870 712 955; x_wconf 88' lang='lat' dir='ltr'><strong>ipsa</strong></span> <span class='ocrx_word' id='word_1_30' title='bbox 725 870 860 934; x_wconf 88' lang='lat' dir='ltr'><strong>absente</strong></span> <span class='ocrx_word' id='word_1_31' title='bbox 874 878 909 933; x_wconf 90' lang='lat' dir='ltr'><strong>et</strong></span> <span class='ocrx_word' id='word_1_32' title='bbox 923 869 996 934; x_wconf 88' lang='lat' dir='ltr'><strong>ideo</strong></span> <span class='ocrx_word' id='word_1_33' title='bbox 1010 870 1045 934; x_wconf 93' lang='lat' dir='ltr'><strong>in</strong></span> <span class='ocrx_word' id='word_1_34' title='bbox 1060 870 1277 935; x_wconf 73' lang='lat' dir='ltr'><strong>misericordia</strong></span> <span class='ocrx_word' id='word_1_35' title='bbox 1289 870 1367 956; x_wconf 87' lang='lat' dir='ltr'><strong>quia</strong></span> <span class='ocrx_word' id='word_1_36' title='bbox 1379 883 1468 921; x_wconf 62' lang='lat' dir='ltr'><strong>cussa</strong></span> <span class='ocrx_word' id='word_1_37' title='bbox 1476 882 1533 930; x_wconf 75' lang='lat' dir='ltr'><strong>suot</strong></span> 
     </span>
    </p>
   </div>
   <div class='ocr_carea' id='block_1_3' title="bbox 261 929 1478 1061">
    <p class='ocr_par' dir='ltr' id='par_1_3' title="bbox 261 929 1478 1061">
     <span class='ocr_line' id='line_1_5' title="bbox 261 929 1478 1061; baseline 0.002 -22"><span class='ocrx_word' id='word_1_38' title='bbox 261 974 376 1040; x_wconf 89' lang='lat' dir='ltr'><strong>debuit</strong></span> <span class='ocrx_word' id='word_1_39' title='bbox 390 974 586 1039; x_wconf 83' lang='lat' dir='ltr'><strong>summoneri</strong></span> <span class='ocrx_word' id='word_1_40' title='bbox 601 974 642 1038; x_wconf 87' lang='lat' dir='ltr'><strong>ad</strong></span> <span class='ocrx_word' id='word_1_41' title='bbox 656 973 852 1037; x_wconf 88' lang='lat' dir='ltr'><strong>audiendam</strong></span> <span class='ocrx_word' id='word_1_42' title='bbox 867 972 1092 1058; x_wconf 81' lang='lat' dir='ltr'><strong>probacionem</strong></span> <span class='ocrx_word' id='word_1_43' title='bbox 1106 973 1258 1058; x_wconf 78' lang='lat' dir='ltr'><strong>defectus</strong></span> <span class='ocrx_word' id='word_1_44' title='bbox 1378 929 1478 1061; x_wconf 40' lang='grc' dir='ltr'><strong>ἓξὲξ</strong></span> 
     </span>
    </p>
   </div>
   <div class='ocr_carea' id='block_1_4' title="bbox 171 1070 1528 4264">
    <p class='ocr_par' dir='ltr' id='par_1_4' title="bbox 171 1070 1524 1559">
     <span class='ocr_line' id='line_1_6' title="bbox 327 1070 1507 1164; baseline -0.002 -20"><span class='ocrx_word' id='word_1_45' title='bbox 327 1079 473 1144; x_wconf 87' lang='lat' dir='ltr'><strong>Albreda</strong></span> <span class='ocrx_word' id='word_1_46' title='bbox 485 1100 548 1164; x_wconf 91' lang='lat' dir='ltr'><strong>que</strong></span> <span class='ocrx_word' id='word_1_47' title='bbox 563 1079 626 1142; x_wconf 87' lang='lat' dir='ltr'><strong>fuit</strong></span> <span class='ocrx_word' id='word_1_48' title='bbox 641 1099 722 1142; x_wconf 84' lang='lat' dir='ltr'><strong>uxor</strong></span> <span class='ocrx_word' id='word_1_49' title='bbox 737 1076 896 1143; x_wconf 85' lang='lat' dir='ltr'><strong>Gileberti</strong></span> <span class='ocrx_word' id='word_1_50' title='bbox 911 1076 970 1141; x_wconf 90' lang='lat' dir='ltr'><strong>filii</strong></span> <span class='ocrx_word' id='word_1_51' title='bbox 984 1077 1143 1143; x_wconf 85' lang='lat' dir='ltr'><strong>Gileberti</strong></span> <span class='ocrx_word' id='word_1_52' title='bbox 1163 1099 1221 1162; x_wconf 89' lang='lat' dir='ltr'><strong>per</strong></span> <span class='ocrx_word' id='word_1_53' title='bbox 1238 1078 1366 1143; x_wconf 81' lang='lat' dir='ltr'><strong>Gaufri·</strong></span> <span class='ocrx_word' id='word_1_54' title='bbox 1378 1070 1507 1154; x_wconf 47' lang='lat' dir='ltr'><strong>iffi*</strong></span> 
     </span>
     <span class='ocr_line' id='line_1_7' title="bbox 171 1161 1524 1295; baseline -0.001 -47"><span class='ocrx_word' id='word_1_55' title='bbox 171 1190 174 1193; x_wconf 81' lang='grc'><strong>’</strong></span> <span class='ocrx_word' id='word_1_56' title='bbox 261 1184 341 1249; x_wconf 90' lang='lat' dir='ltr'><strong>dum</strong></span> <span class='ocrx_word' id='word_1_57' title='bbox 366 1184 407 1248; x_wconf 87' lang='lat' dir='ltr'><strong>de</strong></span> <span class='ocrx_word' id='word_1_58' title='bbox 433 1183 512 1269; x_wconf 86' lang='lat' dir='ltr'><strong>Teyl</strong></span> <span class='ocrx_word' id='word_1_59' title='bbox 536 1190 737 1246; x_wconf 86' lang='lat' dir='ltr'><strong>attornatum</strong></span> <span class='ocrx_word' id='word_1_60' title='bbox 761 1203 857 1246; x_wconf 88' lang='lat' dir='ltr'><strong>suum</strong></span> <span class='ocrx_word' id='word_1_61' title='bbox 883 1181 968 1266; x_wconf 89' lang='lat' dir='ltr'><strong>petit</strong></span> <span class='ocrx_word' id='word_1_62' title='bbox 989 1203 1102 1245; x_wconf 86' lang='lat' dir='ltr'><strong>uersus</strong></span> <span class='ocrx_word' id='word_1_63' title='bbox 1124 1182 1304 1246; x_wconf 87' lang='lat' dir='ltr'><strong>Hemionm</strong></span> <span class='ocrx_word' id='word_1_64' title='bbox 1325 1182 1365 1246; x_wconf 90' lang='lat' dir='ltr'><strong>de</strong></span> <span class='ocrx_word' id='word_1_65' title='bbox 1378 1161 1524 1295; x_wconf 53' lang='lat' dir='ltr'><strong>{ffiffi</strong></span> 
     </span>
     <span class='ocr_line' id='line_1_8' title="bbox 263 1284 1446 1372; baseline -0.002 -21"><span class='ocrx_word' id='word_1_66' title='bbox 263 1288 398 1351; x_wconf 87' lang='lat' dir='ltr'><strong>Buelers</strong></span> <span class='ocrx_word' id='word_1_67' title='bbox 413 1285 499 1372; x_wconf 90' lang='lat' dir='ltr'><strong>quod</strong></span> <span class='ocrx_word' id='word_1_68' title='bbox 512 1286 621 1370; x_wconf 87' lang='lat' dir='ltr'><strong>capiat</strong></span> <span class='ocrx_word' id='word_1_69' title='bbox 636 1285 822 1370; x_wconf 74' lang='lat' dir='ltr'><strong>homagium</strong></span> <span class='ocrx_word' id='word_1_70' title='bbox 839 1292 874 1348; x_wconf 87' lang='lat' dir='ltr'><strong>et</strong></span> <span class='ocrx_word' id='word_1_71' title='bbox 888 1284 1080 1349; x_wconf 85' lang='lat' dir='ltr'><strong>racionabilo</strong></span> <span class='ocrx_word' id='word_1_72' title='bbox 1096 1285 1255 1349; x_wconf 80' lang='lat' dir='ltr'><strong>relenium</strong></span> <span class='ocrx_word' id='word_1_73' title='bbox 1270 1307 1366 1350; x_wconf 90' lang='lat' dir='ltr'><strong>suum</strong></span> <span class='ocrx_word' id='word_1_74' title='bbox 1378 1300 1446 1340; x_wconf 59' lang='lat' dir='ltr'><strong>tarta</strong></span> 
     </span>
     <span class='ocr_line' id='line_1_9' title="bbox 262 1368 1482 1474; baseline -0.002 -19"><span class='ocrx_word' id='word_1_75' title='bbox 262 1391 302 1455; x_wconf 88' lang='lat' dir='ltr'><strong>de</strong></span> <span class='ocrx_word' id='word_1_76' title='bbox 317 1391 418 1455; x_wconf 91' lang='lat' dir='ltr'><strong>libero</strong></span> <span class='ocrx_word' id='word_1_77' title='bbox 433 1398 620 1453; x_wconf 86' lang='lat' dir='ltr'><strong>tenemento</strong></span> <span class='ocrx_word' id='word_1_78' title='bbox 637 1411 696 1453; x_wconf 89' lang='lat' dir='ltr'><strong>suo</strong></span> <span class='ocrx_word' id='word_1_79' title='bbox 716 1388 802 1474; x_wconf 89' lang='lat' dir='ltr'><strong>quod</strong></span> <span class='ocrx_word' id='word_1_80' title='bbox 822 1396 915 1453; x_wconf 88' lang='lat' dir='ltr'><strong>tenet</strong></span> <span class='ocrx_word' id='word_1_81' title='bbox 936 1397 971 1453; x_wconf 88' lang='lat' dir='ltr'><strong>et</strong></span> <span class='ocrx_word' id='word_1_82' title='bbox 992 1388 1033 1453; x_wconf 90' lang='lat' dir='ltr'><strong>de</strong></span> <span class='ocrx_word' id='word_1_83' title='bbox 1055 1410 1094 1452; x_wconf 88' lang='lat' dir='ltr'><strong>eo</strong></span> <span class='ocrx_word' id='word_1_84' title='bbox 1115 1398 1226 1453; x_wconf 85' lang='lat' dir='ltr'><strong>tenere</strong></span> <span class='ocrx_word' id='word_1_85' title='bbox 1247 1388 1368 1453; x_wconf 89' lang='lat' dir='ltr'><strong>clamat</strong></span> <span class='ocrx_word' id='word_1_86' title='bbox 1430 1368 1482 1411; x_wconf 59' lang='grc' dir='ltr'><strong>Μ</strong></span> 
     </span>
     <span class='ocr_line' id='line_1_10' title="bbox 262 1492 510 1559; baseline -0.02 0"><span class='ocrx_word' id='word_1_87' title='bbox 262 1494 297 1558; x_wconf 91' lang='lat' dir='ltr'><strong>in</strong></span> <span class='ocrx_word' id='word_1_88' title='bbox 312 1492 510 1559; x_wconf 81' lang='lat' dir='ltr'><strong>Rekesdona</strong></span> 
     </span>
    </p>

    <p class='ocr_par' dir='ltr' id='par_1_5' title="bbox 193 1594 1515 2509">
     <span class='ocr_line' id='line_1_11' title="bbox 329 1594 1369 1682; baseline 0 -21"><span class='ocrx_word' id='word_1_89' title='bbox 329 1598 372 1661; x_wconf 84' lang='lat' dir='ltr'><strong>Et</strong></span> <span class='ocrx_word' id='word_1_90' title='bbox 402 1595 564 1661; x_wconf 87' lang='lat' dir='ltr'><strong>Henricus</strong></span> <span class='ocrx_word' id='word_1_91' title='bbox 593 1596 686 1659; x_wconf 91' lang='lat' dir='ltr'><strong>uenit</strong></span> <span class='ocrx_word' id='word_1_92' title='bbox 715 1605 750 1661; x_wconf 90' lang='lat' dir='ltr'><strong>et</strong></span> <span class='ocrx_word' id='word_1_93' title='bbox 775 1594 856 1660; x_wconf 88' lang='lat' dir='ltr'><strong>dicit</strong></span> <span class='ocrx_word' id='word_1_94' title='bbox 881 1597 968 1682; x_wconf 90' lang='lat' dir='ltr'><strong>quod</strong></span> <span class='ocrx_word' id='word_1_95' title='bbox 993 1598 1021 1661; x_wconf 88' lang='lat' dir='ltr'><strong>si</strong></span> <span class='ocrx_word' id='word_1_96' title='bbox 1043 1597 1171 1663; x_wconf 91' lang='lat' dir='ltr'><strong>uideret</strong></span> <span class='ocrx_word' id='word_1_97' title='bbox 1192 1596 1369 1661; x_wconf 83' lang='lat' dir='ltr'><strong>Albredam</strong></span> 
     </span>
     <span class='ocr_line' id='line_1_12' title="bbox 263 1700 1369 1786; baseline 0.001 -21"><span class='ocrx_word' id='word_1_98' title='bbox 263 1708 446 1786; x_wconf 81' lang='lat' dir='ltr'><strong>presentem</strong></span> <span class='ocrx_word' id='word_1_99' title='bbox 471 1707 665 1764; x_wconf 87' lang='lat' dir='ltr'><strong>monstraret</strong></span> <span class='ocrx_word' id='word_1_100' title='bbox 690 1700 888 1765; x_wconf 87' lang='lat' dir='ltr'><strong>sufficienter</strong></span> <span class='ocrx_word' id='word_1_101' title='bbox 909 1701 995 1786; x_wconf 92' lang='lat' dir='ltr'><strong>quod</strong></span> <span class='ocrx_word' id='word_1_102' title='bbox 1016 1724 1082 1765; x_wconf 91' lang='lat' dir='ltr'><strong>non</strong></span> <span class='ocrx_word' id='word_1_103' title='bbox 1103 1700 1237 1765; x_wconf 79' lang='lat' dir='ltr'><strong>deberet</strong></span> <span class='ocrx_word' id='word_1_104' title='bbox 1258 1701 1369 1767; x_wconf 88' lang='lat' dir='ltr'><strong>homa-</strong></span> 
     </span>
     <span class='ocr_line' id='line_1_13' title="bbox 263 1801 1369 1889; baseline 0 -22"><span class='ocrx_word' id='word_1_105' title='bbox 263 1804 354 1889; x_wconf 88' lang='lat' dir='ltr'><strong>gium</strong></span> <span class='ocrx_word' id='word_1_106' title='bbox 366 1824 461 1867; x_wconf 88' lang='lat' dir='ltr'><strong>suum</strong></span> <span class='ocrx_word' id='word_1_107' title='bbox 474 1802 621 1887; x_wconf 88' lang='lat' dir='ltr'><strong>recipere.</strong></span> <span class='ocrx_word' id='word_1_108' title='bbox 662 1802 706 1866; x_wconf 85' lang='lat' dir='ltr'><strong>Et</strong></span> <span class='ocrx_word' id='word_1_109' title='bbox 721 1801 897 1867; x_wconf 87' lang='lat' dir='ltr'><strong>Gaufiidus</strong></span> <span class='ocrx_word' id='word_1_110' title='bbox 910 1802 992 1867; x_wconf 89' lang='lat' dir='ltr'><strong>dicit</strong></span> <span class='ocrx_word' id='word_1_111' title='bbox 1006 1826 1040 1867; x_wconf 89' lang='lat' dir='ltr'><strong>se</strong></span> <span class='ocrx_word' id='word_1_112' title='bbox 1055 1803 1154 1867; x_wconf 85' lang='lat' dir='ltr'><strong>fuisse</strong></span> <span class='ocrx_word' id='word_1_113' title='bbox 1168 1811 1369 1867; x_wconf 88' lang='lat' dir='ltr'><strong>attomatum</strong></span> 
     </span>
     <span class='ocr_line' id='line_1_14' title="bbox 263 1903 1369 1991; baseline 0 -22"><span class='ocrx_word' id='word_1_114' title='bbox 263 1928 370 1969; x_wconf 88' lang='lat' dir='ltr'><strong>coram</strong></span> <span class='ocrx_word' id='word_1_115' title='bbox 398 1904 584 1968; x_wconf 86' lang='lat' dir='ltr'><strong>iusticiariis</strong></span> <span class='ocrx_word' id='word_1_116' title='bbox 612 1903 849 1969; x_wconf 74' lang='lat' dir='ltr'><strong>itinerantibus</strong></span> <span class='ocrx_word' id='word_1_117' title='bbox 909 1906 954 1969; x_wconf 87' lang='lat' dir='ltr'><strong>Et</strong></span> <span class='ocrx_word' id='word_1_118' title='bbox 987 1905 1065 1991; x_wconf 89' lang='lat' dir='ltr'><strong>quia</strong></span> <span class='ocrx_word' id='word_1_119' title='bbox 1092 1914 1276 1970; x_wconf 88' lang='lat' dir='ltr'><strong>attornatus</strong></span> <span class='ocrx_word' id='word_1_120' title='bbox 1304 1927 1369 1970; x_wconf 89' lang='lat' dir='ltr'><strong>non</strong></span> 
     </span>
     <span class='ocr_line' id='line_1_15' title="bbox 263 2006 1368 2094; baseline 0.002 -21"><span class='ocrx_word' id='word_1_121' title='bbox 263 2016 371 2094; x_wconf 87' lang='lat' dir='ltr'><strong>potest</strong></span> <span class='ocrx_word' id='word_1_122' title='bbox 393 2006 578 2071; x_wconf 90' lang='lat' dir='ltr'><strong>huiusmodi</strong></span> <span class='ocrx_word' id='word_1_123' title='bbox 601 2007 758 2093; x_wconf 82' lang='lat' dir='ltr'><strong>placitum</strong></span> <span class='ocrx_word' id='word_1_124' title='bbox 780 2008 881 2094; x_wconf 90' lang='lat' dir='ltr'><strong>sequi,</strong></span> <span class='ocrx_word' id='word_1_125' title='bbox 898 2008 996 2074; x_wconf 86' lang='lat' dir='ltr'><strong>datus</strong></span> <span class='ocrx_word' id='word_1_126' title='bbox 1015 2017 1066 2074; x_wconf 87' lang='lat' dir='ltr'><strong>est</strong></span> <span class='ocrx_word' id='word_1_127' title='bbox 1086 2009 1133 2073; x_wconf 90' lang='lat' dir='ltr'><strong>eis</strong></span> <span class='ocrx_word' id='word_1_128' title='bbox 1150 2008 1220 2073; x_wconf 87' lang='lat' dir='ltr'><strong>dies</strong></span> <span class='ocrx_word' id='word_1_129' title='bbox 1233 2031 1254 2073; x_wconf 88' lang='lat' dir='ltr'><strong>a</strong></span> <span class='ocrx_word' id='word_1_130' title='bbox 1267 2007 1320 2073; x_wconf 87' lang='lat' dir='ltr'><strong>die</strong></span> <span class='ocrx_word' id='word_1_131' title='bbox 1336 2010 1368 2075; x_wconf 88' lang='lat' dir='ltr'><strong>S.</strong></span> 
     </span>
     <span class='ocr_line' id='line_1_16' title="bbox 264 2111 1369 2199; baseline 0 -23"><span class='ocrx_word' id='word_1_132' title='bbox 264 2112 360 2177; x_wconf 87' lang='lat' dir='ltr'><strong>Mich.</strong></span> <span class='ocrx_word' id='word_1_133' title='bbox 384 2112 420 2175; x_wconf 90' lang='lat' dir='ltr'><strong>in</strong></span> <span class='ocrx_word' id='word_1_134' title='bbox 445 2134 494 2175; x_wconf 87' lang='lat' dir='ltr'><strong>xv.</strong></span> <span class='ocrx_word' id='word_1_135' title='bbox 523 2111 599 2187; x_wconf 88' lang='lat' dir='ltr'><strong>dies,</strong></span> <span class='ocrx_word' id='word_1_136' title='bbox 626 2118 661 2175; x_wconf 91' lang='lat' dir='ltr'><strong>et</strong></span> <span class='ocrx_word' id='word_1_137' title='bbox 687 2119 765 2175; x_wconf 89' lang='lat' dir='ltr'><strong>tunc</strong></span> <span class='ocrx_word' id='word_1_138' title='bbox 791 2112 905 2177; x_wconf 88' lang='lat' dir='ltr'><strong>ueniat</strong></span> <span class='ocrx_word' id='word_1_139' title='bbox 929 2113 1073 2178; x_wconf 82' lang='lat' dir='ltr'><strong>Albreda</strong></span> <span class='ocrx_word' id='word_1_140' title='bbox 1097 2113 1140 2177; x_wconf 88' lang='lat' dir='ltr'><strong>ad</strong></span> <span class='ocrx_word' id='word_1_141' title='bbox 1168 2112 1369 2199; x_wconf 87' lang='lat' dir='ltr'><strong>sequendum</strong></span> 
     </span>
     <span class='ocr_line' id='line_1_17' title="bbox 262 2214 1509 2304; baseline 0 -26"><span class='ocrx_word' id='word_1_142' title='bbox 262 2215 420 2300; x_wconf 88' lang='lat' dir='ltr'><strong>placitum</strong></span> <span class='ocrx_word' id='word_1_143' title='bbox 445 2215 473 2279; x_wconf 87' lang='lat' dir='ltr'><strong>si</strong></span> <span class='ocrx_word' id='word_1_144' title='bbox 498 2214 639 2278; x_wconf 88' lang='lat' dir='ltr'><strong>uoluerit</strong></span> <span class='ocrx_word' id='word_1_145' title='bbox 665 2222 700 2278; x_wconf 88' lang='lat' dir='ltr'><strong>et</strong></span> <span class='ocrx_word' id='word_1_146' title='bbox 724 2214 892 2278; x_wconf 88' lang='lat' dir='ltr'><strong>sciendum</strong></span> <span class='ocrx_word' id='word_1_147' title='bbox 918 2215 1005 2301; x_wconf 89' lang='lat' dir='ltr'><strong>quod</strong></span> <span class='ocrx_word' id='word_1_148' title='bbox 1029 2216 1119 2280; x_wconf 87' lang='lat' dir='ltr'><strong>curia</strong></span> <span class='ocrx_word' id='word_1_149' title='bbox 1142 2214 1281 2301; x_wconf 85' lang='lat' dir='ltr'><strong>decepta</strong></span> <span class='ocrx_word' id='word_1_150' title='bbox 1304 2215 1509 2304; x_wconf 57' lang='lat' dir='ltr'><strong>filitfffflffl</strong></span> 
     </span>
     <span class='ocr_line' id='line_1_18' title="bbox 262 2315 1515 2405; baseline 0 -22"><span class='ocrx_word' id='word_1_151' title='bbox 262 2318 303 2383; x_wconf 89' lang='lat' dir='ltr'><strong>de</strong></span> <span class='ocrx_word' id='word_1_152' title='bbox 318 2326 482 2383; x_wconf 87' lang='lat' dir='ltr'><strong>attornato</strong></span> <span class='ocrx_word' id='word_1_153' title='bbox 496 2318 679 2405; x_wconf 89' lang='lat' dir='ltr'><strong>recipiendo</strong></span> <span class='ocrx_word' id='word_1_154' title='bbox 694 2318 721 2383; x_wconf 88' lang='lat' dir='ltr'><strong>si</strong></span> <span class='ocrx_word' id='word_1_155' title='bbox 736 2326 938 2383; x_wconf 87' lang='lat' dir='ltr'><strong>attornatum</strong></span> <span class='ocrx_word' id='word_1_156' title='bbox 953 2319 1116 2405; x_wconf 86' lang='lat' dir='ltr'><strong>receperit</strong></span> <span class='ocrx_word' id='word_1_157' title='bbox 1136 2317 1142 2404; x_wconf 85' lang='grc' dir='ltr'>Ι</span> <span class='ocrx_word' id='word_1_158' title='bbox 1379 2315 1515 2399; x_wconf 54' lang='lat' dir='ltr'><strong>ffiffl„</strong></span> 
     </span>
     <span class='ocr_line' id='line_1_19' title="bbox 193 2407 1476 2509; baseline 0.005 -24"><span class='ocrx_word' id='word_1_159' title='bbox 193 2484 200 2499; x_wconf 78' lang='grc'>,</span> <span class='ocrx_word' id='word_1_160' title='bbox 328 2422 439 2487; x_wconf 84' lang='lat' dir='ltr'><strong>Assisa</strong></span> <span class='ocrx_word' id='word_1_161' title='bbox 467 2422 560 2486; x_wconf 90' lang='lat' dir='ltr'><strong>uenit</strong></span> <span class='ocrx_word' id='word_1_162' title='bbox 589 2422 793 2508; x_wconf 80' lang='lat' dir='ltr'><strong>recognitum</strong></span> <span class='ocrx_word' id='word_1_163' title='bbox 821 2422 849 2486; x_wconf 90' lang='lat' dir='ltr'><strong>si</strong></span> <span class='ocrx_word' id='word_1_164' title='bbox 876 2423 988 2488; x_wconf 87' lang='lat' dir='ltr'><strong>Simon</strong></span> <span class='ocrx_word' id='word_1_165' title='bbox 1012 2422 1100 2488; x_wconf 88' lang='lat' dir='ltr'><strong>filius</strong></span> <span class='ocrx_word' id='word_1_166' title='bbox 1126 2423 1249 2487; x_wconf 88' lang='lat' dir='ltr'><strong>Thoma</strong></span> <span class='ocrx_word' id='word_1_167' title='bbox 1274 2430 1368 2509; x_wconf 91' lang='lat' dir='ltr'><strong>pater</strong></span> <span class='ocrx_word' id='word_1_168' title='bbox 1378 2407 1476 2499; x_wconf 60' lang='lat' dir='ltr'><strong>tit-‘ts</strong></span> 
     </span>
    </p>

    <p class='ocr_par' dir='ltr' id='par_1_6' title="bbox 262 2514 1528 3539">
     <span class='ocr_line' id='line_1_20' title="bbox 263 2514 1495 2618; baseline 0.001 -30"><span class='ocrx_word' id='word_1_169' title='bbox 263 2524 393 2589; x_wconf 86' lang='lat' dir='ltr'><strong>Ricardi</strong></span> <span class='ocrx_word' id='word_1_170' title='bbox 415 2524 476 2587; x_wconf 86' lang='lat' dir='ltr'><strong>filii</strong></span> <span class='ocrx_word' id='word_1_171' title='bbox 501 2524 641 2589; x_wconf 84' lang='lat' dir='ltr'><strong>Simonis</strong></span> <span class='ocrx_word' id='word_1_172' title='bbox 664 2524 720 2610; x_wconf 93' lang='lat' dir='ltr'><strong>qui</strong></span> <span class='ocrx_word' id='word_1_173' title='bbox 746 2524 830 2589; x_wconf 79' lang='lat' dir='ltr'><strong>infra</strong></span> <span class='ocrx_word' id='word_1_174' title='bbox 855 2532 978 2589; x_wconf 89' lang='lat' dir='ltr'><strong>etatem</strong></span> <span class='ocrx_word' id='word_1_175' title='bbox 1003 2532 1054 2589; x_wconf 89' lang='lat' dir='ltr'><strong>est</strong></span> <span class='ocrx_word' id='word_1_176' title='bbox 1083 2524 1146 2589; x_wconf 86' lang='lat' dir='ltr'><strong>fuit</strong></span> <span class='ocrx_word' id='word_1_177' title='bbox 1175 2524 1305 2589; x_wconf 81' lang='lat' dir='ltr'><strong>saisitus</strong></span> <span class='ocrx_word' id='word_1_178' title='bbox 1333 2524 1368 2589; x_wconf 89' lang='lat' dir='ltr'><strong>in</strong></span> <span class='ocrx_word' id='word_1_179' title='bbox 1419 2514 1495 2618; x_wconf 50' lang='lat' dir='ltr'><strong>{Q</strong></span> 
     </span>
     <span class='ocr_line' id='line_1_21' title="bbox 262 2627 1370 2715; baseline -0.001 -22"><span class='ocrx_word' id='word_1_180' title='bbox 262 2628 422 2693; x_wconf 91' lang='lat' dir='ltr'><strong>dominico</strong></span> <span class='ocrx_word' id='word_1_181' title='bbox 451 2650 509 2692; x_wconf 87' lang='lat' dir='ltr'><strong>suo</strong></span> <span class='ocrx_word' id='word_1_182' title='bbox 538 2636 577 2692; x_wconf 90' lang='lat' dir='ltr'><strong>ut</strong></span> <span class='ocrx_word' id='word_1_183' title='bbox 605 2628 647 2692; x_wconf 91' lang='lat' dir='ltr'><strong>de</strong></span> <span class='ocrx_word' id='word_1_184' title='bbox 676 2627 768 2692; x_wconf 85' lang='lat' dir='ltr'><strong>feodo</strong></span> <span class='ocrx_word' id='word_1_185' title='bbox 796 2628 838 2692; x_wconf 94' lang='lat' dir='ltr'><strong>de</strong></span> <span class='ocrx_word' id='word_1_186' title='bbox 867 2628 1003 2693; x_wconf 87' lang='lat' dir='ltr'><strong>dimidia</strong></span> <span class='ocrx_word' id='word_1_187' title='bbox 1031 2627 1161 2715; x_wconf 85' lang='lat' dir='ltr'><strong>uirgata</strong></span> <span class='ocrx_word' id='word_1_188' title='bbox 1186 2636 1271 2693; x_wconf 86' lang='lat' dir='ltr'><strong>terre</strong></span> <span class='ocrx_word' id='word_1_189' title='bbox 1294 2651 1370 2693; x_wconf 90' lang='lat' dir='ltr'><strong>cum</strong></span> 
     </span>
     <span class='ocr_line' id='line_1_22' title="bbox 262 2728 1370 2816; baseline 0 -21"><span class='ocrx_word' id='word_1_190' title='bbox 262 2730 470 2816; x_wconf 86' lang='lat' dir='ltr'><strong>pertinenciis</strong></span> <span class='ocrx_word' id='word_1_191' title='bbox 491 2730 527 2793; x_wconf 93' lang='lat' dir='ltr'><strong>in</strong></span> <span class='ocrx_word' id='word_1_192' title='bbox 549 2728 707 2793; x_wconf 87' lang='lat' dir='ltr'><strong>Brintona</strong></span> <span class='ocrx_word' id='word_1_193' title='bbox 727 2729 781 2793; x_wconf 89' lang='lat' dir='ltr'><strong>die</strong></span> <span class='ocrx_word' id='word_1_194' title='bbox 803 2751 868 2815; x_wconf 90' lang='lat' dir='ltr'><strong>quo</strong></span> <span class='ocrx_word' id='word_1_195' title='bbox 890 2729 972 2794; x_wconf 89' lang='lat' dir='ltr'><strong>obiit</strong></span> <span class='ocrx_word' id='word_1_196' title='bbox 992 2738 1051 2794; x_wconf 84' lang='lat' dir='ltr'><strong>etc</strong></span> <span class='ocrx_word' id='word_1_197' title='bbox 1072 2739 1108 2794; x_wconf 90' lang='lat' dir='ltr'><strong>et</strong></span> <span class='ocrx_word' id='word_1_198' title='bbox 1129 2730 1157 2794; x_wconf 88' lang='lat' dir='ltr'><strong>si</strong></span> <span class='ocrx_word' id='word_1_199' title='bbox 1179 2739 1248 2807; x_wconf 75' lang='lat' dir='ltr'><strong>eto,</strong></span> <span class='ocrx_word' id='word_1_200' title='bbox 1271 2753 1370 2816; x_wconf 84' lang='lat' dir='ltr'><strong>quam</strong></span> 
     </span>
     <span class='ocr_line' id='line_1_23' title="bbox 262 2832 1370 2918; baseline -0.001 -20"><span class='ocrx_word' id='word_1_201' title='bbox 262 2844 383 2898; x_wconf 86' lang='lat' dir='ltr'><strong>terram</strong></span> <span class='ocrx_word' id='word_1_202' title='bbox 398 2832 552 2897; x_wconf 85' lang='lat' dir='ltr'><strong>Gunnora</strong></span> <span class='ocrx_word' id='word_1_203' title='bbox 566 2832 607 2896; x_wconf 89' lang='lat' dir='ltr'><strong>de</strong></span> <span class='ocrx_word' id='word_1_204' title='bbox 623 2832 780 2897; x_wconf 84' lang='lat' dir='ltr'><strong>Brintona</strong></span> <span class='ocrx_word' id='word_1_205' title='bbox 795 2833 911 2917; x_wconf 76' lang='lat' dir='ltr'><strong>tenuit,</strong></span> <span class='ocrx_word' id='word_1_206' title='bbox 924 2854 987 2918; x_wconf 91' lang='lat' dir='ltr'><strong>que</strong></span> <span class='ocrx_word' id='word_1_207' title='bbox 998 2833 1091 2897; x_wconf 87' lang='lat' dir='ltr'><strong>uenit</strong></span> <span class='ocrx_word' id='word_1_208' title='bbox 1105 2842 1140 2897; x_wconf 91' lang='lat' dir='ltr'><strong>et</strong></span> <span class='ocrx_word' id='word_1_209' title='bbox 1151 2834 1283 2898; x_wconf 88' lang='lat' dir='ltr'><strong>uocauit</strong></span> <span class='ocrx_word' id='word_1_210' title='bbox 1293 2833 1370 2898; x_wconf 93' lang='lat' dir='ltr'><strong>inde</strong></span> 
     </span>
     <span class='ocr_line' id='line_1_24' title="bbox 263 2936 1510 3041; baseline 0 -41"><span class='ocrx_word' id='word_1_211' title='bbox 263 2936 305 3001; x_wconf 88' lang='lat' dir='ltr'><strong>ad</strong></span> <span class='ocrx_word' id='word_1_212' title='bbox 320 2944 499 3000; x_wconf 81' lang='lat' dir='ltr'><strong>warantum</strong></span> <span class='ocrx_word' id='word_1_213' title='bbox 514 2936 689 3000; x_wconf 80' lang='lat' dir='ltr'><strong>Ricardum</strong></span> <span class='ocrx_word' id='word_1_214' title='bbox 704 2936 744 3001; x_wconf 88' lang='lat' dir='ltr'><strong>de</strong></span> <span class='ocrx_word' id='word_1_215' title='bbox 760 2937 926 3013; x_wconf 85' lang='lat' dir='ltr'><strong>Brintona,</strong></span> <span class='ocrx_word' id='word_1_216' title='bbox 941 2938 998 3022; x_wconf 89' lang='lat' dir='ltr'><strong>qui</strong></span> <span class='ocrx_word' id='word_1_217' title='bbox 1013 2937 1106 3002; x_wconf 88' lang='lat' dir='ltr'><strong>uenit</strong></span> <span class='ocrx_word' id='word_1_218' title='bbox 1120 2946 1155 3001; x_wconf 92' lang='lat' dir='ltr'><strong>et</strong></span> <span class='ocrx_word' id='word_1_219' title='bbox 1175 2936 1206 3000; x_wconf 92' lang='lat' dir='ltr'><strong>ei</strong></span> <span class='ocrx_word' id='word_1_220' title='bbox 1220 2936 1368 3001; x_wconf 86' lang='lat' dir='ltr'><strong>warenti-</strong></span> <span class='ocrx_word' id='word_1_221' title='bbox 1382 2954 1510 3041; x_wconf 52' lang='lat' dir='ltr'><strong>mii?</strong></span> 
     </span>
     <span class='ocr_line' id='line_1_25' title="bbox 263 3038 1528 3133; baseline -0.001 -28"><span class='ocrx_word' id='word_1_222' title='bbox 263 3040 352 3105; x_wconf 86' lang='lat' dir='ltr'><strong>zauit</strong></span> <span class='ocrx_word' id='word_1_223' title='bbox 367 3046 401 3103; x_wconf 86' lang='lat' dir='ltr'><strong>et</strong></span> <span class='ocrx_word' id='word_1_224' title='bbox 418 3039 499 3103; x_wconf 89' lang='lat' dir='ltr'><strong>dicit</strong></span> <span class='ocrx_word' id='word_1_225' title='bbox 518 3038 606 3125; x_wconf 91' lang='lat' dir='ltr'><strong>quod</strong></span> <span class='ocrx_word' id='word_1_226' title='bbox 625 3040 693 3124; x_wconf 86' lang='lat' dir='ltr'><strong>ipse</strong></span> <span class='ocrx_word' id='word_1_227' title='bbox 714 3061 778 3103; x_wconf 90' lang='lat' dir='ltr'><strong>non</strong></span> <span class='ocrx_word' id='word_1_228' title='bbox 798 3048 891 3105; x_wconf 90' lang='lat' dir='ltr'><strong>tenet</strong></span> <span class='ocrx_word' id='word_1_229' title='bbox 912 3062 1023 3104; x_wconf 90' lang='lat' dir='ltr'><strong>omnes</strong></span> <span class='ocrx_word' id='word_1_230' title='bbox 1044 3039 1259 3125; x_wconf 82' lang='lat' dir='ltr'><strong>pertinencias</strong></span> <span class='ocrx_word' id='word_1_231' title='bbox 1281 3039 1369 3104; x_wconf 89' lang='lat' dir='ltr'><strong>illius</strong></span> <span class='ocrx_word' id='word_1_232' title='bbox 1382 3048 1528 3133; x_wconf 54' lang='lat' dir='ltr'><strong>fflssm</strong></span> 
     </span>
     <span class='ocr_line' id='line_1_26' title="bbox 263 3141 1506 3236; baseline -0.002 -28"><span class='ocrx_word' id='word_1_233' title='bbox 263 3142 397 3208; x_wconf 92' lang='lat' dir='ltr'><strong>dimidie</strong></span> <span class='ocrx_word' id='word_1_234' title='bbox 412 3144 539 3229; x_wconf 86' lang='lat' dir='ltr'><strong>uirgate</strong></span> <span class='ocrx_word' id='word_1_235' title='bbox 555 3152 639 3207; x_wconf 87' lang='lat' dir='ltr'><strong>terra</strong></span> <span class='ocrx_word' id='word_1_236' title='bbox 655 3143 732 3228; x_wconf 86' lang='lat' dir='ltr'><strong>quia</strong></span> <span class='ocrx_word' id='word_1_237' title='bbox 746 3144 777 3207; x_wconf 88' lang='lat' dir='ltr'><strong>ei</strong></span> <span class='ocrx_word' id='word_1_238' title='bbox 791 3142 902 3207; x_wconf 86' lang='lat' dir='ltr'><strong>deficit</strong></span> <span class='ocrx_word' id='word_1_239' title='bbox 912 3144 936 3229; x_wconf 89' lang='lat' dir='ltr'><strong>j.</strong></span> <span class='ocrx_word' id='word_1_240' title='bbox 949 3166 1023 3208; x_wconf 87' lang='lat' dir='ltr'><strong>acra</strong></span> <span class='ocrx_word' id='word_1_241' title='bbox 1037 3152 1121 3208; x_wconf 84' lang='lat' dir='ltr'><strong>terre</strong></span> <span class='ocrx_word' id='word_1_242' title='bbox 1136 3152 1171 3208; x_wconf 90' lang='lat' dir='ltr'><strong>et</strong></span> <span class='ocrx_word' id='word_1_243' title='bbox 1185 3142 1320 3207; x_wconf 89' lang='lat' dir='ltr'><strong>dimidia</strong></span> <span class='ocrx_word' id='word_1_244' title='bbox 1334 3143 1369 3206; x_wconf 92' lang='lat' dir='ltr'><strong>in</strong></span> <span class='ocrx_word' id='word_1_245' title='bbox 1382 3141 1506 3236; x_wconf 57' lang='lat' dir='ltr'><strong>flgffffi</strong></span> 
     </span>
     <span class='ocr_line' id='line_1_27' title="bbox 264 3236 1477 3333; baseline 0.001 -22"><span class='ocrx_word' id='word_1_246' title='bbox 264 3269 329 3311; x_wconf 93' lang='lat' dir='ltr'><strong>uno</strong></span> <span class='ocrx_word' id='word_1_247' title='bbox 350 3268 464 3332; x_wconf 83' lang='lat' dir='ltr'><strong>campo</strong></span> <span class='ocrx_word' id='word_1_248' title='bbox 485 3255 520 3311; x_wconf 90' lang='lat' dir='ltr'><strong>et</strong></span> <span class='ocrx_word' id='word_1_249' title='bbox 541 3245 605 3311; x_wconf 90' lang='lat' dir='ltr'><strong>due</strong></span> <span class='ocrx_word' id='word_1_250' title='bbox 624 3268 695 3310; x_wconf 88' lang='lat' dir='ltr'><strong>acre</strong></span> <span class='ocrx_word' id='word_1_251' title='bbox 715 3255 749 3311; x_wconf 89' lang='lat' dir='ltr'><strong>et</strong></span> <span class='ocrx_word' id='word_1_252' title='bbox 764 3247 900 3312; x_wconf 87' lang='lat' dir='ltr'><strong>dimidia</strong></span> <span class='ocrx_word' id='word_1_253' title='bbox 914 3248 948 3311; x_wconf 90' lang='lat' dir='ltr'><strong>in</strong></span> <span class='ocrx_word' id='word_1_254' title='bbox 962 3247 1026 3312; x_wconf 88' lang='lat' dir='ltr'><strong>alio</strong></span> <span class='ocrx_word' id='word_1_255' title='bbox 1046 3246 1183 3333; x_wconf 85' lang='lat' dir='ltr'><strong>campo’.</strong></span> <span class='ocrx_word' id='word_1_256' title='bbox 1228 3248 1273 3311; x_wconf 89' lang='lat' dir='ltr'><strong>Et</strong></span> <span class='ocrx_word' id='word_1_257' title='bbox 1293 3247 1370 3333; x_wconf 89' lang='lat' dir='ltr'><strong>quia</strong></span> <span class='ocrx_word' id='word_1_258' title='bbox 1382 3236 1477 3319; x_wconf 56' lang='lat' dir='ltr'><strong>iffi.</strong></span> 
     </span>
     <span class='ocr_line' id='line_1_28' title="bbox 263 3327 1469 3437; baseline -0.001 -22"><span class='ocrx_word' id='word_1_259' title='bbox 263 3352 421 3416; x_wconf 83' lang='lat' dir='ltr'><strong>Ricardus</strong></span> <span class='ocrx_word' id='word_1_260' title='bbox 435 3359 486 3415; x_wconf 88' lang='lat' dir='ltr'><strong>est</strong></span> <span class='ocrx_word' id='word_1_261' title='bbox 500 3351 584 3415; x_wconf 80' lang='lat' dir='ltr'><strong>infra</strong></span> <span class='ocrx_word' id='word_1_262' title='bbox 598 3358 729 3427; x_wconf 74' lang='lat' dir='ltr'><strong>etatem</strong></span> <span class='ocrx_word' id='word_1_263' title='bbox 746 3351 993 3417; x_wconf 81' lang='lat' dir='ltr'><strong>Consideratum</strong></span> <span class='ocrx_word' id='word_1_264' title='bbox 1011 3350 1162 3437; x_wconf 85' lang='lat' dir='ltr'><strong>estquod</strong></span> <span class='ocrx_word' id='word_1_265' title='bbox 1182 3373 1247 3414; x_wconf 91' lang='lat' dir='ltr'><strong>non</strong></span> <span class='ocrx_word' id='word_1_266' title='bbox 1261 3358 1370 3437; x_wconf 87' lang='lat' dir='ltr'><strong>potest</strong></span> <span class='ocrx_word' id='word_1_267' title='bbox 1382 3327 1469 3413; x_wconf 57' lang='lat' dir='ltr'><strong>ffi‘i</strong></span> 
     </span>
     <span class='ocr_line' id='line_1_29' title="bbox 263 3452 1008 3539; baseline -0.001 -21"><span class='ocrx_word' id='word_1_268' title='bbox 263 3453 306 3518; x_wconf 89' lang='lat' dir='ltr'><strong>ad</strong></span> <span class='ocrx_word' id='word_1_269' title='bbox 320 3452 380 3518; x_wconf 88' lang='lat' dir='ltr'><strong>hoe</strong></span> <span class='ocrx_word' id='word_1_270' title='bbox 394 3452 585 3539; x_wconf 86' lang='lat' dir='ltr'><strong>respondere</strong></span> <span class='ocrx_word' id='word_1_271' title='bbox 601 3459 635 3517; x_wconf 91' lang='lat' dir='ltr'><strong>et</strong></span> <span class='ocrx_word' id='word_1_272' title='bbox 649 3452 722 3517; x_wconf 92' lang='lat' dir='ltr'><strong>ideo</strong></span> <span class='ocrx_word' id='word_1_273' title='bbox 736 3453 889 3538; x_wconf 88' lang='lat' dir='ltr'><strong>procedat</strong></span> <span class='ocrx_word' id='word_1_274' title='bbox 903 3452 1008 3517; x_wconf 86' lang='lat' dir='ltr'><strong>assisa</strong></span> 
     </span>
    </p>

    <p class='ocr_par' dir='ltr' id='par_1_7' title="bbox 263 3554 1372 4057">
     <span class='ocr_line' id='line_1_30' title="bbox 328 3554 1372 3641; baseline 0 -20"><span class='ocrx_word' id='word_1_275' title='bbox 328 3556 497 3621; x_wconf 70' lang='lat' dir='ltr'><strong>«iuratores</strong></span> <span class='ocrx_word' id='word_1_276' title='bbox 517 3554 630 3619; x_wconf 91' lang='lat' dir='ltr'><strong>dicunt</strong></span> <span class='ocrx_word' id='word_1_277' title='bbox 648 3554 734 3641; x_wconf 91' lang='lat' dir='ltr'><strong>quod</strong></span> <span class='ocrx_word' id='word_1_278' title='bbox 754 3554 919 3640; x_wconf 89' lang='lat' dir='ltr'><strong>predictus</strong></span> <span class='ocrx_word' id='word_1_279' title='bbox 940 3555 1053 3620; x_wconf 86' lang='lat' dir='ltr'><strong>Simon</strong></span> <span class='ocrx_word' id='word_1_280' title='bbox 1072 3555 1121 3619; x_wconf 87' lang='lat' dir='ltr'><strong>ita</strong></span> <span class='ocrx_word' id='word_1_281' title='bbox 1140 3555 1222 3620; x_wconf 91' lang='lat' dir='ltr'><strong>obiit</strong></span> <span class='ocrx_word' id='word_1_282' title='bbox 1241 3556 1372 3621; x_wconf 80' lang='lat' dir='ltr'><strong>saisitus</strong></span> 
     </span>
     <span class='ocr_line' id='line_1_31' title="bbox 263 3655 1372 3743; baseline 0 -19"><span class='ocrx_word' id='word_1_283' title='bbox 263 3660 349 3724; x_wconf 88' lang='lat' dir='ltr'><strong>sieut</strong></span> <span class='ocrx_word' id='word_1_284' title='bbox 374 3659 473 3723; x_wconf 89' lang='lat' dir='ltr'><strong>breue</strong></span> <span class='ocrx_word' id='word_1_285' title='bbox 499 3656 580 3721; x_wconf 89' lang='lat' dir='ltr'><strong>dicit</strong></span> <span class='ocrx_word' id='word_1_286' title='bbox 606 3665 641 3721; x_wconf 90' lang='lat' dir='ltr'><strong>et</strong></span> <span class='ocrx_word' id='word_1_287' title='bbox 664 3655 750 3743; x_wconf 91' lang='lat' dir='ltr'><strong>quod</strong></span> <span class='ocrx_word' id='word_1_288' title='bbox 776 3657 934 3722; x_wconf 84' lang='lat' dir='ltr'><strong>Ricardus</strong></span> <span class='ocrx_word' id='word_1_289' title='bbox 963 3666 1013 3721; x_wconf 90' lang='lat' dir='ltr'><strong>est</strong></span> <span class='ocrx_word' id='word_1_290' title='bbox 1041 3658 1251 3743; x_wconf 86' lang='lat' dir='ltr'><strong>propinquior</strong></span> <span class='ocrx_word' id='word_1_291' title='bbox 1279 3658 1372 3727; x_wconf 81' lang='lat' dir='ltr'><strong>beros</strong></span> 
     </span>
     <span class='ocr_line' id='line_1_32' title="bbox 264 3760 1372 3848; baseline -0.001 -18"><span class='ocrx_word' id='word_1_292' title='bbox 264 3764 410 3831; x_wconf 89' lang='lat' dir='ltr'><strong>eiusdem</strong></span> <span class='ocrx_word' id='word_1_293' title='bbox 425 3772 511 3827; x_wconf 86' lang='lat' dir='ltr'><strong>terra</strong></span> <span class='ocrx_word' id='word_1_294' title='bbox 525 3763 582 3827; x_wconf 89' lang='lat' dir='ltr'><strong>illa</strong></span> <span class='ocrx_word' id='word_1_295' title='bbox 601 3760 714 3847; x_wconf 78' lang='lat' dir='ltr'><strong>quam³</strong></span> <span class='ocrx_word' id='word_1_296' title='bbox 732 3762 889 3827; x_wconf 81' lang='lat' dir='ltr'><strong>Gunnora</strong></span> <span class='ocrx_word' id='word_1_297' title='bbox 910 3762 1018 3826; x_wconf 90' lang='lat' dir='ltr'><strong>tenuit</strong></span> <span class='ocrx_word' id='word_1_298' title='bbox 1040 3763 1127 3827; x_wconf 91' lang='lat' dir='ltr'><strong>unde</strong></span> <span class='ocrx_word' id='word_1_299' title='bbox 1149 3763 1219 3848; x_wconf 89' lang='lat' dir='ltr'><strong>ipsa</strong></span> <span class='ocrx_word' id='word_1_300' title='bbox 1240 3763 1372 3829; x_wconf 86' lang='lat' dir='ltr'><strong>uocauit</strong></span> 
     </span>
     <span class='ocr_line' id='line_1_33' title="bbox 263 3866 1370 3953; baseline -0.001 -20"><span class='ocrx_word' id='word_1_301' title='bbox 263 3868 306 3933; x_wconf 86' lang='lat' dir='ltr'><strong>ad</strong></span> <span class='ocrx_word' id='word_1_302' title='bbox 334 3876 514 3932; x_wconf 83' lang='lat' dir='ltr'><strong>warantum</strong></span> <span class='ocrx_word' id='word_1_303' title='bbox 544 3866 651 3951; x_wconf 91' lang='lat' dir='ltr'><strong>ipsum</strong></span> <span class='ocrx_word' id='word_1_304' title='bbox 681 3866 857 3930; x_wconf 82' lang='lat' dir='ltr'><strong>Ricardum</strong></span> <span class='ocrx_word' id='word_1_305' title='bbox 885 3866 956 3931; x_wconf 89' lang='lat' dir='ltr'><strong>siue</strong></span> <span class='ocrx_word' id='word_1_306' title='bbox 984 3866 1032 3930; x_wconf 91' lang='lat' dir='ltr'><strong>ibi</strong></span> <span class='ocrx_word' id='word_1_307' title='bbox 1066 3866 1165 3931; x_wconf 86' lang='lat' dir='ltr'><strong>fuerit</strong></span> <span class='ocrx_word' id='word_1_308' title='bbox 1199 3868 1370 3953; x_wconf 86' lang='lat' dir='ltr'><strong>plusquam</strong></span> 
     </span>
     <span class='ocr_line' id='line_1_34' title="bbox 264 3970 757 4057; baseline -0.01 -19"><span class='ocrx_word' id='word_1_309' title='bbox 264 3972 400 4037; x_wconf 88' lang='lat' dir='ltr'><strong>dimidia</strong></span> <span class='ocrx_word' id='word_1_310' title='bbox 414 3972 543 4057; x_wconf 85' lang='lat' dir='ltr'><strong>uirgata</strong></span> <span class='ocrx_word' id='word_1_311' title='bbox 557 3970 627 4035; x_wconf 88' lang='lat' dir='ltr'><strong>siue</strong></span> <span class='ocrx_word' id='word_1_312' title='bbox 642 3970 757 4034; x_wconf 92' lang='lat' dir='ltr'><strong>minus.</strong></span> 
     </span>
    </p>

    <p class='ocr_par' dir='ltr' id='par_1_8' title="bbox 263 4059 1456 4264">
     <span class='ocr_line' id='line_1_35' title="bbox 329 4059 1456 4160; baseline 0 -21"><span class='ocrx_word' id='word_1_313' title='bbox 329 4075 441 4139; x_wconf 88' lang='lat' dir='ltr'><strong>Assisa</strong></span> <span class='ocrx_word' id='word_1_314' title='bbox 451 4059 547 4139; x_wconf 84' lang='lat' dir='ltr'><strong>¹uenit</strong></span> <span class='ocrx_word' id='word_1_315' title='bbox 567 4074 771 4159; x_wconf 81' lang='lat' dir='ltr'><strong>recognitum</strong></span> <span class='ocrx_word' id='word_1_316' title='bbox 790 4074 818 4138; x_wconf 91' lang='lat' dir='ltr'><strong>si</strong></span> <span class='ocrx_word' id='word_1_317' title='bbox 833 4071 1116 4139; x_wconf 66' lang='lat' dir='ltr'><strong>Robertus&#39;Faber</strong></span> <span class='ocrx_word' id='word_1_318' title='bbox 1128 4083 1223 4160; x_wconf 87' lang='lat' dir='ltr'><strong>pater</strong></span> <span class='ocrx_word' id='word_1_319' title='bbox 1236 4074 1372 4139; x_wconf 86' lang='lat' dir='ltr'><strong>Roberti</strong></span> <span class='ocrx_word' id='word_1_320' title='bbox 1442 4108 1456 4139; x_wconf 76' lang='grc' dir='ltr'><strong>ο</strong></span> 
     </span>
     <span class='ocr_line' id='line_1_36' title="bbox 263 4176 1371 4264; baseline -0.002 -20"><span class='ocrx_word' id='word_1_321' title='bbox 263 4180 328 4244; x_wconf 85' lang='lat' dir='ltr'><strong>fuit</strong></span> <span class='ocrx_word' id='word_1_322' title='bbox 341 4179 473 4243; x_wconf 79' lang='lat' dir='ltr'><strong>saisitus</strong></span> <span class='ocrx_word' id='word_1_323' title='bbox 487 4178 523 4241; x_wconf 91' lang='lat' dir='ltr'><strong>in</strong></span> <span class='ocrx_word' id='word_1_324' title='bbox 536 4176 697 4241; x_wconf 89' lang='lat' dir='ltr'><strong>dominico</strong></span> <span class='ocrx_word' id='word_1_325' title='bbox 711 4198 769 4241; x_wconf 85' lang='lat' dir='ltr'><strong>suo</strong></span> <span class='ocrx_word' id='word_1_326' title='bbox 785 4186 824 4241; x_wconf 92' lang='lat' dir='ltr'><strong>ut</strong></span> <span class='ocrx_word' id='word_1_327' title='bbox 839 4177 880 4242; x_wconf 90' lang='lat' dir='ltr'><strong>de</strong></span> <span class='ocrx_word' id='word_1_328' title='bbox 895 4178 988 4243; x_wconf 88' lang='lat' dir='ltr'><strong>feodo</strong></span> <span class='ocrx_word' id='word_1_329' title='bbox 1002 4177 1043 4243; x_wconf 89' lang='lat' dir='ltr'><strong>de</strong></span> <span class='ocrx_word' id='word_1_330' title='bbox 1058 4178 1116 4264; x_wconf 90' lang='lat' dir='ltr'><strong>iiij</strong></span> <span class='ocrx_word' id='word_1_331' title='bbox 1131 4177 1269 4263; x_wconf 87' lang='lat' dir='ltr'><strong>uirgatis</strong></span> <span class='ocrx_word' id='word_1_332' title='bbox 1287 4187 1371 4242; x_wconf 90' lang='lat' dir='ltr'><strong>terre</strong></span> 
     </span>
    </p>
   </div>
   <div class='ocr_carea' id='block_1_5' title="bbox 261 4316 1372 4579">
    <p class='ocr_par' dir='ltr' id='par_1_9' title="bbox 261 4316 1372 4579">
     <span class='ocr_line' id='line_1_37' title="bbox 295 4316 1371 4383; baseline -0.002 -15"><span class='ocrx_word' id='word_1_333' title='bbox 295 4318 379 4368; x_wconf 79' lang='lat' dir='ltr'><strong>¹The</strong></span> <span class='ocrx_word' id='word_1_334' title='bbox 395 4317 497 4380; x_wconf 80' lang='lat' dir='ltr'><strong>general</strong></span> <span class='ocrx_word' id='word_1_335' title='bbox 514 4316 631 4367; x_wconf 86' lang='lat' dir='ltr'><strong>doctrina</strong></span> <span class='ocrx_word' id='word_1_336' title='bbox 654 4317 711 4367; x_wconf 86' lang='lat' dir='ltr'><strong>that</strong></span> <span class='ocrx_word' id='word_1_337' title='bbox 733 4318 792 4381; x_wconf 86' lang='lat' dir='ltr'><strong>plea</strong></span> <span class='ocrx_word' id='word_1_338' title='bbox 875 4318 958 4368; x_wconf 73' lang='lat' dir='ltr'><strong>’The</strong></span> <span class='ocrx_word' id='word_1_339' title='bbox 968 4318 1103 4383; x_wconf 84' lang='lat' dir='ltr'><strong>yardlaud,</strong></span> <span class='ocrx_word' id='word_1_340' title='bbox 1114 4317 1221 4380; x_wconf 74' lang='lat' dir='ltr'><strong>virgata,</strong></span> <span class='ocrx_word' id='word_1_341' title='bbox 1231 4317 1255 4367; x_wconf 90' lang='lat' dir='ltr'><strong>is</strong></span> <span class='ocrx_word' id='word_1_342' title='bbox 1266 4320 1371 4367; x_wconf 81' lang='lat' dir='ltr'><strong>soatter·</strong></span> 
     </span>
     <span class='ocr_line' id='line_1_38' title="bbox 262 4382 1208 4438; baseline -0.001 -5"><span class='ocrx_word' id='word_1_343' title='bbox 262 4386 291 4433; x_wconf 77' lang='lat' dir='ltr'><strong>ot</strong></span> <span class='ocrx_word' id='word_1_344' title='bbox 304 4388 462 4434; x_wconf 82' lang='lat' dir='ltr'><strong>non-tenura</strong></span> <span class='ocrx_word' id='word_1_345' title='bbox 477 4383 530 4430; x_wconf 82' lang='lat' dir='ltr'><strong>will</strong></span> <span class='ocrx_word' id='word_1_346' title='bbox 546 4382 622 4431; x_wconf 85' lang='lat' dir='ltr'><strong>abate</strong></span> <span class='ocrx_word' id='word_1_347' title='bbox 638 4382 683 4432; x_wconf 87' lang='lat' dir='ltr'><strong>tha</strong></span> <span class='ocrx_word' id='word_1_348' title='bbox 694 4383 752 4433; x_wconf 78' lang='lat' dir='ltr'><strong>urit</strong></span> <span class='ocrx_word' id='word_1_349' title='bbox 768 4383 792 4432; x_wconf 86' lang='lat' dir='ltr'><strong>is</strong></span> <span class='ocrx_word' id='word_1_350' title='bbox 843 4383 875 4433; x_wconf 87' lang='lat' dir='ltr'><strong>sd</strong></span> <span class='ocrx_word' id='word_1_351' title='bbox 886 4382 966 4438; x_wconf 80' lang='lat' dir='ltr'><strong>about</strong></span> <span class='ocrx_word' id='word_1_352' title='bbox 975 4384 1005 4433; x_wconf 91' lang='lat' dir='ltr'><strong>in</strong></span> <span class='ocrx_word' id='word_1_353' title='bbox 1016 4384 1113 4434; x_wconf 82' lang='lat' dir='ltr'><strong>several</strong></span> <span class='ocrx_word' id='word_1_354' title='bbox 1124 4384 1208 4433; x_wconf 82' lang='lat' dir='ltr'><strong>flalds.</strong></span> 
     </span>
     <span class='ocr_line' id='line_1_39' title="bbox 263 4448 1372 4499; baseline -0.002 -1"><span class='ocrx_word' id='word_1_355' title='bbox 263 4449 344 4499; x_wconf 75' lang='lat' dir='ltr'><strong>found</strong></span> <span class='ocrx_word' id='word_1_356' title='bbox 356 4448 385 4497; x_wconf 92' lang='lat' dir='ltr'><strong>in</strong></span> <span class='ocrx_word' id='word_1_357' title='bbox 401 4448 443 4498; x_wconf 86' lang='lat' dir='ltr'><strong>Br.</strong></span> <span class='ocrx_word' id='word_1_358' title='bbox 461 4448 480 4495; x_wconf 80' lang='lat' dir='ltr'><strong>f.</strong></span> <span class='ocrx_word' id='word_1_359' title='bbox 495 4448 544 4497; x_wconf 74' lang='grc'><strong>266</strong></span> <span class='ocrx_word' id='word_1_360' title='bbox 555 4448 666 4497; x_wconf 81' lang='lat' dir='ltr'><strong>without</strong></span> <span class='ocrx_word' id='word_1_361' title='bbox 682 4448 735 4497; x_wconf 88' lang='lat' dir='ltr'><strong>this</strong></span> <span class='ocrx_word' id='word_1_362' title='bbox 751 4463 791 4497; x_wconf 87' lang='lat' dir='ltr'><strong>ex·</strong></span> <span class='ocrx_word' id='word_1_363' title='bbox 875 4448 974 4499; x_wconf 70' lang='lat' dir='ltr'><strong>&#39;Gom</strong></span> <span class='ocrx_word' id='word_1_364' title='bbox 991 4452 1099 4499; x_wconf 70' lang='lat' dir='ltr'><strong>cirum·</strong></span> <span class='ocrx_word' id='word_1_365' title='bbox 1123 4450 1231 4499; x_wconf 74' lang='lat' dir='ltr'><strong>Statonia</strong></span> <span class='ocrx_word' id='word_1_366' title='bbox 1253 4449 1284 4497; x_wconf 81' lang='lat' dir='ltr'><strong>de</strong></span> <span class='ocrx_word' id='word_1_367' title='bbox 1304 4454 1372 4496; x_wconf 78' lang='lat' dir='ltr'><strong>terro</strong></span> 
     </span>
     <span class='ocr_line' id='line_1_40' title="bbox 261 4511 1031 4579; baseline -0.004 -14"><span class='ocrx_word' id='word_1_368' title='bbox 261 4515 365 4578; x_wconf 78' lang='lat' dir='ltr'><strong>ception</strong></span> <span class='ocrx_word' id='word_1_369' title='bbox 377 4513 405 4562; x_wconf 93' lang='lat' dir='ltr'><strong>in</strong></span> <span class='ocrx_word' id='word_1_370' title='bbox 419 4514 510 4562; x_wconf 80' lang='lat' dir='ltr'><strong>favour</strong></span> <span class='ocrx_word' id='word_1_371' title='bbox 521 4513 550 4562; x_wconf 79' lang='lat' dir='ltr'><strong>oi</strong></span> <span class='ocrx_word' id='word_1_372' title='bbox 559 4511 667 4563; x_wconf 71' lang='lat' dir='ltr'><strong>intents.</strong></span> <span class='ocrx_word' id='word_1_373' title='bbox 844 4516 892 4563; x_wconf 72' lang='lat' dir='ltr'><strong>itta</strong></span> <span class='ocrx_word' id='word_1_374' title='bbox 904 4530 979 4579; x_wconf 74' lang='lat' dir='ltr'><strong>quom</strong></span> <span class='ocrx_word' id='word_1_375' title='bbox 991 4513 1031 4579; x_wconf 76' lang='lat' dir='ltr'><strong>(t).</strong></span> 
     </span>
    </p>
   </div>
   <div class='ocr_carea' id='block_1_6' title="bbox 0 0 1679 5217">
    <p class='ocr_par' dir='ltr' id='par_1_10' title="bbox 0 0 1679 5217">
     <span class='ocr_line' id='line_1_41' title="bbox 0 0 1679 5217; baseline 0 0"><span class='ocrx_word' id='word_1_376' title='bbox 0 0 1679 5217; x_wconf 95' lang='lat' dir='ltr'><strong> </strong></span> 
     </span>
    </p>
   </div>
  </div>
 </body>
</html>
