3342 5217
560 323 701 388 nrum,
724 321 789 372 an.
814 309 908 382 1231,
928 321 993 371 na
1016 310 1067 371 16.
1295 312 1359 378 379

257 494 445 582 dicitquod
466 496 608 562 incertus
630 505 680 562 est
699 496 728 562 si
745 495 819 560 finis
841 496 945 560 factus
964 495 1028 560 fuit
1043 496 1097 561 uel
1111 518 1183 562 non
1228 497 1273 562 Et
1286 499 1360 565 ideo

258 598 505 668 Consideratum
534 609 584 667 ost
613 599 700 688 quod
729 599 819 665 Prior
847 599 1052 685 recuperauit
1085 602 1359 686 presentaeionem
1371 601 1523 696 ffiffi‘„

257 727 348 770 suam
369 705 410 770 ad
432 707 568 772 eandem
590 705 756 771 ecclesiam
780 712 815 770 et
837 704 957 768 habeat
978 703 1078 770 breue
1100 704 1142 770 ad
1164 705 1358 793 Episcopum
1371 697 1509 784 wll„

256 809 441 876 Roffensem
464 810 551 898 quod
573 833 638 876 non
661 810 811 875 obstante
835 816 897 874 etc
918 819 954 873 et
975 809 1159 874 Willelmus
1179 809 1215 874 in
1235 811 1358 877 miseri-
1370 790 1471 885 iila'ffu'

256 913 370 978 cordia

320 1017 472 1082 Decanus
490 1025 525 1084 et
545 1017 735 1105 Capitulum
751 1017 784 1082 S.
802 1015 897 1081 Pauli
918 1015 1084 1082 Londonie
1105 1026 1225 1104 petunt
1246 1042 1360 1086 uersus
1413 1024 1479 1066 Μ

256 1119 421 1185 'ferricum
437 1119 477 1185 de
492 1120 654 1207 Aldegate
669 1119 756 1205 quod
773 1119 871 1184 faciat
886 1119 934 1184 eis
947 1121 1198 1188 consuetudines
1216 1131 1251 1188 et
1270 1133 1360 1190 recta

256 1223 392 1290 seruicia
406 1247 469 1311 que
484 1223 531 1290 eis
545 1224 649 1290 facere
664 1223 762 1288 debet
777 1223 817 1288 de
834 1223 934 1289 libero
953 1232 1142 1290 tenemento
1155 1227 1242 1312 quod
1256 1226 1297 1292 de
1311 1228 1359 1294 eis

256 1337 348 1395 tenet
369 1329 405 1393 in
419 1328 618 1416 Wappinges
640 1336 679 1392 ut
700 1327 736 1392 in
757 1328 939 1394 redditibus
960 1329 1129 1416 arreragiis
1148 1339 1183 1395 et
1202 1332 1275 1396 aliis
1288 1341 1359 1412 eta,

255 1441 290 1498 et
314 1432 402 1497 unde
427 1431 490 1517 ipsi
515 1432 666 1496 Deeanus
692 1439 726 1496 ct
749 1430 940 1516 Capitulum
962 1441 1145 1516 queruntur
1165 1434 1251 1519 quod
1272 1434 1319 1500 eis
1338 1457 1360 1500 a

255 1545 341 1602 retro
354 1545 433 1602 sunt
446 1558 474 1600 v.
490 1557 595 1600 marce
611 1533 651 1600 de
666 1533 797 1599 redditu
817 1535 915 1600 unius
933 1535 1111 1600 molendini
1131 1559 1229 1623 super
1249 1538 1358 1603 Tami-

255 1640 335 1706 siam
351 1649 422 1718 eta,
440 1647 475 1704 et
496 1648 644 1726 preterea
665 1638 751 1725 quod
772 1638 842 1725 ipse
864 1638 1012 1724 permisit
1032 1640 1253 1706 molendinum
1274 1643 1358 1709 illud

254 1744 402 1810 decidere
417 1752 451 1810 et
466 1744 551 1830 quod
569 1742 731 1808 obstruxit
750 1743 906 1807 fossatum
924 1743 1102 1808 molendini
1121 1743 1208 1810 illins
1222 1753 1258 1811 et
1271 1748 1358 1832 quod

253 1849 434 1934 asportauit
456 1849 687 1914 ferramentum
707 1855 742 1912 et
763 1846 887 1933 lapides
906 1847 995 1912 illius
1014 1847 1191 1914 molendini
1209 1849 1258 1916 ita
1271 1852 1359 1937 quod

253 1950 442 2016 deteriorati
456 1959 533 2016 sunt
554 1959 588 2016 et
607 1951 786 2038 dampnum
806 1950 930 2016 habent
948 1951 992 2016 ad
1011 1951 1190 2018 ualenciam
1205 1955 1245 2020 xl
1261 1979 1356 2022 marc

254 2054 332 2141 quia
345 2076 403 2140 pro
417 2055 547 2120 defectu
561 2055 649 2120 illius
663 2061 791 2141 oportet
808 2076 863 2119 eos
877 2053 957 2119 alibi
970 2053 1018 2118 ire
1031 2054 1074 2119 ad
1087 2078 1239 2144 magnam
1253 2058 1359 2125 iactu-

253 2181 323 2224 ram
337 2160 479 2245 ipsorum
495 2168 529 2224 et
540 2159 600 2224 hoc
615 2159 754 2224 offerunt
768 2165 829 2224 etc.

320 2264 365 2329 Et
386 2263 533 2328 Terricus
555 2263 647 2328 uenit
667 2271 702 2328 et
722 2261 870 2328 defendit
889 2261 958 2327 uim
979 2270 1014 2327 et
1028 2262 1180 2329 iniuriam
1194 2275 1229 2331 et
1244 2267 1356 2354 damp-

254 2390 333 2432 num
348 2377 383 2433 et
398 2376 505 2432 totum
520 2375 555 2432 et
569 2389 683 2432 uerum
704 2367 778 2432 uult
798 2365 903 2432 dicere
923 2366 1011 2452 quod
1031 2367 1101 2453 ipsc
1122 2391 1236 2435 reuera
1256 2371 1358 2438 habet

253 2471 294 2536 de
321 2469 520 2535 concessione
550 2469 675 2534 Decani
700 2477 734 2536 et
763 2469 909 2555 Capituli
933 2469 965 2534 S.
990 2470 1084 2535 Pauli
1109 2471 1273 2539 Londonie
1298 2497 1357 2561 per

253 2583 375 2640 cartam
390 2574 532 2661 ipsorum
547 2571 656 2638 aedem
672 2573 838 2638 cuiusdam
853 2574 1030 2639 molendini
1041 2597 1104 2661 que
1116 2576 1207 2642 sedes
1222 2587 1357 2643 uocatur

253 2680 461 2767 Wappinges,
475 2678 533 2744 ubi
548 2678 616 2764 ipse
631 2677 701 2742 fieri
716 2678 792 2743 fecit
812 2678 973 2764 quoddam
996 2679 1216 2745 molendinum
1236 2681 1277 2748 de
1292 2706 1356 2769 quo

253 2783 437 2849 molendino
456 2783 525 2868 ipse
545 2791 580 2848 et
600 2782 735 2848 heredes
755 2783 807 2847 sui
823 2782 945 2847 debent
959 2782 1095 2868 singulis
1108 2785 1202 2849 annis
1216 2808 1243 2850 v.
1259 2809 1355 2855 marc.

252 2888 295 2953 ad
324 2887 478 2952 terminos
506 2893 646 2952 statutos
675 2885 796 2951 eisdem
826 2887 958 2951 Decano
982 2895 1018 2952 et
1044 2887 1204 2974 Cupitum,
1229 2899 1264 2954 et
1293 2891 1356 2977 ipsi

252 2990 403 3054 Deeanus
422 2997 457 3053 et
478 2987 667 3073 Capitulum
686 3010 745 3074 per
766 2998 888 3054 cartam
910 3011 1002 3054 suam
1024 3001 1248 3057 concesserunt
1269 2995 1356 3080 quod

253 3091 373 3156 hoient
399 3098 520 3156 sectam
549 3091 592 3156 ad
620 3091 843 3156 molendinum
871 3092 955 3157 illud
983 3093 1025 3158 de
1050 3093 1145 3158 blado
1176 3098 1356 3163 communia

253 3193 383 3279 pistrini
403 3193 546 3279 ipsorum
568 3193 738 3271 moliendo,
752 3201 787 3258 et
806 3194 893 3258 unde
913 3194 982 3279 ipse
1001 3193 1082 3260 dicit
1101 3197 1188 3281 quod
1207 3197 1270 3284 ipsi
1288 3200 1355 3265 De-

253 3321 352 3364 oanus
378 3306 413 3362 et
438 3297 627 3383 Capitulum
657 3320 721 3362 non
750 3298 896 3362 fecerunt
920 3306 1042 3362 sectam
1067 3299 1110 3364 ad
1134 3301 1355 3369 molendinum

253 3399 335 3466 illud
349 3410 385 3466 et
395 3399 482 3486 quod
496 3400 726 3466 subtraxerunt
741 3402 914 3465 molturam
929 3410 1061 3487 propter
1075 3404 1161 3489 quod
1171 3427 1236 3469 non
1246 3415 1355 3491 potest

253 3503 417 3569 redditum
431 3503 515 3568 illud
528 3504 661 3570 reddere
676 3513 711 3570 et
725 3504 753 3570 si
766 3505 891 3592 aliquid
907 3505 948 3570 de
963 3507 1093 3572 redditu
1107 3508 1163 3573 illo
1177 3531 1198 3574 a
1211 3519 1297 3576 retro
1311 3511 1355 3578 sit

253 3608 314 3674 hoo
327 3616 395 3672 stat
409 3629 468 3694 per
481 3629 535 3672 eos
549 3616 584 3672 et
598 3631 663 3672 non
682 3630 741 3694 per
760 3608 874 3694 ipsum.
920 3609 1073 3675 Preterea
1093 3611 1192 3676 dicit¹
1214 3613 1355 3680 ministri

252 3711 394 3797 ipsorum
409 3711 533 3776 Decani
548 3717 582 3775 et
598 3711 743 3797 Capituli
757 3713 989 3778 ferramentum
1003 3724 1252 3801 asportauerunt
1266 3718 1355 3785 illius
1410 3791 1415 3798 ,

252 3814 429 3879 molendini
449 3822 483 3879 et
503 3813 589 3901 quod
610 3815 673 3901 ipsi
693 3816 861 3902 fregerunt
881 3818 1000 3882 molam
1021 3818 1204 3885 inferiorem
1218 3829 1254 3886 et
1268 3824 1355 3908 quod
1417 3867 1422 3874 -

252 3921 300 3985 ita
314 3919 358 3985 sit
372 3920 465 3984 offert
479 3927 538 3984 etc

316 4023 361 4088 Et
375 4023 526 4089 Decanus
540 4031 575 4088 et
596 4022 786 4110 Capitulum
806 4023 920 4089 dicunt
939 4025 1025 4110 quod
1046 4048 1111 4090 non
1132 4035 1199 4093 stat
1220 4052 1279 4116 per
1299 4053 1354 4098 eos

251 4127 328 4214 quia
350 4127 535 4192 continetur
559 4126 595 4191 in
617 4135 707 4192 carta
732 4149 829 4213 quam
855 4128 924 4213 ipse
950 4129 1097 4195 Tetricus
1121 4133 1241 4218 profert·
1266 4137 1352 4221 quod

250 4229 404 4316 quamdiu
422 4229 509 4294 idern
530 4227 678 4294 'ferricus
691 4228 738 4294 eis
752 4229 834 4294 bene
850 4239 885 4294 et
898 4231 1039 4297 fideliter
1057 4233 1193 4300 seruiret
1207 4235 1242 4299 in
1256 4237 1351 4305 blado
1375 4263 1381 4274 ·

698 4355 706 4388 ¹
724 4355 823 4419 Supply
834 4359 908 4419 quod
