3342 5217
510 294 648 355 unsrun,
671 293 734 344 nn.
762 280 855 357 1231,
877 296 939 345 sn
965 283 1014 345 15.
1247 280 1312 350 417

205 469 317 535 uenit¹
340 478 375 535 ct
396 470 525 557 quando
548 472 630 537 latro
653 472 751 537 fuerit
773 472 821 537 ibi
842 471 1043 538 iudicandus.
1086 470 1138 537 De
1160 494 1216 537 sex
1237 471 1309 538 den

203 574 285 639 dicit
314 574 400 660 quod
429 597 494 639 non
523 574 627 661 exigit
653 596 707 639 cos
732 574 860 640 racione
889 574 1029 662 predicti
1053 575 1235 640 tenementi
1260 584 1312 640 set

203 686 291 743 terra
312 676 370 743 ille
390 678 472 743 solet
494 678 631 765 singulis
652 677 746 743 annis
768 679 902 744 reddere
924 678 964 765 vj.
980 678 1053 745 den.
1075 678 1205 744 nomine
1227 678 1310 743 hun-

203 780 372 847 drcdcscot
396 781 440 847 ed
464 781 591 847 firmem
620 782 715 849 Dom„
741 782 851 870 Regis,
872 791 909 848 et
937 783 1030 849 Dom
1053 782 1125 848 Rex
1153 782 1312 847 concessit

202 884 235 950 oi
263 884 442 971 predictam
472 885 607 964 firmam,
636 884 724 950 unde
753 892 788 950 et
817 908 859 951 cc
885 885 1013 951 racione
1037 885 1124 972 petit
1149 884 1311 971 predictos

202 989 350 1055 denarios
384 997 419 1055 et
447 1013 513 1055 non
546 990 611 1055 elio
644 989 748 1069 modo,
778 998 813 1055 et
846 990 931 1056 bene
965 990 1045 1056 dicit
1080 988 1166 1076 quod
1201 989 1309 1076 ipsum

201 1094 385 1180 cquietebit
405 1093 447 1159 de
471 1094 532 1159 hoc
554 1116 631 1181 erga
652 1093 746 1160 Dom.
766 1094 900 1182 Regem
945 1095 989 1160 Et
1010 1094 1088 1181 quic
1108 1094 1231 1180 precise
1252 1093 1308 1159 de-

202 1196 307 1261 fendit
332 1197 419 1284 quod
444 1220 509 1264 non
534 1196 702 1285 distringit
731 1220 808 1264 eum
833 1196 898 1263 nisi
922 1220 981 1285 pro
1008 1196 1196 1263 racionabili
1219 1206 1310 1263 secte

200 1309 237 1367 et
258 1301 345 1388 quod
366 1302 474 1389 ipsum
496 1324 562 1367 non
581 1301 728 1388 impedit,
744 1300 993 1367 Considerctum
1014 1309 1066 1365 est
1088 1300 1174 1387 quod
1195 1300 1309 1366 ucdiet

201 1404 307 1492 legem
326 1428 361 1471 se
383 1405 436 1492 xij.
458 1429 558 1471 manu
580 1414 614 1472 εὴ
638 1406 749 1471 ueniat
771 1414 841 1485 etc,
856 1413 891 1470 et
913 1405 1027 1471 Simon
1048 1404 1164 1470 reddat
1185 1405 1216 1471 ei
1235 1427 1309 1491 pre·

199 1508 304 1575 dictos
324 1508 364 1595 vj.
381 1508 453 1575 den.
473 1509 501 1575 si
523 1510 592 1596 ipse
608 1532 684 1574 cum
704 1508 923 1596 equietcuerit
945 1531 1058 1573 uersus
1071 1508 1166 1573 Dom.
1182 1509 1307 1596 Regem

201 1620 262 1679 etc.

139 1768 147 1784 .
266 1714 359 1782 Dom.
376 1716 447 1782 Rex
462 1716 632 1784 mandauit
646 1717 832 1783 iusticiariis
846 1739 905 1804 per
918 1716 1019 1783 breue
1033 1739 1130 1783 suum
1145 1717 1231 1804 quod
1247 1718 1309 1785 Ele

201 1818 376 1887 comitisse
395 1822 581 1889 Sunisbirie
602 1823 711 1909 posuit
729 1824 797 1889 loco
811 1845 870 1887 suo
884 1845 992 1887 coram
1006 1845 1045 1888 eo
1058 1822 1101 1887 cd
1116 1822 1308 1889 lucrandum

198 1926 254 1991 uel
268 1926 470 2013 perdendum
483 1926 507 1991 J
507 1927 668 1993 ohannem
683 1927 714 1992 le
725 1927 858 2013 Doneys
872 1934 907 1991 et
922 1926 1101 1991 Henricum
1116 1926 1157 1991 de
1172 1926 1307 1992 Alboni-

197 2050 256 2093 aco
271 2028 306 2093 in
321 2029 451 2115 loquela
463 2052 527 2116 que
543 2037 593 2095 est
607 2052 713 2095 coram
729 2030 776 2095 eis
790 2051 850 2115 per
865 2028 966 2093 breue
985 2051 1082 2094 suum
1102 2029 1188 2094 inter
1202 2028 1306 2115 ipsam
1402 2081 1406 2089 .

198 2130 407 2197 comitissam
429 2140 597 2219 petentem
617 2140 652 2198 et
672 2133 847 2219 Hugoncm
863 2131 904 2196 dc
918 2131 1068 2197 Vallibus
1082 2140 1251 2198 tenentem
1265 2132 1307 2197 de

198 2256 228 2297 x.
255 2233 309 2298 lib.
336 2243 422 2299 terre
451 2257 526 2299 cum
555 2244 636 2321 pert
663 2234 698 2299 in
725 2233 925 2300 Kenefordic
952 2233 987 2298 in
1016 2256 1095 2299 com
1118 2235 1245 2300 Dorset.
1272 2243 1307 2299 et

199 2338 235 2402 in
261 2337 390 2424 loquela
414 2361 477 2425 qus
503 2347 554 2403 est
580 2338 795 2425 interipsum
823 2338 1029 2404 Comitissam
1058 2347 1093 2403 et
1122 2339 1306 2406 dohannem

199 2440 406 2506 Mcutreuers
433 2440 475 2506 de
504 2442 652 2507 custodie
676 2449 761 2507 terre
787 2449 822 2506 et
848 2441 976 2506 heredis
1001 2442 1146 2529 Philippi
1170 2442 1212 2508 de
1236 2444 1307 2529 Gay

197 2546 234 2611 in
248 2568 328 2613 com.
348 2545 438 2612 wilt
460 2554 520 2613 etc
543 2555 577 2612 et
599 2547 627 2611 si
648 2546 744 2612 ambo
765 2570 831 2612 non
852 2554 988 2633 possunt
1009 2547 1102 2633 sequi
1123 2555 1203 2614 tunc
1224 2548 1308 2614 alter

198 2656 361 2736 sequatur.

137 2800 144 2813 .
265 2752 425 2817 Radulfus
438 2751 481 2817 de
495 2752 650 2817 Pesehale
666 2752 759 2816 uenit
778 2775 885 2817 coram
905 2752 1091 2817 iusticiariis
1105 2760 1139 2817 ct
1153 2753 1307 2840 cognouit

198 2864 321 2923 cartam
337 2879 430 2923 susm
445 2866 481 2923 et
494 2857 615 2922 donum
630 2856 717 2943 quod
732 2856 809 2922 fecit
824 2857 951 2942 Rogero
966 2857 997 2922 le
1008 2855 1113 2944 Bigod
1123 2857 1306 2922 etIscbelle

197 2961 300 3045 uxori,
314 2962 384 3027 cius
405 2962 447 3028 de
469 2962 612 3027 manerio
633 2962 675 3028 dc
698 2961 834 3027 Peshole
856 2984 932 3027 cum
957 2961 1108 3027 omnibus
1132 2970 1213 3048 pert
1239 2962 1306 3027 suis

196 3062 377 3129 secundum
391 3063 478 3150 quod
497 3064 533 3129 in
552 3072 642 3129 certe
662 3064 749 3129 inter
770 3086 824 3130 eos
846 3064 992 3130 confecto
1013 3063 1141 3151 plenius
1162 3064 1306 3129 contine-

197 3176 261 3233 tur.
306 3167 350 3231 Et
381 3190 479 3254 super
503 3167 564 3233 hoc
589 3168 683 3233 uenit
708 3168 871 3233 Henricus
895 3167 984 3233 filius
1004 3167 1149 3232 Aucheri
1170 3175 1205 3233 et
1226 3166 1306 3233 dicit

196 3270 286 3357 quod
306 3271 407 3337 hebet
428 3272 610 3338 manerium
631 3270 714 3336 illud
735 3270 779 3336 ed
799 3272 927 3336 firmam
947 3270 989 3336 de
1005 3271 1151 3357 predicto
1165 3270 1306 3337 Redulfo

195 3374 239 3441 od
259 3374 436 3439 terminum
458 3374 559 3440 trium
582 3397 740 3440 annorum
761 3381 795 3440 et
809 3374 883 3440 ideo
898 3373 1045 3439 dictum'
1058 3374 1090 3439 ei
1104 3374 1191 3461 quod
1205 3374 1249 3440 sit
1263 3374 1305 3440 de

195 3487 305 3544 cetero
325 3478 498 3545 intendens
517 3478 671 3567 predictis
694 3480 820 3565 Rogero
839 3486 874 3544 et
888 3478 1028 3544 Iscbellc
1043 3486 1078 3544 et
1092 3480 1201 3545 saluus
1215 3480 1260 3545 sit
1273 3480 1306 3546 ei

196 3582 357 3648 terminus
371 3604 449 3647 suus
459 3579 480 3649 ⁸.

68 3700 82 3713 '
135 3744 142 3759 ,
261 3684 444 3751 ⁴Abbosdc
457 3684 908 3773 Bmdencypcrattornctum
920 3708 1017 3750 suum
1032 3685 1118 3772 petit
1131 3708 1190 3772 per
1203 3686 1303 3752 breue
1363 3697 1419 3737 Une

194 3788 375 3857 diuisurum
395 3812 509 3855 uersus
529 3789 668 3855 Alicium
689 3789 730 3855 de
746 3788 901 3854 Ncouilla
914 3789 996 3854 duos
1009 3812 1070 3855 scr.
1087 3790 1214 3855 marisci
1228 3815 1303 3857 cum

194 3902 276 3980 pert
303 3892 340 3958 in
365 3892 506 3958 Burreth
536 3892 624 3958 unde
652 3892 839 3980 predictus⁸
867 3892 1015 3978 queritur
1043 3892 1130 3979 quod
1158 3894 1304 3981 predicto

228 4122 724 4187 ¹whcnswritorrightistobo
774 4122 958 4175 hicnewlord

194 4188 270 4240 tried
806 4189 818 4221 ⁴
833 4188 902 4238 riu.
917 4188 1036 4249 Voucter,
1050 4190 1107 4242 276.

227 4252 238 4286 ²
255 4252 356 4317 supply
366 4261 411 4303 ert.
806 4254 817 4287 ⁶
835 4252 934 4317 Supply
944 4254 1036 4308 Addat.

226 4318 310 4369 ''l'hs
327 4321 424 4368 ter-mor
440 4317 463 4368 is
479 4317 540 4369 thus
559 4317 678 4369 ottomod
697 4320 724 4368 to
