3342 5217
416 346 737 411 nienheersensis.
762 333 940 413 1131111
965 334 1101 401 15-16.
1247 334 1311 400 183

204 546 301 609 quam
327 546 400 588 eam
423 522 633 609 desponsauit
662 520 788 588 desicut
816 522 1010 587 nominatim
1040 521 1153 588 dotata
1181 522 1246 586 fuit
1269 521 1311 586 de

204 635 291 693 terra
307 627 359 694 die
375 650 439 715 quo
454 628 518 692 fuit
533 627 733 713 desponsata

268 732 313 797 Et
335 732 433 798 Lecia
462 732 555 798 uenit
585 740 619 798 11
641 732 789 797 defendit
813 740 946 798 uastum
969 740 1004 797 et
1026 730 1252 797 uendicionem
1276 738 1311 795 et

204 840 311 899 totum
332 842 367 899 et
387 834 471 900 bene
494 834 640 900 defendit
660 833 747 921 quod
776 856 835 899 nec
857 834 1025 922 grangiam
1047 856 1108 899 nec
1128 832 1311 898 berkeriam

203 939 281 1004 11111
310 940 470 1027 prosterni
499 962 559 1005 nec
581 940 746 1027 asportari,
769 948 819 1005 set
841 962 956 1005 reuera
977 938 1106 1026 quando
1127 938 1199 1024 ipsa
1220 960 1310 1002 recu-

203 1043 332 1128 perauit
347 1041 457 1108 dotem
472 1064 565 1108 suem
581 1050 615 1107 et
631 1042 747 1109 habuit
762 1042 914 1107 saisinam
929 1064 1021 1107 suam
1036 1042 1181 1129 predicte
1196 1041 1311 1106 domus

203 1148 336 1212 fuerunt
350 1148 479 1214 ruinose
494 1156 529 1213 et
549 1148 684 1213 inutiles
704 1156 738 1213 et
759 1148 829 1235 ipsa
849 1148 1041 1213 memmium
1056 1146 1218 1233 deportari
1233 1145 1311 1211 fecit

202 1250 237 1314 in
259 1250 361 1315 elium
383 1252 489 1317 locum
511 1259 546 1317 et
568 1250 603 1315 in
625 1250 748 1315 curiam
769 1272 862 1315 suam
883 1258 922 1314 ut
936 1248 1012 1314 inde
1029 1249 1178 1314 meliores
1195 1248 1311 1314 domus

202 1353 355 1421 reficeret.
400 1356 452 1421 De
480 1356 611 1421 uillsnis
640 1377 718 1420 uero
744 1355 827 1420 bene
853 1353 1000 1419 defendit
1023 1353 1111 1439 quod
1134 1354 1221 1439 ipsos
1245 1375 1311 1417 non

137 1486 141 1491 ·
203 1456 364 1522 destruxit
390 1480 449 1523 nec
472 1459 619 1524 exulsuit
641 1458 694 1524 se¹
717 1480 828 1523 reuera
852 1457 985 1544 quidam
1006 1456 1149 1543 ipsorum
1171 1465 1222 1520 est
1243 1479 1311 1521 111-

202 1562 369 1648 pentarius
396 1572 430 1629 et
459 1563 616 1629 itinerans
646 1572 680 1629 et
709 1562 883 1650 aliquando
912 1570 1068 1649 operatur
1097 1584 1171 1625 cum
1202 1560 1311 1626 Priore

204 1666 341 1732 Norwic'
357 1667 486 1733 11111111
501 1676 535 1733 et
550 1667 636 1733 redit
651 1667 779 1754 quando
794 1666 936 1733 uoluerit
951 1670 987 1732 11
1005 1688 1071 1730 non
1090 1673 1141 1730 est
1160 1665 1312 1731 exulatus

204 1794 263 1836 nec
278 1770 347 1857 ipse
368 1771 492 1859 aliquid
514 1772 590 1838 inde
606 1772 754 1859 queritur
762 1772 780 1838 ².
825 1772 877 1837 De
899 1769 1034 1857 gardino
1055 1791 1133 1834 uero
1150 1770 1234 1835 bene
1255 1769 1311 1834 de·

204 1876 310 1941 fendit
331 1876 417 1963 quod
444 1877 544 1943 nichil
571 1877 646 1942 inde
676 1876 879 1963 exstirpauit.
924 1876 975 1940 De
1004 1875 1100 1941 bosco
1129 1897 1207 1940 uero
1232 1875 1312 1940 dicit

204 1979 290 2065 quod
312 1980 439 2045 nullum
461 1980 537 2045 inde
560 1989 691 2046 uastum
714 1981 792 2045 11111
814 2004 874 2045 nec
896 1979 1020 2066 aliquid
1041 1979 1118 2044 inde
1139 1979 1227 2065 cepit
1249 1978 1312 2044 nisi

203 2083 397 2149 racionabilo
419 2084 616 2149 estouerium
639 2106 744 2160 suum,
767 2092 817 2149 set
839 2083 919 2148 dicit
941 2082 1027 2169 quod
1048 2082 1162 2147 boscus
1183 2081 1239 2146 ille
1261 2089 1312 2147 est

203 2188 350 2253 alnetum
373 2196 407 2253 et
427 2188 608 2276 uirgultum
628 2196 664 2254 11
683 2186 859 2254 riffletum⁸
882 2196 916 2253 et
935 2187 963 2251 si
982 2186 1155 2273 aliquando
1174 2196 1311 2272 proster-

204 2299 303 2356 natur
327 2291 441 2356 melior
462 2290 608 2356 efficitur.
654 2292 699 2355 Et
727 2290 801 2356 ideo
830 2298 1020 2377 preceptum
1050 2296 1101 2354 est
1129 2290 1314 2355 uicecomiti

204 2393 290 2479 quod
312 2393 488 2479 assumptis
509 2415 618 2458 secum
639 2392 693 2479 xij.
713 2392 754 2458 de
774 2393 903 2458 uisneto
928 2393 969 2457 de
993 2392 1133 2479 Audeby
1155 2415 1213 2477 per
1235 2416 1315 2479 quos

204 2498 254 2564 rei
269 2499 390 2564 ueritas
405 2506 465 2565 etc.
481 2506 516 2564 et
531 2520 589 2585 per
608 2520 719 2564 eorum
739 2507 978 2563 sacramentum
998 2506 1058 2563 etc
1074 2496 1161 2584 quod
1182 2506 1314 2563 uastum

205 2610 240 2667 et
255 2624 353 2688 quam
374 2600 600 2667 uendicionem
620 2601 768 2687 predicta
787 2601 886 2665 Lecie
899 2600 976 2665 fecit
998 2600 1034 2664 in
1048 2599 1199 2665 domibus
1220 2600 1315 2665 terris

205 2714 241 2771 et
258 2705 362 2770 boscis
383 2715 419 2770 11
441 2704 626 2770 hominibus
649 2713 683 2769 et
706 2704 857 2793 omnibus
878 2704 951 2769 aliis
972 2704 1069 2769 rebus
1090 2712 1125 2770 et
1146 2704 1315 2791 inquibus

206 2809 312 2886 rebus,
333 2816 368 2873 et
397 2808 484 2874 unde
514 2808 601 2873 idern
624 2808 790 2874 Johsnnes
812 2808 894 2873 dicit
916 2816 986 2885 etc,
1008 2817 1043 2872 et
1068 2808 1314 2894 inquisicionem

206 2911 287 2978 scire
302 2911 435 2977 1111111
449 2910 501 2975 dis
517 2918 576 2977 111
592 2934 651 2997 per
666 2912 776 2977 literas
791 2919 826 2977 et
841 2934 899 2997 per
913 2911 993 2976 duos
1007 2919 1066 2977 etc.
1104 2991 1107 2996 y

272 3014 316 3078 Et
330 3013 371 3080 de
386 3013 539 3100 predictis
554 3013 595 3079 xl.
607 3036 669 3079 111.
681 3022 766 3079 terre
781 3015 868 3100 petit
883 3013 991 3079 uisum
1002 3024 1037 3079 et
1048 3015 1174 3081 habeat
1220 3015 1314 3081 Idem

204 3116 275 3182 dies
289 3117 386 3182 datus
408 3126 459 3182 est
481 3117 527 3182 eis
550 3125 585 3183 et
606 3117 738 3183 interim
761 3126 821 3183 etc.
867 3118 911 3182 Et
934 3118 1080 3184 concedit
1095 3118 1182 3206 quod
1204 3142 1315 3185 omnes

205 3230 291 3287 terre
317 3230 351 3287 et
377 3229 566 3287 tenemento
591 3244 654 3308 que
678 3222 810 3287 fuerunt
836 3222 974 3308 predicti
999 3222 1157 3287 Willelmi
1178 3223 1242 3288 uiri
1263 3223 1315 3289 sui

205 3336 241 3392 et
263 3326 350 3393 unde
370 3327 434 3393 fuit
455 3327 584 3399 seisitus
607 3336 646 3392 ut
668 3326 708 3393 de
732 3327 824 3392 feodo
846 3327 900 3392 die
924 3349 988 3413 quo
1011 3348 1082 3392 eam
1107 3328 1315 3414 desponsauit

205 3431 256 3495 111
270 3431 357 3517 quod
371 3452 443 3496 eam
458 3430 534 3496 inde
549 3429 661 3495 dotare
677 3438 786 3516 posset
801 3430 1021 3495 extendantur
1035 3439 1070 3496 et
1088 3432 1316 3518 apprecientur

204 3534 240 3599 in
267 3532 435 3599 dominicis
460 3542 495 3599 et
515 3534 552 3598 in
575 3533 724 3599 omnibus
750 3534 822 3598 aliis
848 3535 946 3599 rebus
971 3534 1169 3621 ubicumque
1193 3535 1316 3601 fuerint

204 3638 276 3704 siue
291 3637 327 3702 in
341 3660 419 3703 corn
434 3637 523 3704 Norf
539 3637 609 3702 siue
629 3638 663 3701 in
678 3660 756 3703 com.
774 3638 853 3703 suff.
870 3646 905 3703 ct
920 3638 1117 3725 quicumque
1132 3662 1172 3705 eo
1194 3648 1313 3707 teneat

207 3742 252 3805 Et
267 3739 340 3806 ideo
354 3750 545 3827 preceptum
560 3750 611 3806 est
631 3740 815 3806 uicecomiti
830 3742 917 3828 quod
935 3743 1110 3828 assumptis
1129 3766 1238 3809 secum
1260 3745 1315 3830 xij.

206 3846 243 3911 in
272 3846 402 3932 propria
427 3867 563 3932 persona
591 3845 738 3910 aecidat⁴
767 3846 810 3911 ed
839 3854 941 3910 terras
970 3854 1005 3911 et
1035 3856 1224 3914 tenementa
1252 3872 1316 3935 que

207 3950 341 4015 fuerunt
361 3948 498 4035 predicti
512 3948 671 4014 Willelmi
686 3959 721 4015 et
741 3949 798 4014 illa
818 3950 951 4015 extendi
971 3960 1006 4016 et
1023 3953 1200 4038 appreciari
1220 3954 1317 4020 faciat

207 4054 243 4119 in
273 4052 442 4119 dominicis
471 4052 656 4141 uillenagiis
686 4061 720 4117 st
750 4053 900 4119 omuibus
923 4054 996 4119 aliis
1021 4056 1118 4120 rebus
1139 4058 1316 4123 secundum

209 4156 297 4245 quod
310 4156 492 4242 predictum
507 4163 558 4221 est
573 4163 607 4221 et
622 4155 845 4221 extensionem
863 4156 973 4222 uenire
988 4158 1086 4224 faciat
1100 4168 1160 4226 etc.

243 4322 252 4355 ¹
273 4322 403 4373 (1011111.
1003 4328 1015 4362 ⁸
1031 4330 1072 4379 An
1083 4330 1152 4381 osier
1162 4331 1220 4382 bed.

241 4390 252 4422 ¹
269 4388 325 4438 The
335 4392 472 4451 carpenter
481 4390 588 4441 himself
599 4390 690 4441 makes
703 4404 739 4442 no
751 4391 903 4456 complaint.
1006 4397 1017 4428 ⁴
1033 4395 1228 4447 0011111ιά11.

1123 4498 1230 4562 31—2
