<?xml version="1.0" encoding="UTF-8"?>
<!DOCTYPE html PUBLIC "-//W3C//DTD XHTML 1.0 Transitional//EN"
    "http://www.w3.org/TR/xhtml1/DTD/xhtml1-transitional.dtd">
<html xmlns="http://www.w3.org/1999/xhtml" xml:lang="en" lang="en">
 <head>
  <title>
</title>
<meta http-equiv="Content-Type" content="text/html;charset=utf-8" />
  <meta name='ocr-system' content='tesseract 3.04.00' />
  <meta name='ocr-capabilities' content='ocr_page ocr_carea ocr_par ocr_line ocrx_word'/>
</head>
<body>
  <div class='ocr_page' id='page_1' title='image "bractonsnoteboo01maitgoog_0106.png"; bbox 0 0 3342 5217; ppageno 0'>
   <div class='ocr_carea' id='block_1_1' title="bbox 368 448 1282 522">
    <p class='ocr_par' dir='ltr' id='par_1_1' title="bbox 368 448 1282 522">
     <span class='ocr_line' id='line_1_1' title="bbox 368 448 1282 522; baseline 0.001 -12"><span class='ocrx_word' id='word_1_1' title='bbox 368 448 409 510; x_wconf 87' lang='grc'><strong>98</strong></span> <span class='ocrx_word' id='word_1_2' title='bbox 557 461 687 510; x_wconf 82' lang='lat' dir='ltr'><strong>nrmnr</strong></span> <span class='ocrx_word' id='word_1_3' title='bbox 709 462 782 509; x_wconf 69' lang='lat' dir='ltr'><strong>iso</strong></span> <span class='ocrx_word' id='word_1_4' title='bbox 805 461 941 521; x_wconf 75' lang='lat' dir='ltr'><strong>snsrsn,</strong></span> <span class='ocrx_word' id='word_1_5' title='bbox 964 462 1028 510; x_wconf 72' lang='lat' dir='ltr'><strong>nn.</strong></span> <span class='ocrx_word' id='word_1_6' title='bbox 1053 449 1145 522; x_wconf 76' lang='lat'>1220,</span> <span class='ocrx_word' id='word_1_7' title='bbox 1168 463 1230 511; x_wconf 72' lang='lat' dir='ltr'><strong>nn.</strong></span> <span class='ocrx_word' id='word_1_8' title='bbox 1254 451 1282 511; x_wconf 78' lang='lat'><strong>4.</strong></span> 
     </span>
    </p>
   </div>
   <div class='ocr_carea' id='block_1_2' title="bbox 199 633 1468 2579">
    <p class='ocr_par' dir='ltr' id='par_1_2' title="bbox 199 633 1468 2579">
     <span class='ocr_line' id='line_1_2' title="bbox 366 633 1468 720; baseline 0 -22"><span class='ocrx_word' id='word_1_9' title='bbox 366 633 453 698; x_wconf 89' lang='lat' dir='ltr'><strong>idem</strong></span> <span class='ocrx_word' id='word_1_10' title='bbox 483 633 595 699; x_wconf 87' lang='lat' dir='ltr'><strong>Abbas</strong></span> <span class='ocrx_word' id='word_1_11' title='bbox 625 643 709 698; x_wconf 89' lang='lat' dir='ltr'><strong>esset</strong></span> <span class='ocrx_word' id='word_1_12' title='bbox 738 633 876 720; x_wconf 85' lang='lat' dir='ltr'><strong>perdens</strong></span> <span class='ocrx_word' id='word_1_13' title='bbox 904 633 945 698; x_wconf 89' lang='lat' dir='ltr'><strong>de</strong></span> <span class='ocrx_word' id='word_1_14' title='bbox 975 634 1110 699; x_wconf 89' lang='lat' dir='ltr'><strong>seruicio</strong></span> <span class='ocrx_word' id='word_1_15' title='bbox 1139 657 1197 700; x_wconf 88' lang='lat' dir='ltr'><strong>suo</strong></span> <span class='ocrx_word' id='word_1_16' title='bbox 1226 645 1260 700; x_wconf 91' lang='lat' dir='ltr'><strong>et</strong></span> <span class='ocrx_word' id='word_1_17' title='bbox 1289 635 1330 700; x_wconf 91' lang='lat' dir='ltr'><strong>de</strong></span> <span class='ocrx_word' id='word_1_18' title='bbox 1366 634 1468 710; x_wconf 81' lang='lat' dir='ltr'><strong>feodo,</strong></span> 
     </span>
     <span class='ocr_line' id='line_1_3' title="bbox 367 737 1467 824; baseline -0.002 -22"><span class='ocrx_word' id='word_1_19' title='bbox 367 737 613 806; x_wconf 77' lang='lat' dir='ltr'><strong>consideratum</strong></span> <span class='ocrx_word' id='word_1_20' title='bbox 634 737 783 823; x_wconf 87' lang='lat' dir='ltr'><strong>estquod</strong></span> <span class='ocrx_word' id='word_1_21' title='bbox 803 737 877 801; x_wconf 88' lang='lat' dir='ltr'><strong>finis</strong></span> <span class='ocrx_word' id='word_1_22' title='bbox 896 737 1062 823; x_wconf 89' lang='lat' dir='ltr'><strong>predictus</strong></span> <span class='ocrx_word' id='word_1_23' title='bbox 1081 746 1224 802; x_wconf 78' lang='lat' dir='ltr'><strong>cassetur</strong></span> <span class='ocrx_word' id='word_1_24' title='bbox 1244 745 1278 801; x_wconf 92' lang='lat' dir='ltr'><strong>et</strong></span> <span class='ocrx_word' id='word_1_25' title='bbox 1292 737 1378 824; x_wconf 92' lang='lat' dir='ltr'><strong>quod</strong></span> <span class='ocrx_word' id='word_1_26' title='bbox 1398 738 1467 823; x_wconf 89' lang='lat' dir='ltr'><strong>ipse</strong></span> 
     </span>
     <span class='ocr_line' id='line_1_4' title="bbox 366 835 1466 923; baseline -0.001 -22"><span class='ocrx_word' id='word_1_27' title='bbox 366 836 406 901; x_wconf 94' lang='lat' dir='ltr'><strong>de</strong></span> <span class='ocrx_word' id='word_1_28' title='bbox 432 844 538 901; x_wconf 89' lang='lat' dir='ltr'><strong>cetero</strong></span> <span class='ocrx_word' id='word_1_29' title='bbox 562 835 659 901; x_wconf 79' lang='lat' dir='ltr'><strong>facist</strong></span> <span class='ocrx_word' id='word_1_30' title='bbox 687 836 728 900; x_wconf 89' lang='lat' dir='ltr'><strong>de</strong></span> <span class='ocrx_word' id='word_1_31' title='bbox 757 837 850 901; x_wconf 86' lang='lat' dir='ltr'><strong>feodo</strong></span> <span class='ocrx_word' id='word_1_32' title='bbox 879 837 965 922; x_wconf 89' lang='lat' dir='ltr'><strong>quod</strong></span> <span class='ocrx_word' id='word_1_33' title='bbox 994 837 1056 922; x_wconf 90' lang='lat' dir='ltr'><strong>ipsi</strong></span> <span class='ocrx_word' id='word_1_34' title='bbox 1085 846 1262 902; x_wconf 88' lang='lat' dir='ltr'><strong>tenuerunt</strong></span> <span class='ocrx_word' id='word_1_35' title='bbox 1291 837 1466 923; x_wconf 87' lang='lat' dir='ltr'><strong>placitum¹</strong></span> 
     </span>
     <span class='ocr_line' id='line_1_5' title="bbox 365 940 1467 1026; baseline 0 -22"><span class='ocrx_word' id='word_1_36' title='bbox 365 962 470 1018; x_wconf 89' lang='lat' dir='ltr'><strong>suum,</strong></span> <span class='ocrx_word' id='word_1_37' title='bbox 496 950 530 1006; x_wconf 91' lang='lat' dir='ltr'><strong>et</strong></span> <span class='ocrx_word' id='word_1_38' title='bbox 558 940 622 1026; x_wconf 91' lang='lat' dir='ltr'><strong>ipsi</strong></span> <span class='ocrx_word' id='word_1_39' title='bbox 643 941 709 1005; x_wconf 85' lang='lat' dir='ltr'><strong>sint</strong></span> <span class='ocrx_word' id='word_1_40' title='bbox 731 940 766 1005; x_wconf 89' lang='lat' dir='ltr'><strong>in</strong></span> <span class='ocrx_word' id='word_1_41' title='bbox 787 940 1004 1005; x_wconf 78' lang='lat' dir='ltr'><strong>misericordia</strong></span> <span class='ocrx_word' id='word_1_42' title='bbox 1025 948 1060 1005; x_wconf 89' lang='lat' dir='ltr'><strong>et</strong></span> <span class='ocrx_word' id='word_1_43' title='bbox 1082 941 1195 1006; x_wconf 87' lang='lat' dir='ltr'><strong>Simon</strong></span> <span class='ocrx_word' id='word_1_44' title='bbox 1216 941 1357 1006; x_wconf 78' lang='lat' dir='ltr'><strong>reddidit</strong></span> <span class='ocrx_word' id='word_1_45' title='bbox 1378 963 1467 1026; x_wconf 85' lang='lat' dir='ltr'><strong>cym-</strong></span> 
     </span>
     <span class='ocr_line' id='line_1_6' title="bbox 364 1042 1468 1130; baseline -0.001 -24"><span class='ocrx_word' id='word_1_46' title='bbox 364 1042 488 1128; x_wconf 81' lang='lat' dir='ltr'><strong>gmpha</strong></span> <span class='ocrx_word' id='word_1_47' title='bbox 512 1065 571 1107; x_wconf 87' lang='lat' dir='ltr'><strong>sua</strong></span> <span class='ocrx_word' id='word_1_48' title='bbox 597 1051 630 1107; x_wconf 91' lang='lat' dir='ltr'><strong>et</strong></span> <span class='ocrx_word' id='word_1_49' title='bbox 654 1043 716 1129; x_wconf 91' lang='lat' dir='ltr'><strong>ipsi</strong></span> <span class='ocrx_word' id='word_1_50' title='bbox 745 1042 868 1108; x_wconf 86' lang='lat' dir='ltr'><strong>habent</strong></span> <span class='ocrx_word' id='word_1_51' title='bbox 897 1042 983 1108; x_wconf 90' lang='lat' dir='ltr'><strong>diem</strong></span> <span class='ocrx_word' id='word_1_52' title='bbox 1012 1042 1168 1107; x_wconf 91' lang='lat' dir='ltr'><strong>reddendi</strong></span> <span class='ocrx_word' id='word_1_53' title='bbox 1195 1043 1385 1130; x_wconf 79' lang='lat' dir='ltr'><strong>cirographe</strong></span> <span class='ocrx_word' id='word_1_54' title='bbox 1408 1064 1468 1106; x_wconf 83' lang='lat' dir='ltr'><strong>sue</strong></span> 
     </span>
     <span class='ocr_line' id='line_1_7' title="bbox 363 1143 700 1210; baseline 0.006 -2"><span class='ocrx_word' id='word_1_55' title='bbox 363 1165 384 1208; x_wconf 85' lang='lat' dir='ltr'><strong>s</strong></span> <span class='ocrx_word' id='word_1_56' title='bbox 399 1143 451 1208; x_wconf 88' lang='lat' dir='ltr'><strong>die</strong></span> <span class='ocrx_word' id='word_1_57' title='bbox 468 1145 500 1210; x_wconf 83' lang='lat' dir='ltr'><strong>S.</strong></span> <span class='ocrx_word' id='word_1_58' title='bbox 516 1144 626 1210; x_wconf 65' lang='lat' dir='ltr'><strong>Mieh?</strong></span> <span class='ocrx_word' id='word_1_59' title='bbox 640 1153 700 1210; x_wconf 90' lang='lat' dir='ltr'><strong>etc.</strong></span> 
     </span>
     <span class='ocr_line' id='line_1_8' title="bbox 241 1249 1467 1336; baseline -0.002 -22"><span class='ocrx_word' id='word_1_60' title='bbox 241 1263 311 1325; x_wconf 83' lang='lat'>108,</span> <span class='ocrx_word' id='word_1_61' title='bbox 429 1249 580 1314; x_wconf 79' lang='lat' dir='ltr'><strong>⁸Roeisie</strong></span> <span class='ocrx_word' id='word_1_62' title='bbox 604 1272 667 1336; x_wconf 91' lang='lat' dir='ltr'><strong>que</strong></span> <span class='ocrx_word' id='word_1_63' title='bbox 691 1250 755 1314; x_wconf 86' lang='lat' dir='ltr'><strong>fuit-</strong></span> <span class='ocrx_word' id='word_1_64' title='bbox 777 1272 859 1314; x_wconf 84' lang='lat' dir='ltr'><strong>uxor</strong></span> <span class='ocrx_word' id='word_1_65' title='bbox 879 1251 1003 1315; x_wconf 87' lang='lat' dir='ltr'><strong>Thome</strong></span> <span class='ocrx_word' id='word_1_66' title='bbox 1024 1250 1065 1314; x_wconf 89' lang='lat' dir='ltr'><strong>de</strong></span> <span class='ocrx_word' id='word_1_67' title='bbox 1088 1250 1267 1315; x_wconf 83' lang='lat' dir='ltr'><strong>Erdintone</strong></span> <span class='ocrx_word' id='word_1_68' title='bbox 1287 1272 1345 1336; x_wconf 88' lang='lat' dir='ltr'><strong>per</strong></span> <span class='ocrx_word' id='word_1_69' title='bbox 1366 1257 1467 1314; x_wconf 88' lang='lat' dir='ltr'><strong>attor-</strong></span> 
     </span>
     <span class='ocr_line' id='line_1_9' title="bbox 240 1352 1466 1438; baseline 0 -24"><span class='ocrx_word' id='word_1_70' title='bbox 240 1361 313 1401; x_wconf 63' lang='lat' dir='ltr'><strong>mur.</strong></span> <span class='ocrx_word' id='word_1_71' title='bbox 365 1358 479 1415; x_wconf 89' lang='lat' dir='ltr'><strong>natum</strong></span> <span class='ocrx_word' id='word_1_72' title='bbox 495 1374 590 1416; x_wconf 89' lang='lat' dir='ltr'><strong>suum</strong></span> <span class='ocrx_word' id='word_1_73' title='bbox 604 1352 690 1438; x_wconf 91' lang='lat' dir='ltr'><strong>petit</strong></span> <span class='ocrx_word' id='word_1_74' title='bbox 707 1373 820 1416; x_wconf 87' lang='lat' dir='ltr'><strong>uersus</strong></span> <span class='ocrx_word' id='word_1_75' title='bbox 843 1352 1004 1418; x_wconf 84' lang='lat' dir='ltr'><strong>Comitem</strong></span> <span class='ocrx_word' id='word_1_76' title='bbox 1019 1352 1220 1416; x_wconf 89' lang='lat' dir='ltr'><strong>Willelmnm</strong></span> <span class='ocrx_word' id='word_1_77' title='bbox 1242 1352 1466 1416; x_wconf 83' lang='lat' dir='ltr'><strong>Marescallum</strong></span> 
     </span>
     <span class='ocr_line' id='line_1_10' title="bbox 364 1453 1467 1540; baseline 0.001 -24"><span class='ocrx_word' id='word_1_78' title='bbox 364 1453 498 1517; x_wconf 80' lang='lat' dir='ltr'><strong>terciam</strong></span> <span class='ocrx_word' id='word_1_79' title='bbox 524 1461 650 1539; x_wconf 85' lang='lat' dir='ltr'><strong>partem</strong></span> <span class='ocrx_word' id='word_1_80' title='bbox 680 1453 777 1517; x_wconf 88' lang='lat' dir='ltr'><strong>unius</strong></span> <span class='ocrx_word' id='word_1_81' title='bbox 805 1463 953 1518; x_wconf 84' lang='lat' dir='ltr'><strong>carucate</strong></span> <span class='ocrx_word' id='word_1_82' title='bbox 982 1462 1068 1518; x_wconf 89' lang='lat' dir='ltr'><strong>terre</strong></span> <span class='ocrx_word' id='word_1_83' title='bbox 1096 1477 1170 1519; x_wconf 91' lang='lat' dir='ltr'><strong>cum</strong></span> <span class='ocrx_word' id='word_1_84' title='bbox 1199 1453 1406 1540; x_wconf 81' lang='lat' dir='ltr'><strong>pertinenciis</strong></span> <span class='ocrx_word' id='word_1_85' title='bbox 1431 1453 1467 1517; x_wconf 89' lang='lat' dir='ltr'><strong>in</strong></span> 
     </span>
     <span class='ocr_line' id='line_1_11' title="bbox 365 1557 1392 1644; baseline 0.001 -23"><span class='ocrx_word' id='word_1_86' title='bbox 365 1557 523 1622; x_wconf 87' lang='lat' dir='ltr'><strong>Burstede</strong></span> <span class='ocrx_word' id='word_1_87' title='bbox 538 1565 577 1622; x_wconf 86' lang='lat' dir='ltr'><strong>ut</strong></span> <span class='ocrx_word' id='word_1_88' title='bbox 592 1557 701 1622; x_wconf 91' lang='lat' dir='ltr'><strong>dotem</strong></span> <span class='ocrx_word' id='word_1_89' title='bbox 717 1579 808 1622; x_wconf 88' lang='lat' dir='ltr'><strong>susm</strong></span> <span class='ocrx_word' id='word_1_90' title='bbox 824 1565 884 1622; x_wconf 85' lang='lat' dir='ltr'><strong>etc.</strong></span> <span class='ocrx_word' id='word_1_91' title='bbox 899 1557 986 1622; x_wconf 91' lang='lat' dir='ltr'><strong>unde</strong></span> <span class='ocrx_word' id='word_1_92' title='bbox 1001 1557 1165 1644; x_wconf 90' lang='lat' dir='ltr'><strong>predictus</strong></span> <span class='ocrx_word' id='word_1_93' title='bbox 1179 1558 1318 1622; x_wconf 80' lang='lat' dir='ltr'><strong>Thomas</strong></span> <span class='ocrx_word' id='word_1_94' title='bbox 1332 1567 1392 1621; x_wconf 82' lang='lat' dir='ltr'><strong>etc</strong></span> 
     </span>
     <span class='ocr_line' id='line_1_12' title="bbox 430 1661 1465 1748; baseline 0.001 -23"><span class='ocrx_word' id='word_1_95' title='bbox 430 1662 473 1726; x_wconf 85' lang='lat' dir='ltr'><strong>Et</strong></span> <span class='ocrx_word' id='word_1_96' title='bbox 496 1661 611 1728; x_wconf 82' lang='lat' dir='ltr'><strong>Comes</strong></span> <span class='ocrx_word' id='word_1_97' title='bbox 633 1661 726 1725; x_wconf 91' lang='lat' dir='ltr'><strong>uenit</strong></span> <span class='ocrx_word' id='word_1_98' title='bbox 747 1671 782 1726; x_wconf 91' lang='lat' dir='ltr'><strong>et</strong></span> <span class='ocrx_word' id='word_1_99' title='bbox 803 1661 884 1727; x_wconf 87' lang='lat' dir='ltr'><strong>dicit</strong></span> <span class='ocrx_word' id='word_1_100' title='bbox 905 1662 991 1748; x_wconf 91' lang='lat' dir='ltr'><strong>quod</strong></span> <span class='ocrx_word' id='word_1_101' title='bbox 1012 1685 1077 1726; x_wconf 93' lang='lat' dir='ltr'><strong>non</strong></span> <span class='ocrx_word' id='word_1_102' title='bbox 1099 1663 1197 1728; x_wconf 88' lang='lat' dir='ltr'><strong>debet</strong></span> <span class='ocrx_word' id='word_1_103' title='bbox 1219 1662 1262 1727; x_wconf 85' lang='lat' dir='ltr'><strong>ed</strong></span> <span class='ocrx_word' id='word_1_104' title='bbox 1284 1663 1345 1728; x_wconf 91' lang='lat' dir='ltr'><strong>hoc</strong></span> <span class='ocrx_word' id='word_1_105' title='bbox 1366 1661 1465 1726; x_wconf 88' lang='lat' dir='ltr'><strong>breue</strong></span> 
     </span>
     <span class='ocr_line' id='line_1_13' title="bbox 201 1765 1465 1853; baseline 0.002 -25"><span class='ocrx_word' id='word_1_106' title='bbox 201 1777 352 1826; x_wconf 54' lang='lat' dir='ltr'><strong>&amp;areom-</strong></span> <span class='ocrx_word' id='word_1_107' title='bbox 364 1766 554 1852; x_wconf 88' lang='lat' dir='ltr'><strong>respondere</strong></span> <span class='ocrx_word' id='word_1_108' title='bbox 569 1766 646 1853; x_wconf 81' lang='lat' dir='ltr'><strong>quis</strong></span> <span class='ocrx_word' id='word_1_109' title='bbox 659 1765 759 1830; x_wconf 88' lang='lat' dir='ltr'><strong>breue</strong></span> <span class='ocrx_word' id='word_1_110' title='bbox 773 1765 855 1831; x_wconf 86' lang='lat' dir='ltr'><strong>dicit</strong></span> <span class='ocrx_word' id='word_1_111' title='bbox 867 1766 910 1831; x_wconf 91' lang='lat' dir='ltr'><strong>de</strong></span> <span class='ocrx_word' id='word_1_112' title='bbox 928 1775 1116 1831; x_wconf 74' lang='lat' dir='ltr'><strong>tenemento</strong></span> <span class='ocrx_word' id='word_1_113' title='bbox 1135 1767 1222 1832; x_wconf 88' lang='lat' dir='ltr'><strong>unde</strong></span> <span class='ocrx_word' id='word_1_114' title='bbox 1243 1767 1343 1832; x_wconf 90' lang='lat' dir='ltr'><strong>nichil</strong></span> <span class='ocrx_word' id='word_1_115' title='bbox 1365 1766 1465 1832; x_wconf 86' lang='lat' dir='ltr'><strong>habet</strong></span> 
     </span>
     <span class='ocr_line' id='line_1_14' title="bbox 202 1825 313 1864; baseline 0.009 -1"><span class='ocrx_word' id='word_1_116' title='bbox 202 1825 313 1864; x_wconf 77' lang='lat' dir='ltr'><strong>tradotem</strong></span> 
     </span>
     <span class='ocr_line' id='line_1_15' title="bbox 201 1868 1465 1956; baseline 0.001 -22"><span class='ocrx_word' id='word_1_117' title='bbox 201 1871 334 1919; x_wconf 52' lang='lat' dir='ltr'><strong>‘mmm</strong></span> <span class='ocrx_word' id='word_1_118' title='bbox 364 1877 399 1934; x_wconf 91' lang='lat' dir='ltr'><strong>et</strong></span> <span class='ocrx_word' id='word_1_119' title='bbox 413 1869 483 1956; x_wconf 86' lang='lat' dir='ltr'><strong>ipsc</strong></span> <span class='ocrx_word' id='word_1_120' title='bbox 497 1869 597 1935; x_wconf 83' lang='lat' dir='ltr'><strong>hebet</strong></span> <span class='ocrx_word' id='word_1_121' title='bbox 611 1868 720 1933; x_wconf 87' lang='lat' dir='ltr'><strong>dotem</strong></span> <span class='ocrx_word' id='word_1_122' title='bbox 736 1870 905 1954; x_wconf 85' lang='lat' dir='ltr'><strong>presertim</strong></span> <span class='ocrx_word' id='word_1_123' title='bbox 920 1869 956 1934; x_wconf 89' lang='lat' dir='ltr'><strong>in</strong></span> <span class='ocrx_word' id='word_1_124' title='bbox 971 1870 1157 1947; x_wconf 82' lang='lat' dir='ltr'><strong>Erdintone,</strong></span> <span class='ocrx_word' id='word_1_125' title='bbox 1172 1880 1207 1935; x_wconf 89' lang='lat' dir='ltr'><strong>et</strong></span> <span class='ocrx_word' id='word_1_126' title='bbox 1226 1870 1351 1935; x_wconf 89' lang='lat' dir='ltr'><strong>desicut</strong></span> <span class='ocrx_word' id='word_1_127' title='bbox 1365 1869 1465 1935; x_wconf 85' lang='lat' dir='ltr'><strong>breue</strong></span> 
     </span>
     <span class='ocr_line' id='line_1_16' title="bbox 362 1971 1465 2059; baseline 0 -22"><span class='ocrx_word' id='word_1_128' title='bbox 362 1971 443 2038; x_wconf 88' lang='lat' dir='ltr'><strong>dicit</strong></span> <span class='ocrx_word' id='word_1_129' title='bbox 472 1973 558 2059; x_wconf 93' lang='lat' dir='ltr'><strong>quod</strong></span> <span class='ocrx_word' id='word_1_130' title='bbox 588 1972 687 2037; x_wconf 87' lang='lat' dir='ltr'><strong>nichil</strong></span> <span class='ocrx_word' id='word_1_131' title='bbox 717 1972 817 2038; x_wconf 85' lang='lat' dir='ltr'><strong>habet</strong></span> <span class='ocrx_word' id='word_1_132' title='bbox 846 1995 911 2037; x_wconf 91' lang='lat' dir='ltr'><strong>non</strong></span> <span class='ocrx_word' id='word_1_133' title='bbox 940 1974 1016 2038; x_wconf 89' lang='lat' dir='ltr'><strong>uult</strong></span> <span class='ocrx_word' id='word_1_134' title='bbox 1041 1973 1166 2038; x_wconf 86' lang='lat' dir='ltr'><strong>adhoc</strong></span> <span class='ocrx_word' id='word_1_135' title='bbox 1191 1973 1290 2039; x_wconf 88' lang='lat' dir='ltr'><strong>breue</strong></span> <span class='ocrx_word' id='word_1_136' title='bbox 1316 1983 1376 2040; x_wconf 89' lang='lat' dir='ltr'><strong>etc.</strong></span> <span class='ocrx_word' id='word_1_137' title='bbox 1402 1973 1465 2039; x_wconf 89' lang='lat' dir='ltr'><strong>nisi</strong></span> 
     </span>
     <span class='ocr_line' id='line_1_17' title="bbox 364 2075 526 2141; baseline 0 -1"><span class='ocrx_word' id='word_1_138' title='bbox 364 2075 453 2141; x_wconf 84' lang='lat' dir='ltr'><strong>curie</strong></span> <span class='ocrx_word' id='word_1_139' title='bbox 468 2085 526 2141; x_wconf 88' lang='lat' dir='ltr'><strong>etc.</strong></span> 
     </span>
     <span class='ocr_line' id='line_1_18' title="bbox 200 2180 1464 2288; baseline 0.001 -43"><span class='ocrx_word' id='word_1_140' title='bbox 200 2193 244 2288; x_wconf 45' lang='grc' dir='ltr'><strong>ἐξ·</strong></span> <span class='ocrx_word' id='word_1_141' title='bbox 265 2193 338 2280; x_wconf 46' lang='lat' dir='ltr'><strong>„⁰:¹23st</strong></span> <span class='ocrx_word' id='word_1_142' title='bbox 428 2181 473 2245; x_wconf 85' lang='lat' dir='ltr'><strong>Et</strong></span> <span class='ocrx_word' id='word_1_143' title='bbox 488 2180 617 2246; x_wconf 87' lang='lat' dir='ltr'><strong>Roeisie</strong></span> <span class='ocrx_word' id='word_1_144' title='bbox 630 2180 723 2246; x_wconf 88' lang='lat' dir='ltr'><strong>uenit</strong></span> <span class='ocrx_word' id='word_1_145' title='bbox 738 2189 773 2246; x_wconf 85' lang='lat' dir='ltr'><strong>et</strong></span> <span class='ocrx_word' id='word_1_146' title='bbox 786 2181 934 2246; x_wconf 84' lang='lat' dir='ltr'><strong>defendit</strong></span> <span class='ocrx_word' id='word_1_147' title='bbox 944 2182 1031 2269; x_wconf 90' lang='lat' dir='ltr'><strong>quod</strong></span> <span class='ocrx_word' id='word_1_148' title='bbox 1045 2183 1168 2247; x_wconf 87' lang='lat' dir='ltr'><strong>nullem</strong></span> <span class='ocrx_word' id='word_1_149' title='bbox 1184 2190 1303 2247; x_wconf 87' lang='lat' dir='ltr'><strong>terram</strong></span> <span class='ocrx_word' id='word_1_150' title='bbox 1319 2180 1418 2246; x_wconf 84' lang='lat' dir='ltr'><strong>hebet</strong></span> <span class='ocrx_word' id='word_1_151' title='bbox 1429 2182 1464 2246; x_wconf 91' lang='lat' dir='ltr'><strong>in</strong></span> 
     </span>
     <span class='ocr_line' id='line_1_19' title="bbox 199 2267 1463 2373; baseline 0 -23"><span class='ocrx_word' id='word_1_152' title='bbox 199 2267 348 2373; x_wconf 52' lang='lat' dir='ltr'>:gffiffiffi</span> <span class='ocrx_word' id='word_1_153' title='bbox 363 2285 481 2362; x_wconf 88' lang='lat' dir='ltr'><strong>dotem,</strong></span> <span class='ocrx_word' id='word_1_154' title='bbox 493 2294 543 2350; x_wconf 88' lang='lat' dir='ltr'><strong>set</strong></span> <span class='ocrx_word' id='word_1_155' title='bbox 559 2307 672 2350; x_wconf 88' lang='lat' dir='ltr'><strong>reuera</strong></span> <span class='ocrx_word' id='word_1_156' title='bbox 686 2285 814 2372; x_wconf 85' lang='lat' dir='ltr'><strong>quando</strong></span> <span class='ocrx_word' id='word_1_157' title='bbox 830 2287 1038 2352; x_wconf 81' lang='lat' dir='ltr'><strong>Marescellus</strong></span> <span class='ocrx_word' id='word_1_158' title='bbox 1052 2287 1169 2352; x_wconf 88' lang='lat' dir='ltr'><strong>habuit</strong></span> <span class='ocrx_word' id='word_1_159' title='bbox 1183 2286 1362 2351; x_wconf 87' lang='lat' dir='ltr'><strong>custodiam</strong></span> <span class='ocrx_word' id='word_1_160' title='bbox 1378 2295 1463 2351; x_wconf 88' lang='lat' dir='ltr'><strong>terre</strong></span> 
     </span>
     <span class='ocr_line' id='line_1_20' title="bbox 200 2379 1464 2482; baseline 0 -30"><span class='ocrx_word' id='word_1_161' title='bbox 200 2379 350 2476; x_wconf 56' lang='lat' dir='ltr'><strong>‘gffifflssdllff‘</strong></span> <span class='ocrx_word' id='word_1_162' title='bbox 364 2410 426 2474; x_wconf 89' lang='lat' dir='ltr'><strong>que</strong></span> <span class='ocrx_word' id='word_1_163' title='bbox 450 2388 513 2482; x_wconf 85' lang='lat' dir='ltr'><strong>fuit</strong></span> <span class='ocrx_word' id='word_1_164' title='bbox 538 2388 660 2452; x_wconf 92' lang='lat' dir='ltr'><strong>domini</strong></span> <span class='ocrx_word' id='word_1_165' title='bbox 683 2388 734 2452; x_wconf 91' lang='lat' dir='ltr'><strong>sui</strong></span> <span class='ocrx_word' id='word_1_166' title='bbox 757 2388 827 2475; x_wconf 85' lang='lat' dir='ltr'><strong>ipse</strong></span> <span class='ocrx_word' id='word_1_167' title='bbox 853 2389 930 2453; x_wconf 85' lang='lat' dir='ltr'><strong>fecit</strong></span> <span class='ocrx_word' id='word_1_168' title='bbox 955 2389 987 2454; x_wconf 89' lang='lat' dir='ltr'><strong>ei</strong></span> <span class='ocrx_word' id='word_1_169' title='bbox 1009 2389 1119 2454; x_wconf 88' lang='lat' dir='ltr'><strong>dotem</strong></span> <span class='ocrx_word' id='word_1_170' title='bbox 1142 2389 1178 2453; x_wconf 90' lang='lat' dir='ltr'><strong>in</strong></span> <span class='ocrx_word' id='word_1_171' title='bbox 1204 2388 1390 2465; x_wconf 84' lang='lat' dir='ltr'><strong>Erdintona,</strong></span> <span class='ocrx_word' id='word_1_172' title='bbox 1413 2397 1464 2453; x_wconf 90' lang='lat' dir='ltr'><strong>set</strong></span> 
     </span>
     <span class='ocr_line' id='line_1_21' title="bbox 200 2479 1462 2579; baseline -0.002 -21"><span class='ocrx_word' id='word_1_173' title='bbox 200 2479 316 2558; x_wconf 56' lang='grc' dir='ltr'><strong>ἓῗιιωιιο</strong></span> <span class='ocrx_word' id='word_1_174' title='bbox 363 2492 492 2579; x_wconf 89' lang='lat' dir='ltr'><strong>quando</strong></span> <span class='ocrx_word' id='word_1_175' title='bbox 520 2492 613 2558; x_wconf 91' lang='lat' dir='ltr'><strong>heres</strong></span> <span class='ocrx_word' id='word_1_176' title='bbox 641 2492 764 2557; x_wconf 90' lang='lat' dir='ltr'><strong>domini</strong></span> <span class='ocrx_word' id='word_1_177' title='bbox 792 2493 844 2557; x_wconf 89' lang='lat' dir='ltr'><strong>sui</strong></span> <span class='ocrx_word' id='word_1_178' title='bbox 872 2493 1077 2579; x_wconf 79' lang='lat' dir='ltr'><strong>recuperauit</strong></span> <span class='ocrx_word' id='word_1_179' title='bbox 1109 2502 1229 2558; x_wconf 85' lang='lat' dir='ltr'><strong>terram</strong></span> <span class='ocrx_word' id='word_1_180' title='bbox 1265 2515 1357 2557; x_wconf 88' lang='lat' dir='ltr'><strong>suam</strong></span> <span class='ocrx_word' id='word_1_181' title='bbox 1394 2493 1462 2578; x_wconf 86' lang='lat' dir='ltr'><strong>ipse</strong></span> 
     </span>
    </p>
   </div>
   <div class='ocr_carea' id='block_1_3' title="bbox 200 2570 1464 3305">
    <p class='ocr_par' dir='ltr' id='par_1_3' title="bbox 200 2570 1463 2765">
     <span class='ocr_line' id='line_1_22' title="bbox 200 2570 1463 2681; baseline -0.001 -21"><span class='ocrx_word' id='word_1_182' title='bbox 200 2570 303 2652; x_wconf 58' lang='lat' dir='ltr'><strong>ie‘iliiia</strong></span> <span class='ocrx_word' id='word_1_183' title='bbox 364 2595 538 2660; x_wconf 87' lang='lat' dir='ltr'><strong>disseisiuit</strong></span> <span class='ocrx_word' id='word_1_184' title='bbox 564 2617 634 2660; x_wconf 88' lang='lat' dir='ltr'><strong>eam</strong></span> <span class='ocrx_word' id='word_1_185' title='bbox 659 2595 707 2660; x_wconf 85' lang='lat' dir='ltr'><strong>ita</strong></span> <span class='ocrx_word' id='word_1_186' title='bbox 730 2595 817 2681; x_wconf 92' lang='lat' dir='ltr'><strong>quod</strong></span> <span class='ocrx_word' id='word_1_187' title='bbox 839 2595 938 2660; x_wconf 89' lang='lat' dir='ltr'><strong>nichil</strong></span> <span class='ocrx_word' id='word_1_188' title='bbox 962 2594 1062 2661; x_wconf 88' lang='lat' dir='ltr'><strong>habet</strong></span> <span class='ocrx_word' id='word_1_189' title='bbox 1085 2604 1120 2660; x_wconf 91' lang='lat' dir='ltr'><strong>et</strong></span> <span class='ocrx_word' id='word_1_190' title='bbox 1142 2595 1216 2660; x_wconf 91' lang='lat' dir='ltr'><strong>ideo</strong></span> <span class='ocrx_word' id='word_1_191' title='bbox 1244 2595 1329 2681; x_wconf 90' lang='lat' dir='ltr'><strong>petit</strong></span> <span class='ocrx_word' id='word_1_192' title='bbox 1353 2594 1463 2660; x_wconf 91' lang='lat' dir='ltr'><strong>dotem</strong></span> 
     </span>
     <span class='ocr_line' id='line_1_23' title="bbox 363 2723 463 2765; baseline 0.01 -1"><span class='ocrx_word' id='word_1_193' title='bbox 363 2723 463 2765; x_wconf 87' lang='lat' dir='ltr'><strong>suam.</strong></span> 
     </span>
    </p>

    <p class='ocr_par' dir='ltr' id='par_1_4' title="bbox 362 2799 1464 3199">
     <span class='ocr_line' id='line_1_24' title="bbox 429 2799 1464 2887; baseline -0.003 -20"><span class='ocrx_word' id='word_1_194' title='bbox 429 2803 472 2868; x_wconf 85' lang='lat' dir='ltr'><strong>Et</strong></span> <span class='ocrx_word' id='word_1_195' title='bbox 502 2801 709 2866; x_wconf 84' lang='lat' dir='ltr'><strong>Marescallus</strong></span> <span class='ocrx_word' id='word_1_196' title='bbox 737 2801 817 2866; x_wconf 89' lang='lat' dir='ltr'><strong>dicit</strong></span> <span class='ocrx_word' id='word_1_197' title='bbox 847 2801 933 2887; x_wconf 91' lang='lat' dir='ltr'><strong>quod</strong></span> <span class='ocrx_word' id='word_1_198' title='bbox 962 2801 1145 2866; x_wconf 87' lang='lat' dir='ltr'><strong>Willelmns</strong></span> <span class='ocrx_word' id='word_1_199' title='bbox 1172 2799 1305 2867; x_wconf 82' lang='lat' dir='ltr'><strong>Crassus</strong></span> <span class='ocrx_word' id='word_1_200' title='bbox 1330 2801 1407 2866; x_wconf 87' lang='lat' dir='ltr'><strong>fecit</strong></span> <span class='ocrx_word' id='word_1_201' title='bbox 1432 2801 1464 2864; x_wconf 89' lang='lat' dir='ltr'><strong>ei</strong></span> 
     </span>
     <span class='ocr_line' id='line_1_25' title="bbox 363 2903 1462 2990; baseline -0.004 -20"><span class='ocrx_word' id='word_1_202' title='bbox 363 2906 513 2970; x_wconf 87' lang='lat' dir='ltr'><strong>seisinem</strong></span> <span class='ocrx_word' id='word_1_203' title='bbox 529 2905 568 2970; x_wconf 92' lang='lat' dir='ltr'><strong>de</strong></span> <span class='ocrx_word' id='word_1_204' title='bbox 583 2904 659 2970; x_wconf 87' lang='lat' dir='ltr'><strong>dote</strong></span> <span class='ocrx_word' id='word_1_205' title='bbox 674 2927 741 2981; x_wconf 85' lang='lat' dir='ltr'><strong>sua,</strong></span> <span class='ocrx_word' id='word_1_206' title='bbox 756 2913 790 2969; x_wconf 92' lang='lat' dir='ltr'><strong>et</strong></span> <span class='ocrx_word' id='word_1_207' title='bbox 804 2904 840 2969; x_wconf 91' lang='lat' dir='ltr'><strong>in</strong></span> <span class='ocrx_word' id='word_1_208' title='bbox 854 2905 972 2969; x_wconf 85' lang='lat' dir='ltr'><strong>seisina</strong></span> <span class='ocrx_word' id='word_1_209' title='bbox 986 2905 1058 2980; x_wconf 90' lang='lat' dir='ltr'><strong>fuit,</strong></span> <span class='ocrx_word' id='word_1_210' title='bbox 1073 2913 1107 2968; x_wconf 89' lang='lat' dir='ltr'><strong>et</strong></span> <span class='ocrx_word' id='word_1_211' title='bbox 1122 2905 1150 2969; x_wconf 89' lang='lat' dir='ltr'><strong>si</strong></span> <span class='ocrx_word' id='word_1_212' title='bbox 1169 2912 1282 2990; x_wconf 84' lang='lat' dir='ltr'><strong>postes</strong></span> <span class='ocrx_word' id='word_1_213' title='bbox 1296 2903 1373 2968; x_wconf 87' lang='lat' dir='ltr'><strong>fecit</strong></span> <span class='ocrx_word' id='word_1_214' title='bbox 1387 2903 1462 2967; x_wconf 90' lang='lat' dir='ltr'><strong>inde</strong></span> 
     </span>
     <span class='ocr_line' id='line_1_26' title="bbox 363 3007 1463 3094; baseline -0.002 -20"><span class='ocrx_word' id='word_1_215' title='bbox 363 3010 567 3074; x_wconf 89' lang='lat' dir='ltr'><strong>uoluntatem</strong></span> <span class='ocrx_word' id='word_1_216' title='bbox 589 3031 681 3073; x_wconf 87' lang='lat' dir='ltr'><strong>suem</strong></span> <span class='ocrx_word' id='word_1_217' title='bbox 704 3008 837 3074; x_wconf 87' lang='lat' dir='ltr'><strong>uidetur</strong></span> <span class='ocrx_word' id='word_1_218' title='bbox 859 3008 890 3072; x_wconf 91' lang='lat' dir='ltr'><strong>ei</strong></span> <span class='ocrx_word' id='word_1_219' title='bbox 909 3007 995 3094; x_wconf 92' lang='lat' dir='ltr'><strong>quod</strong></span> <span class='ocrx_word' id='word_1_220' title='bbox 1015 3007 1075 3072; x_wconf 90' lang='lat' dir='ltr'><strong>hoc</strong></span> <span class='ocrx_word' id='word_1_221' title='bbox 1098 3030 1163 3072; x_wconf 88' lang='lat' dir='ltr'><strong>non</strong></span> <span class='ocrx_word' id='word_1_222' title='bbox 1177 3007 1276 3073; x_wconf 91' lang='lat' dir='ltr'><strong>debet</strong></span> <span class='ocrx_word' id='word_1_223' title='bbox 1297 3007 1328 3072; x_wconf 88' lang='lat' dir='ltr'><strong>ei</strong></span> <span class='ocrx_word' id='word_1_224' title='bbox 1350 3030 1463 3072; x_wconf 90' lang='lat' dir='ltr'><strong>nocere</strong></span> 
     </span>
     <span class='ocr_line' id='line_1_27' title="bbox 362 3113 683 3199; baseline 0 -22"><span class='ocrx_word' id='word_1_225' title='bbox 362 3113 404 3178; x_wconf 87' lang='lat' dir='ltr'><strong>ad</strong></span> <span class='ocrx_word' id='word_1_226' title='bbox 418 3113 683 3199; x_wconf 89' lang='lat' dir='ltr'><strong>respondendum.</strong></span> 
     </span>
    </p>

    <p class='ocr_par' dir='ltr' id='par_1_5' title="bbox 429 3214 1462 3305">
     <span class='ocr_line' id='line_1_28' title="bbox 429 3214 1462 3305; baseline -0.004 -21"><span class='ocrx_word' id='word_1_227' title='bbox 429 3220 473 3284; x_wconf 87' lang='lat' dir='ltr'><strong>Et</strong></span> <span class='ocrx_word' id='word_1_228' title='bbox 498 3228 571 3305; x_wconf 90' lang='lat' dir='ltr'><strong>post</strong></span> <span class='ocrx_word' id='word_1_229' title='bbox 598 3219 690 3283; x_wconf 88' lang='lat' dir='ltr'><strong>uenit</strong></span> <span class='ocrx_word' id='word_1_230' title='bbox 715 3217 845 3282; x_wconf 85' lang='lat' dir='ltr'><strong>Roeisie</strong></span> <span class='ocrx_word' id='word_1_231' title='bbox 870 3225 905 3282; x_wconf 91' lang='lat' dir='ltr'><strong>et</strong></span> <span class='ocrx_word' id='word_1_232' title='bbox 928 3217 1014 3302; x_wconf 88' lang='lat' dir='ltr'><strong>petit</strong></span> <span class='ocrx_word' id='word_1_233' title='bbox 1040 3215 1207 3280; x_wconf 84' lang='lat' dir='ltr'><strong>licenciam</strong></span> <span class='ocrx_word' id='word_1_234' title='bbox 1230 3214 1400 3281; x_wconf 89' lang='lat' dir='ltr'><strong>recedendi</strong></span> <span class='ocrx_word' id='word_1_235' title='bbox 1421 3216 1462 3280; x_wconf 90' lang='lat' dir='ltr'><strong>de</strong></span> 
     </span>
    </p>
   </div>
   <div class='ocr_carea' id='block_1_4' title="bbox 213 3320 1463 4238">
    <p class='ocr_par' dir='ltr' id='par_1_6' title="bbox 213 3320 1463 4238">
     <span class='ocr_line' id='line_1_29' title="bbox 362 3320 1140 3388; baseline -0.004 0"><span class='ocrx_word' id='word_1_236' title='bbox 362 3322 455 3388; x_wconf 89' lang='lat' dir='ltr'><strong>breui</strong></span> <span class='ocrx_word' id='word_1_237' title='bbox 470 3332 505 3388; x_wconf 88' lang='lat' dir='ltr'><strong>et</strong></span> <span class='ocrx_word' id='word_1_238' title='bbox 519 3323 619 3388; x_wconf 86' lang='lat' dir='ltr'><strong>hebet</strong></span> <span class='ocrx_word' id='word_1_239' title='bbox 635 3332 669 3388; x_wconf 90' lang='lat' dir='ltr'><strong>et</strong></span> <span class='ocrx_word' id='word_1_240' title='bbox 684 3323 757 3387; x_wconf 90' lang='lat' dir='ltr'><strong>ideo</strong></span> <span class='ocrx_word' id='word_1_241' title='bbox 773 3322 981 3387; x_wconf 85' lang='lat' dir='ltr'><strong>Marescallus</strong></span> <span class='ocrx_word' id='word_1_242' title='bbox 995 3321 1064 3386; x_wconf 89' lang='lat' dir='ltr'><strong>sine</strong></span> <span class='ocrx_word' id='word_1_243' title='bbox 1079 3320 1140 3385; x_wconf 91' lang='lat' dir='ltr'><strong>die.</strong></span> 
     </span>
     <span class='ocr_line' id='line_1_30' title="bbox 308 3423 1463 3512; baseline -0.003 -20"><span class='ocrx_word' id='word_1_244' title='bbox 308 3487 314 3500; x_wconf 87' lang='grc'><strong>,</strong></span> <span class='ocrx_word' id='word_1_245' title='bbox 427 3427 558 3491; x_wconf 84' lang='lat' dir='ltr'><strong>⁴Assiss</strong></span> <span class='ocrx_word' id='word_1_246' title='bbox 577 3427 669 3491; x_wconf 90' lang='lat' dir='ltr'><strong>uenit</strong></span> <span class='ocrx_word' id='word_1_247' title='bbox 689 3424 894 3512; x_wconf 75' lang='lat' dir='ltr'><strong>recognitum</strong></span> <span class='ocrx_word' id='word_1_248' title='bbox 916 3425 989 3510; x_wconf 85' lang='lat' dir='ltr'><strong>quis</strong></span> <span class='ocrx_word' id='word_1_249' title='bbox 1010 3423 1187 3488; x_wconf 84' lang='lat' dir='ltr'><strong>aduocatus</strong></span> <span class='ocrx_word' id='word_1_250' title='bbox 1209 3434 1353 3510; x_wconf 90' lang='lat' dir='ltr'><strong>tempore</strong></span> <span class='ocrx_word' id='word_1_251' title='bbox 1376 3425 1463 3511; x_wconf 82' lang='lat' dir='ltr'><strong>pacis</strong></span> 
     </span>
     <span class='ocr_line' id='line_1_31' title="bbox 300 3527 1461 3615; baseline -0.002 -21"><span class='ocrx_word' id='word_1_252' title='bbox 300 3564 306 3576; x_wconf 93' lang='lat'><strong>·</strong></span> <span class='ocrx_word' id='word_1_253' title='bbox 362 3530 564 3615; x_wconf 88' lang='lat' dir='ltr'><strong>presentauit</strong></span> <span class='ocrx_word' id='word_1_254' title='bbox 578 3529 728 3593; x_wconf 86' lang='lat' dir='ltr'><strong>ultimam</strong></span> <span class='ocrx_word' id='word_1_255' title='bbox 743 3550 992 3614; x_wconf 88' lang='lat' dir='ltr'><strong>personamque</strong></span> <span class='ocrx_word' id='word_1_256' title='bbox 1015 3536 1144 3592; x_wconf 85' lang='lat' dir='ltr'><strong>mortua</strong></span> <span class='ocrx_word' id='word_1_257' title='bbox 1163 3535 1213 3591; x_wconf 90' lang='lat' dir='ltr'><strong>est</strong></span> <span class='ocrx_word' id='word_1_258' title='bbox 1233 3527 1275 3592; x_wconf 88' lang='lat' dir='ltr'><strong>ad</strong></span> <span class='ocrx_word' id='word_1_259' title='bbox 1295 3528 1461 3592; x_wconf 82' lang='lat' dir='ltr'><strong>ecclesiam</strong></span> 
     </span>
     <span class='ocr_line' id='line_1_32' title="bbox 361 3630 1463 3718; baseline -0.004 -21"><span class='ocrx_word' id='word_1_260' title='bbox 361 3632 403 3697; x_wconf 90' lang='lat' dir='ltr'><strong>de</strong></span> <span class='ocrx_word' id='word_1_261' title='bbox 425 3634 572 3709; x_wconf 89' lang='lat' dir='ltr'><strong>Pultona,</strong></span> <span class='ocrx_word' id='word_1_262' title='bbox 591 3654 653 3718; x_wconf 90' lang='lat' dir='ltr'><strong>que</strong></span> <span class='ocrx_word' id='word_1_263' title='bbox 675 3641 771 3697; x_wconf 90' lang='lat' dir='ltr'><strong>uacat</strong></span> <span class='ocrx_word' id='word_1_264' title='bbox 793 3641 852 3696; x_wconf 80' lang='lat' dir='ltr'><strong>etc</strong></span> <span class='ocrx_word' id='word_1_265' title='bbox 875 3631 967 3696; x_wconf 89' lang='lat' dir='ltr'><strong>cuius</strong></span> <span class='ocrx_word' id='word_1_266' title='bbox 989 3631 1235 3695; x_wconf 84' lang='lat' dir='ltr'><strong>eduocacionem</strong></span> <span class='ocrx_word' id='word_1_267' title='bbox 1258 3630 1463 3694; x_wconf 90' lang='lat' dir='ltr'><strong>Wenteliena</strong></span> 
     </span>
     <span class='ocr_line' id='line_1_33' title="bbox 220 3733 1462 3820; baseline -0.001 -21"><span class='ocrx_word' id='word_1_268' title='bbox 220 3771 240 3799; x_wconf 67' lang='grc' dir='ltr'><strong>ιι</strong></span> <span class='ocrx_word' id='word_1_269' title='bbox 277 3772 291 3800; x_wconf 82' lang='lat' dir='ltr'>u</span> <span class='ocrx_word' id='word_1_270' title='bbox 305 3739 403 3818; x_wconf 30' lang='lat' dir='ltr'><strong>&#39;mede</strong></span> <span class='ocrx_word' id='word_1_271' title='bbox 433 3737 599 3802; x_wconf 83' lang='lat' dir='ltr'><strong>Boullers⁵</strong></span> <span class='ocrx_word' id='word_1_272' title='bbox 628 3737 747 3801; x_wconf 87' lang='lat' dir='ltr'><strong>clamat</strong></span> <span class='ocrx_word' id='word_1_273' title='bbox 777 3759 890 3800; x_wconf 87' lang='lat' dir='ltr'><strong>uersus</strong></span> <span class='ocrx_word' id='word_1_274' title='bbox 919 3734 1083 3799; x_wconf 82' lang='lat' dir='ltr'><strong>Abbstem</strong></span> <span class='ocrx_word' id='word_1_275' title='bbox 1113 3733 1153 3799; x_wconf 93' lang='lat' dir='ltr'><strong>de</strong></span> <span class='ocrx_word' id='word_1_276' title='bbox 1184 3733 1382 3811; x_wconf 91' lang='lat' dir='ltr'><strong>Lilleshulla,</strong></span> <span class='ocrx_word' id='word_1_277' title='bbox 1405 3736 1462 3820; x_wconf 88' lang='lat' dir='ltr'><strong>qui</strong></span> 
     </span>
     <span class='ocr_line' id='line_1_34' title="bbox 213 3817 1462 3927; baseline -0.005 -21"><span class='ocrx_word' id='word_1_278' title='bbox 213 3817 237 3894; x_wconf 64' lang='lat' dir='ltr'><strong>re·</strong></span> <span class='ocrx_word' id='word_1_279' title='bbox 312 3821 332 3848; x_wconf 38' lang='lat' dir='ltr'><strong>‘i</strong></span> <span class='ocrx_word' id='word_1_280' title='bbox 362 3841 455 3905; x_wconf 88' lang='lat' dir='ltr'><strong>uenit</strong></span> <span class='ocrx_word' id='word_1_281' title='bbox 469 3863 528 3927; x_wconf 92' lang='lat' dir='ltr'><strong>per</strong></span> <span class='ocrx_word' id='word_1_282' title='bbox 549 3847 750 3905; x_wconf 83' lang='lat' dir='ltr'><strong>attometum</strong></span> <span class='ocrx_word' id='word_1_283' title='bbox 771 3861 867 3902; x_wconf 88' lang='lat' dir='ltr'><strong>suum</strong></span> <span class='ocrx_word' id='word_1_284' title='bbox 890 3847 925 3902; x_wconf 92' lang='lat' dir='ltr'><strong>et</strong></span> <span class='ocrx_word' id='word_1_285' title='bbox 947 3838 1027 3902; x_wconf 90' lang='lat' dir='ltr'><strong>dicit</strong></span> <span class='ocrx_word' id='word_1_286' title='bbox 1049 3837 1135 3922; x_wconf 91' lang='lat' dir='ltr'><strong>quod</strong></span> <span class='ocrx_word' id='word_1_287' title='bbox 1157 3837 1257 3901; x_wconf 78' lang='lat' dir='ltr'><strong>assisa</strong></span> <span class='ocrx_word' id='word_1_288' title='bbox 1278 3858 1342 3900; x_wconf 91' lang='lat' dir='ltr'><strong>non</strong></span> <span class='ocrx_word' id='word_1_289' title='bbox 1363 3837 1462 3901; x_wconf 89' lang='lat' dir='ltr'><strong>debet</strong></span> 
     </span>
     <span class='ocr_line' id='line_1_35' title="bbox 362 3939 1463 4029; baseline -0.003 -23"><span class='ocrx_word' id='word_1_290' title='bbox 362 3943 437 4008; x_wconf 88' lang='lat' dir='ltr'><strong>inde</strong></span> <span class='ocrx_word' id='word_1_291' title='bbox 464 3945 542 4020; x_wconf 88' lang='lat' dir='ltr'><strong>fieri,</strong></span> <span class='ocrx_word' id='word_1_292' title='bbox 566 3943 643 4029; x_wconf 87' lang='lat' dir='ltr'><strong>quia</strong></span> <span class='ocrx_word' id='word_1_293' title='bbox 665 3943 747 4006; x_wconf 89' lang='lat' dir='ltr'><strong>bene</strong></span> <span class='ocrx_word' id='word_1_294' title='bbox 771 3941 934 4028; x_wconf 88' lang='lat' dir='ltr'><strong>cognoscit</strong></span> <span class='ocrx_word' id='word_1_295' title='bbox 959 3940 1045 4027; x_wconf 90' lang='lat' dir='ltr'><strong>quod</strong></span> <span class='ocrx_word' id='word_1_296' title='bbox 1068 3939 1230 4004; x_wconf 87' lang='lat' dir='ltr'><strong>Robertus</strong></span> <span class='ocrx_word' id='word_1_297' title='bbox 1252 3940 1294 4004; x_wconf 89' lang='lat' dir='ltr'><strong>dc</strong></span> <span class='ocrx_word' id='word_1_298' title='bbox 1317 3941 1463 4004; x_wconf 84' lang='lat' dir='ltr'><strong>Boullers</strong></span> 
     </span>
     <span class='ocr_line' id='line_1_36' title="bbox 362 4044 1463 4132; baseline -0.005 -20"><span class='ocrx_word' id='word_1_299' title='bbox 362 4047 562 4132; x_wconf 83' lang='lat' dir='ltr'><strong>presentauit</strong></span> <span class='ocrx_word' id='word_1_300' title='bbox 581 4046 730 4110; x_wconf 79' lang='lat' dir='ltr'><strong>ultimam</strong></span> <span class='ocrx_word' id='word_1_301' title='bbox 753 4067 923 4131; x_wconf 87' lang='lat' dir='ltr'><strong>personam</strong></span> <span class='ocrx_word' id='word_1_302' title='bbox 941 4054 1000 4109; x_wconf 89' lang='lat' dir='ltr'><strong>etc.</strong></span> <span class='ocrx_word' id='word_1_303' title='bbox 1022 4053 1057 4109; x_wconf 93' lang='lat' dir='ltr'><strong>et</strong></span> <span class='ocrx_word' id='word_1_304' title='bbox 1078 4044 1165 4109; x_wconf 89' lang='lat' dir='ltr'><strong>idem</strong></span> <span class='ocrx_word' id='word_1_305' title='bbox 1186 4044 1350 4126; x_wconf 82' lang='lat' dir='ltr'><strong>Robertus</strong></span> <span class='ocrx_word' id='word_1_306' title='bbox 1372 4044 1463 4108; x_wconf 87' lang='lat' dir='ltr'><strong>dedit</strong></span> 
     </span>
     <span class='ocr_line' id='line_1_37' title="bbox 361 4148 1462 4238; baseline -0.005 -22"><span class='ocrx_word' id='word_1_307' title='bbox 361 4160 434 4238; x_wconf 89' lang='lat' dir='ltr'><strong>post</strong></span> <span class='ocrx_word' id='word_1_308' title='bbox 449 4151 724 4237; x_wconf 85' lang='lat' dir='ltr'><strong>presentscionem</strong></span> <span class='ocrx_word' id='word_1_309' title='bbox 739 4173 831 4215; x_wconf 84' lang='lat' dir='ltr'><strong>susm</strong></span> <span class='ocrx_word' id='word_1_310' title='bbox 847 4149 952 4214; x_wconf 90' lang='lat' dir='ltr'><strong>cidem</strong></span> <span class='ocrx_word' id='word_1_311' title='bbox 967 4148 1091 4213; x_wconf 86' lang='lat' dir='ltr'><strong>Abbeti</strong></span> <span class='ocrx_word' id='word_1_312' title='bbox 1108 4156 1143 4212; x_wconf 92' lang='lat' dir='ltr'><strong>et</strong></span> <span class='ocrx_word' id='word_1_313' title='bbox 1164 4148 1295 4212; x_wconf 88' lang='lat' dir='ltr'><strong>ecclesie</strong></span> <span class='ocrx_word' id='word_1_314' title='bbox 1312 4148 1342 4212; x_wconf 85' lang='lat' dir='ltr'><strong>S.</strong></span> <span class='ocrx_word' id='word_1_315' title='bbox 1360 4148 1462 4212; x_wconf 79' lang='lat' dir='ltr'><strong>Meris</strong></span> 
     </span>
    </p>
   </div>
   <div class='ocr_carea' id='block_1_5' title="bbox 392 4326 1307 4518">
    <p class='ocr_par' dir='ltr' id='par_1_7' title="bbox 392 4326 1307 4518">
     <span class='ocr_line' id='line_1_38' title="bbox 394 4326 1307 4393; baseline -0.007 -12"><span class='ocrx_word' id='word_1_316' title='bbox 394 4329 402 4361; x_wconf 89' lang='lat'>¹</span> <span class='ocrx_word' id='word_1_317' title='bbox 417 4333 540 4393; x_wconf 75' lang='lat' dir='ltr'><strong>placitum</strong></span> <span class='ocrx_word' id='word_1_318' title='bbox 551 4331 581 4388; x_wconf 77' lang='lat' dir='ltr'><strong>A,</strong></span> <span class='ocrx_word' id='word_1_319' title='bbox 593 4332 745 4380; x_wconf 72' lang='lat' dir='ltr'><strong>satientatem</strong></span> <span class='ocrx_word' id='word_1_320' title='bbox 757 4330 787 4378; x_wconf 88' lang='lat' dir='ltr'><strong>B.</strong></span> <span class='ocrx_word' id='word_1_321' title='bbox 968 4329 979 4360; x_wconf 87' lang='lat'><strong>⁴</strong></span> <span class='ocrx_word' id='word_1_322' title='bbox 995 4329 1026 4376; x_wconf 75' lang='lat' dir='ltr'><strong>A.</strong></span> <span class='ocrx_word' id='word_1_323' title='bbox 1039 4343 1074 4376; x_wconf 91' lang='lat' dir='ltr'><strong>m.</strong></span> <span class='ocrx_word' id='word_1_324' title='bbox 1086 4329 1134 4386; x_wconf 77' lang='lat'><strong>2³;</strong></span> <span class='ocrx_word' id='word_1_325' title='bbox 1151 4327 1182 4376; x_wconf 82' lang='grc' dir='ltr'><strong>Β.</strong></span> <span class='ocrx_word' id='word_1_326' title='bbox 1191 4341 1227 4376; x_wconf 88' lang='lat' dir='ltr'><strong>m.</strong></span> <span class='ocrx_word' id='word_1_327' title='bbox 1240 4328 1271 4376; x_wconf 84' lang='lat' dir='ltr'><strong>ls</strong></span> <span class='ocrx_word' id='word_1_328' title='bbox 1282 4326 1307 4376; x_wconf 78' lang='lat' dir='ltr'><strong>d.</strong></span> 
     </span>
     <span class='ocr_line' id='line_1_39' title="bbox 392 4393 1135 4458; baseline -0.004 -14"><span class='ocrx_word' id='word_1_329' title='bbox 392 4395 442 4444; x_wconf 66' lang='lat' dir='ltr'><strong>&#39;irc</strong></span> <span class='ocrx_word' id='word_1_330' title='bbox 452 4413 476 4445; x_wconf 86' lang='grc' dir='ltr'><strong>υ.</strong></span> <span class='ocrx_word' id='word_1_331' title='bbox 489 4399 584 4458; x_wconf 74' lang='lat' dir='ltr'><strong>septim.</strong></span> <span class='ocrx_word' id='word_1_332' title='bbox 597 4397 627 4452; x_wconf 84' lang='grc' dir='ltr'><strong>Α,</strong></span> <span class='ocrx_word' id='word_1_333' title='bbox 640 4395 669 4446; x_wconf 90' lang='lat' dir='ltr'><strong>B.</strong></span> <span class='ocrx_word' id='word_1_334' title='bbox 968 4396 979 4426; x_wconf 80' lang='lat'><strong>¹⁵</strong></span> <span class='ocrx_word' id='word_1_335' title='bbox 995 4395 1092 4453; x_wconf 71' lang='lat' dir='ltr'><strong>Belem,</strong></span> <span class='ocrx_word' id='word_1_336' title='bbox 1106 4393 1135 4441; x_wconf 91' lang='lat' dir='ltr'><strong>B.</strong></span> 
     </span>
     <span class='ocr_line' id='line_1_40' title="bbox 392 4461 700 4518; baseline -0.003 -8"><span class='ocrx_word' id='word_1_337' title='bbox 392 4461 448 4510; x_wconf 68' lang='grc' dir='ltr'><strong>8Δ.</strong></span> <span class='ocrx_word' id='word_1_338' title='bbox 461 4476 495 4509; x_wconf 90' lang='lat' dir='ltr'><strong>m.</strong></span> <span class='ocrx_word' id='word_1_339' title='bbox 508 4463 551 4518; x_wconf 80' lang='lat'><strong>203</strong></span> <span class='ocrx_word' id='word_1_340' title='bbox 569 4461 700 4512; x_wconf 78' lang='lat' dir='ltr'><strong>B.m.17.</strong></span> 
     </span>
    </p>
   </div>
   <div class='ocr_carea' id='block_1_6' title="bbox 0 0 1676 5217">
    <p class='ocr_par' dir='ltr' id='par_1_8' title="bbox 0 0 1676 5217">
     <span class='ocr_line' id='line_1_41' title="bbox 0 0 1676 5217; baseline 0 2"><span class='ocrx_word' id='word_1_341' title='bbox 0 0 1676 5217; x_wconf 95' lang='lat' dir='ltr'><strong> </strong></span> 
     </span>
    </p>
   </div>
  </div>
 </body>
</html>
