3342 5217
427 442 555 491 unsrun
578 443 651 491 1111)
674 446 823 508 reruni,
846 448 909 496 nn.
936 436 1028 509 1219,
1050 450 1113 499 sn
1137 438 1167 503 3.
1309 440 1353 506 37

240 614 388 680 Mauricii
410 614 450 679 de
475 616 663 681 Golestrode
686 617 743 702 qui
765 628 927 683 uenerunt
942 628 977 684 et
993 620 1053 685 hoc
1072 623 1186 687 testati
1206 624 1348 704 fuerunt,

238 725 402 781 testantur
438 717 540 781 eciam
577 719 663 804 quod
700 720 900 806 Reginsldus
936 724 1153 789 summonitus
1189 727 1254 791 fuit
1290 750 1349 813 per

237 820 398 906 predictos
428 820 601 886 Anfn'dum
638 832 673 885 et
702 823 904 889 Willelmum
941 826 982 891 de
1020 828 1253 895 Herteshurste
1290 833 1348 919 qui

239 931 404 1008 presentes
428 922 487 987 hoc
513 924 627 988 testati
652 925 792 990 fuerunt.
839 928 883 991 Et
905 928 1106 1015 Reginsldus
1128 931 1348 1020 interrogatus

239 1028 348 1103 semel,
365 1028 504 1093 secundo
527 1036 561 1092 et
584 1028 683 1092 tercio
705 1051 769 1093 non
792 1030 895 1107 uenit,
917 1054 976 1096 nee
998 1052 1032 1097 se
1053 1035 1238 1113 esseniauit,
1259 1038 1347 1103 unde

238 1130 475 1195 consideratum
491 1131 554 1195 luit
569 1130 655 1217 quod
670 1132 748 1218 quia
766 1133 932 1219 predictus
951 1136 1152 1221 Reginaldus
1171 1162 1236 1203 non
1254 1141 1347 1205 uenit

239 1255 298 1298 nec
319 1256 353 1297 se
376 1233 551 1297 essonisuit
573 1255 633 1299 nec
656 1242 775 1299 terram
798 1235 889 1299 illam
910 1236 953 1301 ad
977 1236 1088 1303 horam
1110 1247 1145 1304 et
1169 1242 1345 1307 terminum

238 1338 337 1421 peciit
359 1359 417 1423 per
439 1338 613 1422 pleuinsm
634 1338 799 1423 predictus
826 1340 1012 1406 Gilebertus
1036 1342 1171 1408 haberet
1194 1346 1346 1411 seisinam

238 1462 329 1504 suam
358 1463 417 1525 per
445 1439 600 1504 defaltem
628 1439 730 1525 ipsius
759 1440 933 1526 Reginnldi
962 1452 997 1507 et
1026 1444 1113 1509 idem
1143 1446 1345 1533 Reginaldus

238 1543 372 1607 haberet
388 1543 452 1607 tale
468 1565 654 1628 recuperare
670 1544 764 1628 quale
781 1543 899 1609 habere
914 1544 1054 1611 deberet.

304 1648 347 1712 Et
363 1648 563 1733 Reginaldus
577 1670 635 1733 per
650 1647 830 1711 Otewicum
852 1649 882 1711 le
903 1648 1008 1714 Poher
1026 1659 1228 1721 ettematum
1249 1676 1345 1719 suum
1443 1650 1447 1664 '

238 1750 327 1827 dicit,
348 1750 435 1837 quod
456 1751 519 1836 ipsi
541 1752 575 1814 in
597 1774 663 1815 una
685 1760 777 1837 parte
799 1752 1008 1817 recordentur
1029 1776 1145 1839 purum
1167 1764 1201 1820 et
1222 1757 1257 1820 in
1279 1780 1346 1824 una

237 1864 328 1941 parte
359 1855 506 1931 nimium,
536 1856 613 1941 quia
641 1856 681 1919 de
712 1855 771 1920 hoc
805 1855 891 1941 quod
923 1856 987 1941 ipsi
1011 1852 1227 1923 'recordantur
1259 1862 1345 1946 quod

235 1959 385 2023 dominus
405 1982 482 2023 suus
502 1959 717 2023 summonitus
736 1959 801 2023 fuit
822 1968 856 2024 et
879 1959 956 2025 fecit
978 1960 1134 2025 defaltum
1154 1961 1235 2027 dicit
1257 1965 1343 2049 quod

236 2063 357 2127 iniuste
372 2064 431 2128 hoc
446 2063 661 2149 dicunt‚'quia
680 2056 750 2149 ips'e
770 2047 937 2149 nunquam
958 2066 1176 2131 summonitus
1197 2068 1262 2132 fuit
1283 2091 1344 2135 nec

236 2190 379 2253 unquam
402 2168 479 2233 fecit
501 2168 664 2245 defaltam,
687 2176 721 2233 et
743 2169 826 2233 bene
850 2169 997 2234 defendit
1018 2171 1287 2237 summonitiones
1308 2182 1344 2238 et

235 2271 372 2336 defaltas
395 2281 429 2335 et
452 2294 562 2337 omnes
584 2272 767 2358 supersues,
785 2282 836 2337 set
858 2295 973 2338 uerum
995 2276 1069 2339 uult
1091 2275 1204 2341 dicere.
1249 2276 1342 2342 Idem

236 2374 399 2439 Otewieus
413 2374 498 2439 sieut
513 2375 576 2439 fuit
590 2376 625 2438 in
640 2375 798 2440 comitatu
814 2376 965 2441 Sussexie
980 2377 1022 2441 ed
1037 2386 1138 2443 terras
1152 2378 1275 2445 domini
1289 2380 1341 2445 sui

234 2478 460 2543 custodiendus
482 2479 566 2545 sicut
588 2480 780 2544 senescallus
802 2502 889 2557 suus,
910 2480 1039 2545 audiuit
1060 2480 1126 2547 diei
1147 2482 1233 2567 quod
1255 2491 1342 2549 terra

233 2582 378 2666 predicta
395 2582 510 2647 debuit
528 2584 601 2669 capi
619 2583 654 2647 in
674 2606 807 2648 manum
826 2583 951 2648 domini
965 2584 1065 2671 Regis
1084 2593 1119 2649 et
1138 2584 1207 2671 ipse
1227 2587 1340 2653 stetim

233 2670 366 2749 accessit
380 2684 422 2749 ad
436 2685 661 2750 uicecomitem
678 2685 807 2750 Surreie
822 2694 857 2750 et
878 2686 957 2771 quia
973 2686 1099 2751 dictum
1118 2686 1183 2751 fuit
1202 2687 1234 2751 ei
1254 2689 1341 2774 quod

235 2796 320 2851 terra
344 2788 409 2851 iam
439 2797 535 2873 capta
559 2788 623 2852 fuit
649 2788 683 2851 in
710 2810 845 2853 manum
870 2787 994 2852 domini
1020 2788 1120 2875 Regis
1145 2774 1215 2875 ipsc
1240 2790 1341 2875 peciit

233 2887 346 2951 stetim
376 2896 494 2952 terram
524 2887 647 2952 domini
675 2887 726 2952 sui
760 2909 820 2973 per
854 2887 1021 2973 pleuinam
1057 2895 1092 2951 et
1128 2888 1263 2953 accessit
1298 2890 1340 2955 ad

232 2990 415 3076 proximum
437 2991 628 3057 comitatum
651 2992 708 3078 qui
730 2992 794 3056 fuit
816 3015 837 3056 a
858 2991 911 3056 die
929 2991 1082 3056 Mercurii
1101 2991 1248 3077 proxima
1266 3002 1340 3078 pest

232 3092 361 3157 Aseens
384 3094 476 3158 Dum.
498 3094 532 3157 in
555 3101 621 3158 tres
642 3093 841 3179 septimanas
862 3092 958 3157 ante¹
980 3092 1058 3179 quia
1079 3092 1144 3157 duo
1165 3094 1339 3158 comitatus
1398 3149 1411 3176 ¹,

232 3194 385 3259 sederunt
422 3196 505 3260 infra
541 3217 596 3259 sex
634 3194 839 3280 septimanas·
867 3202 903 3258 et
938 3193 980 3259 ad
1015 3193 1207 3258 comitatum
1244 3194 1339 3259 illum
1393 3177 1397 3186 ⁶

176 3332 182 3342 ¹
232 3299 408 3364 essenituit
440 3299 607 3393 dominum
640 3322 735 3364 suum
768 3322 826 3385 per
857 3300 939 3364 duos
972 3300 1183 3365 esscnietores
1216 3299 1338 3365 scilicet

231 3422 290 3485 per
303 3400 466 3485 quendsm
482 3400 685 3465 Gilebertum
698 3409 735 3465 et
750 3399 913 3486 quendam
928 3397 1130 3464 Willelmum
1145 3401 1185 3465 de
1203 3400 1339 3466 seruieio

231 3502 355 3567 domini
377 3501 476 3588 Regis
498 3501 621 3565 scilicet
643 3501 729 3586 quud
750 3501 813 3565 iuit
837 3501 879 3565 ed
904 3501 1149 3566 conducendum
1171 3502 1339 3568 Walenses

230 3628 289 3691 per
302 3613 492 3691 preceptum
507 3603 630 3669 domini
645 3604 753 3691 Regis,
767 3612 802 3669 et
816 3604 913 3669 datus
928 3605 991 3669 fuit
1006 3605 1075 3670 dies
1089 3606 1338 3671 essoniatoribus

228 3710 297 3775 suis
311 3708 353 3774 ad
368 3708 559 3773 comitatum
573 3709 758 3793 proximum
777 3708 900 3773 scilicet
919 3709 972 3773 die
989 3710 1083 3774 Mene.
1098 3711 1245 3795 proxime
1264 3721 1337 3797 post

230 3816 359 3879 Ascens
375 3814 424 3877 ita
439 3812 525 3899 quod
545 3814 613 3899 ipse
630 3813 792 3879 Otewicus
812 3814 876 3878 fuit
895 3814 1023 3900 plegius
1043 3815 1275 3880 essoniatorum
1294 3815 1336 3880 de

228 3917 377 3984 habendo
399 3924 579 3981 warantum
601 3938 696 3980 suum
717 3914 760 3981 ed
779 3916 872 3979 illum
892 3916 1091 3981 comitatum.
1137 3918 1209 3983 Hoc
1223 3927 1335 3983 autem

229 4022 306 4087 fecit
336 4021 405 4107 ipse
437 4019 599 4085 Otewicus
625 4020 738 4084 statim
763 4019 934 4085 mandauit
959 4019 1041 4084 illud
1066 4020 1196 4085 domino
1219 4044 1278 4088 suo
1300 4023 1335 4087 in

227 4126 348 4191 Wallia
362 4132 401 4189 ut
416 4124 491 4189 inde
507 4124 569 4189 sibi
587 4124 778 4209 prouideret.
823 4124 878 4188 Ad
899 4124 1082 4210 predictum
1104 4148 1180 4189 uero
1202 4126 1335 4191 comita-

227 4239 298 4295 tum
319 4228 443 4294 seilicet
462 4235 536 4312 pust
555 4226 684 4293 Ascens.
700 4227 790 4293 misit
810 4227 961 4292 dominus
981 4226 1074 4292 suus’
1093 4228 1192 4293 breue
1213 4228 1336 4295 domini

257 4390 266 4422 ¹
285 4392 353 4439 three
365 4389 443 4438 meets
456 4388 536 4449 before
549 4389 589 4437 the
604 4390 757 4452 chvtesduy
809 4388 850 4438 let
861 4386 929 4449 May.

225 4464 284 4505 next
314 4455 384 4517 aster
408 4454 542 4502 Aseeruien
571 4455 621 4517 clap
652 4454 682 4519 (2)
711 4454 756 4505 i.s.
841 4451 1221 4504 'mmsubstitutedlorRen
