3342 5217
433 445 669 512 men-mm,
690 445 756 501 ut.
778 435 874 512 1224,
894 448 959 501 an.
982 436 1075 503 8—9;
1242 439 1308 503 895

199 633 240 674 N»
267 620 313 685 Et
333 619 509 686 Ga'u'fridna
529 619 624 686 uenit
645 628 681 685 ἐι
701 618 867 707 cognoscit
888 619 988 707 quod'
1004 627 1097 687 tenet
1125 620 1166 689 de
1195 621 1308 688 eodem
1358 683 1362 697 ,

199 725 352 791 Johanne
366 734 417 793 oet
430 724 574 790 remittit
587 724 620 790 ei
633 732 742 790 totum
756 724 888 789 feodum
902 746 1000 791 suum
1015 733 1050 791 ει
1065 724 1175 812 quiete
1189 726 1309 795 clamat
1361 756 1366 769 ·

200 830 233 896 ei
247 829 402 917 quicquid
416 828 463 895 ibi
477 828 595 897 habuit
609 828 694 894 etin
708 826 869 897 dominico
886 836 921 894 et
940 828 1084 907 conuicio,
1107 836 1141 895 ot
1163 831 1310 916 quesitus

200 934 274 1020 quie
295 942 408 999 teneat
429 929 514 1000 illud
532 932 674 1010 feodum,
694 932 777 999 dicit
804 931 893 1021 quod
921 934 1031 1021 Drago
1060 934 1101 1001 de
1131 935 1310 1001 Teintona¹

199 1039 247 1103 Et
259 1038 334 1105 idco
347 1038 585 1108 consideratum
600 1046 651 1104 eat
665 1038 753 1124 quod
765 1038 933 1105 Johannee
943 1040 1149 1126 recuperauit
1159 1039 1310 1109 saisinam

200 1163 293 1207 cuam
307 1141 349 1207 de
363 1140 456 1206 feodo
469 1163 528 1205 suo
542 1148 578 1205 et
592 1139 1056 1224 Gaufridueinmiacricordia
1302 1154 1305 1163 ’

138 1292 148 1309 .
265 1245 382 1333 'Hugo
402 1245 454 1311 (ιε’
466 1244 692 1332 Goding'eham
714 1244 836 1330 optulit
857 1266 892 1311 ee
907 1245 963 1331 iiij.
979 1245 1033 1312 dic
1047 1268 1161 1313 uorsus
1175 1247 1309 1313 Petrum

200 1349 243 1416 de
257 1349 441 1435 Oantelupo
454 1347 495 1415 de
510 1348 631 1434 placito
643 1348 732 1433 pacis
746 1348 841 1414 Dom.
857 1348 957 1436 Regis
971 1350 1107 1415 inflecto
1123 1350 1210 1417 undo
1232 1360 1309 1417 cum

198 1453 345 1539 appellat
366 1459 426 1517 etc
449 1458 484 1517 et
505 1450 624 1515 Petrus
644 1472 711 1516 non
731 1450 826 1517 uenit
847 1458 907 1515 etc
928 1457 982 1517 eet
1003 1472 1038 1517 se
1064 1451 1240 1517 cesoniauit
1268 1452 1309 1519 de

201 1556 319 1623 itinero
331 1576 446 1621 uersus
461 1555 494 1621 S.
509 1554 679 1629 lecchum,
693 1561 729 1619 ει
742 1553 906 1620 esconium
921 1576 986 1620 non
1000 1554 1100 1621 iacet'
1122 1556 1200 1643 quia
1220 1558 1310 1644 prius

200 1675 237 1727 'eo'
250 1659 428 1725 cesoniauit
441 1659 483 1724 de
496 1658 582 1723 malo
596 1657 752 1725 ueniendi
766 1666 800 1724 ct
810 1666 960 1745 preterea
970 1660 1147 1726 esconiatcr
1158 1662 1311 1748 cognouit

201 1764 290 1851 quod
311 1764 375 1829 fuit
396 1762 493 1829 domi.
537 1762 588 1844 Et
603 1759 677 1827 ideo
698 1761 877 1829 uicecomes
899 1762 1019 1829 lrabeat
1047 1785 1163 1850 corpus
1190 1764 1262 1831 eiua
1290 1788 1312 1831 a

201 1868 311 1935 dioS.
334 1866 470 1933 Martini
490 1866 527 1931 in
547 1883 598 1931 xm
620 1866 691 1932 dien
712 1873 772 1933 etc
794 1873 830 1931 et
852 1888 964 1933 omnen
991 1867 1094 1955 plegii
1121 1868 1158 1933 in
1186 1868 1309 1936 miseri·

202 1969 329 2038 cordia⁴

138 2135 147 2149 ,
266 2076 449 2142 ‘Johmmcc
472 2074 519 2141 dc
547 2071 637 2138 Μαι*
665 2081 700 2139 ει
731 2073 804 2139 Eua
831 2096 915 2139 uxor
942 2075 1013 2141 eius
1042 2032 1162 2162 potunt
1198 2098 1311 2143 uersus
1428 2115 1434 2128 ·

197 2180 403 2255 Willeltnum
425 2178 467 2249 de
489 2177 673 2265 Oantelupo
694 2176 829 2243 terciam
849 2185 977 2265 partem
998 2178 1137 2245 duarum
1166 2181 1310 2267 parcium

199 2284 244 2352 dc
265 2282 464 2351 Suttefeldia
483 2289 524 2347 ut
545 2280 687 2347 dotem
677 2280 782 2367 ipsius
802 2282 874 2347 Eue
888 2282 975 2347 unde
991 2282 1176 2419 Willelmus
1191 2283 1311 2350 (lumin

199 2386 526 2475 quondamuirmrus
540 2394 600 2451 etc
1004 2428 1007 2433 -
1373 2396 1376 2406 ’
1428 2394 1434 2446 '3

269 2492 314 2557 Et
334 2491 519 2557 Willelmus
540 2512 607 2556 non
627 2489 703 2555 uult
717 2510 749 2553 ει
737 2488 1003 2575 respondero
968 2490 1033 2555 nini
1047 2490 1137 2555 curia
1150 2444 1310 2557 coneider·
1390 2526 1391 2531 ι
1414 2496 1421 2523 ¹

200 2596 310 2664 auerit
323 2595 394 2661 aina
408 2592 708 2663 warantoeiuedem
720 2593 1032 2662 Euededotenua.
1043 2595 1088 2660 Et
1098 2594 1265 2661 Joha'nnce
1276 2602 1312 2661 et

204 2700 277 2767 Eua
296 2698 412 2765 dicunt
432 2696 520 2783 quod
539 2704 703 2763 warantue
715 2718 796 2762 anua
809 2704 861 2761 εει
875 2696 911 2761 in
925 2696 1073 2763 custodie
1086 2697 1186 2785 Regis
1202 2698 1312 2764 Scocie
1347 2694 1351 2701 '

202 2802 245 2867 de
267 2824 332 2888 quo
354 2807 455 2877 tenet,
476 2806 512 2863 et
533 2806 683 2884 preterea
702 2797 791 2862 idem
811 2798 998 2865 Willelmus
1019 2821 1085 2865 non
1107 2799 1207 2866 habet
1235 2799 1313 2869 inde

203 2904 269 2971 nini
289 2902 474 2969 custodiam
492 2923 551 2987 per
571 2901 746 2986 capitalem
766 2900 937 2968 dominnm
958 2902 1045 2969 feodi
1067 2911 1101 2968 et
1128 2903 1314 2970 Willclmun

204 3009 259 3077 uir
277 3030 357 3073 nuuc
378 3005 462 3073 obiit
482 3006 614 3073 aeiaitus
634 3004 677 3071 dc
697 3013 787 3071 term
805 3005 865 3071 illa
884 3014 921 3071 ct
942 3006 1015 3073 idco
1028 3030 1094 3074 non
1108 3007 1207 3073 debet
1221 3009 1314 3075 heren

203 3110 378 3199 expectari

271 3218 316 3282 Et
338 3214 521 3281 Willclmua
542 3214 706 3301 cognoscit
727 3215 812 3281 bene
833 3216 922 3302 quod
942 3238 1008 3282 non
1030 3214 1130 3282 habet
1151 3215 1228 3281 inde
1249 3216 1313 3281 nisi

203 3321 385 3393 custodiam
406 3344 466 3407 per
486 3320 658 3407 capitalem
679 3319 857 3387 dominum.
901 3321 946 3387 Et
968 3321 1045 3409 quia
1058 3320 1242 3387 Willelmuo
1260 3320 1314 3386 uin

205 3428 278 3495 Eue
295 3425 301 3513 Ι
321 3425 404 3492 obiit
423 3424 502 3491 indo
521 3424 652 3490 aeiaitua
673 3432 709 3489 ει
731 3423 915 3491 Willclmus
936 3425 978 3492 de
1007 3424 1188 3510 (lantelupo
1212 3423 1313 3490 nichil
1428 3500 1437 3513 ι

204 3533 326 3598 'clamat
346 3552 406 3616 per
425 3536 607 3595 warantum
629 3527 692 3592 nisi
713 3550 772 3613 per
792 3527 974 3593 custodiam
996 3535 1032 3593 ει
1053 3550 1112 3614 per
1140 3527 1312 3614 capitalem

204 3634 374 3701 dominum
388 3632 475 3699 feodi
488 3632 726 3698 consideratum
739 3639 791 3697 est
811 3631 898 3718 quod
917 3630 1100 3699 Willelmus
1121 3632 1314 3719 respondeat

203 3739 277 3805 eine
290 3736 454 3804 umento!

273 3841 317 3906 Et
327 3840 512 3908 Willelmus
526 3840 619 3906 uenit
633 3848 669 3905 ct
682 3849 779 3906 uocat
792 3838 870 3905 inde
885 3838 927 3905 ad
938 3792 1118 3905 warantum
1129 3841 1153 3906 J
1153 3840 1313 3905 ohannem

205 3947 249 4012 dc
277 3944 423 4012 Abetott
476 3943 608 4009 Habeat
629 3966 706 4009 eum
730 3964 753 4009 a
776 3942 831 4010 die
858 3944 890 4009 S.
914 3941 1041 4009 Mart.
1030 3964 1067 4007 m
1091 3964 1141 4009 xv.
1164 3942 1234 4010 dice
1256 3966 1315 4031 per

206 4047 329 4116 connid’
343 4047 418 4113 etc⁸
579 4052 583 4057 '

241 4218 461 4283 ¹Hechctopa

241 4285 299 4333 ²13.
310 4298 346 4334 m.
358 4286 382 4336 9.
819 4285 830 4316 ⁶
875 4299 928 4342 arc,

230 4350 401 4407 '’taccitB.
436 4348 665 4401 seantaaob.
820 4349 830 4381 ⁷
995 4348 1289 4407 coadunandae

242 4413 387 4465 ⁴1⁴'ortho
410 4414 496 4477 aequal
517 4426 559 4466 nee
575 4414 663 4473 below,
680 4414 736 4464 MS.
820 4414 831 4445 ⁸
865 4364 968 4464 eracl
1009 4450 1015 4463 .
