3342 5217
414 476 546 526 mmm
568 474 641 524 sun
664 470 801 537 amsa,
822 474 887 525 ιι).
912 462 1007 540 1220,
1029 475 1092 527 ιιι.
1116 464 1145 527 4.
1289 466 1330 529 91

227 646 315 713 misit
330 646 372 714 ad
390 648 565 714 terminum
586 647 626 713 de
646 649 817 714 uoluntate
838 670 897 713 sua
916 656 975 714 etc
991 656 1027 717 et
1045 658 1194 735 preterea
1215 649 1331 718 Comes

225 750 439 817 Gloucestrie¹
454 774 585 838 presens
600 759 650 816 est
664 760 699 816 et
713 751 793 816 dicit
807 751 894 837 quod
908 752 1008 817 nichil
1027 754 1089 818 scit
1109 754 1138 818 si
1157 753 1269 820 Abbns
1288 754 1330 820 ds

226 878 266 919 eo
281 862 393 919 teneat
406 876 466 919 nee
480 876 530 931 ne,
545 861 582 919 et
596 853 803 919 Marescallus
817 862 939 919 sectam
954 856 1168 921 sufficientem
1181 854 1332 943 producit

227 957 313 1043 quod
333 965 419 1022 terra
437 957 495 1021 illa
513 963 564 1021 est
578 954 620 1021 de
634 956 809 1022 elemosina
822 956 946 1021 domini
959 957 1068 1045 Regis,
1083 958 1330 1025 Ocndderatum

227 1070 278 1126 est
292 1056 378 1148 quod
393 1060 563 1126 Falkesins
577 1060 771 1147 respondeat
783 1059 827 1124 ad
841 1061 949 1127 breue

150 1220 157 1231 .
293 1164 337 1229 Et
363 1160 532 1230 Falkesius
557 1184 616 1249 per
640 1170 821 1229 attometos
846 1186 921 1230 suos
942 1164 1035 1230 uenit
1056 1172 1091 1230 et
1112 1115 1290 1232 defendit
1279 1188 1332 1232 rus

226 1286 324 1330 suum
347 1266 419 1330 et
406 1286 587 1352 mgressnm
610 1265 786 1352 sicutipse
807 1264 897 1342 dicit,
912 1275 962 1331 set
984 1288 1100 1332 uerum
1123 1268 1199 1333 uult
1217 1268 1331 1344 dicere,

227 1367 365 1455 contigit
386 1367 473 1454 quod
492 1368 674 1433 manerium
694 1367 777 1433 illud
799 1368 863 1433 fuit
883 1369 1061 1435 Baldewini
1074 1368 1115 1434 de
1131 1368 1282 1435 Bethune
1296 1378 1332 1435 et

227 1480 341 1559 postea
370 1472 515 1537 eiusdem
546 1472 704 1537 Willelmi
733 1472 922 1548 Marescalli,
951 1480 1003 1537 set
1030 1472 1195 1537 occasione
1229 1472 1332 1558 ipsius

228 1576 406 1642 Baldewini
435 1576 476 1641 de
506 1576 669 1641 Bethnme
695 1576 878 1641 manerium
902 1575 984 1640 illud
1012 1584 1127 1662 postea
1154 1576 1269 1641 incidit
1296 1577 1331 1641 in

227 1704 361 1747 manum
386 1678 509 1748 domini
532 1681 633 1768 Regis
653 1680 684 1746 J.
708 1680 765 1767 qui
786 1680 869 1745 illud
891 1679 997 1746 eidem
1019 1680 1171 1746 Falkesio
1191 1680 1234 1746 ad
1254 1704 1332 1747 eum

226 1784 482 1872 promouendum
502 1784 594 1851 dedit
612 1785 698 1849 sicut
716 1784 793 1849 dare
810 1784 921 1870 potuit
939 1806 978 1850 eo
991 1792 1145 1870 tempore,
1159 1784 1282 1850 scilicet
1296 1786 1331 1850 in

226 1908 349 1975 guerra
394 1889 513 1954 Postea
534 1908 612 1953 uero
634 1887 763 1974 quando
786 1908 851 1973 pax
874 1886 962 1952 iacta
979 1886 1045 1951 fuit
1063 1887 1151 1952 inter
1163 1886 1331 1954 dominum

226 1994 351 2081 Regem
374 2003 410 2059 et
434 1994 575 2058 Ramnes
600 2014 674 2057 suos
698 1992 803 2057 noluit
826 1992 915 2057 idem
937 1991 1107 2057 Falkesius
1129 2014 1199 2058 ease
1220 2000 1332 2058 contra

226 2121 431 2167 communem
460 2118 581 2186 pacem,
611 2106 662 2163 set
691 2098 831 2163 libenter
858 2096 1003 2162 reddidit
1032 2098 1213 2162 manerium
1248 2098 1331 2163 illud

225 2202 333 2268 eidam
348 2200 470 2269 Comiti
484 2224 522 2266 ec
537 2200 622 2287 quod
639 2200 704 2265 fuit
717 2200 752 2265 in
767 2200 886 2265 seisina
898 2198 934 2263 in
947 2199 1044 2264 inicio
1054 2220 1177 2286 guerra
1215 2200 1333 2265 Postea

226 2326 305 2373 nero
333 2306 456 2392 placuit
486 2305 591 2371 eidem
622 2304 743 2371 comiti
773 2304 824 2369 sui
858 2303 968 2391 gracia
999 2324 1189 2389 promouere
1224 2304 1331 2390 ipsum

228 2408 414 2474 Falkesium
430 2416 465 2474 et
481 2408 636 2473 concessit
656 2416 691 2473 et
711 2406 854 2472 reddidit
872 2407 955 2472 illud
977 2407 1082 2472 eidem
1103 2407 1252 2472 Falkesio
1274 2430 1332 2493 per

226 2520 350 2577 cartam
386 2534 478 2577 suam
515 2533 612 2598 quam
637 2511 759 2596 profert
788 2510 823 2575 in
853 2509 912 2575 hec
942 2510 1051 2588 uerba,
1081 2509 1241 2575 Omnibus
1269 2518 1331 2576 etc.

227 2613 411 2679 Willelmus
434 2611 523 2679 filius
544 2610 701 2679 Willelmi
723 2612 904 2677 Marescalli
925 2612 1073 2689 salutem,
1096 2612 1237 2677 Nouerit
1257 2614 1331 2678 uni-

226 2714 363 2781 uersitas
377 2724 487 2783 uestra
501 2738 553 2783 me
567 2715 743 2781 reddidisse
758 2722 793 2781 et
807 2715 849 2780 de
866 2735 921 2779 me
941 2723 975 2779 et
995 2714 1036 2779 de
1056 2714 1229 2780 heredibus
1250 2713 1332 2781 meis

226 2816 262 2880 in
287 2824 481 2902 perpetuum
511 2815 660 2901 quietum
688 2814 853 2893 clamasse,
877 2814 1027 2879 Falkesio
1055 2815 1096 2879 de
1125 2816 1267 2880 Breautc
1296 2824 1332 2881 et

227 2918 398 2983 heredibus
412 2918 479 2983 suis
493 2926 600 2983 totum
615 2918 795 2983 manerium
810 2916 851 2982 de
867 2916 1009 2982 Liutona
1027 2940 1102 2982 cum
1122 2918 1332 3004 pertinenciis

227 3032 262 3085 et
277 3029 383 3086 totum
399 3021 450 3086 ius
465 3020 550 3107 quod
564 3021 599 3086 in
614 3020 727 3085 eodem
741 3020 886 3086 manerio
904 3020 1006 3087 habui
1019 3020 1075 3085 uel
1094 3020 1213 3086 habere
1233 3020 1332 3087 debui

228 3124 315 3210 qnod
329 3132 367 3189 ut
381 3130 491 3189 ratum
506 3124 550 3189 sit
565 3124 642 3189 etc¹
654 3144 753 3210 super
766 3126 876 3189 testes

293 3228 386 3293 Idem
395 3228 578 3295 Willelmus
588 3249 647 3314 per
657 3228 771 3293 eadem
781 3228 883 3293 uerba
893 3236 928 3293 et
937 3227 1051 3294 ecdem
1062 3229 1157 3294 modo
1168 3251 1232 3316 qno
1242 3230 1332 3316 prius

229 3330 766 3417 petituersuseundemFalkesium
775 3331 1331 3399 maneriadeBraburnedeKemes·

230 3432 289 3519 by·
303 3440 337 3497 et
351 3431 393 3497 de
409 3433 551 3497 Suttona
564 3455 638 3497 cum
653 3433 862 3519 pertinenciis
875 3442 915 3499 ut
928 3435 980 3500 ius
994 3458 1090 3501 suum
1104 3436 1189 3502 sicut
1203 3437 1300 3522 prius

294 3536 338 3600 Et
349 3533 517 3601 Falkcsius
530 3556 590 3621 per
602 3543 804 3602 attornatum
823 3560 920 3602 suum
939 3536 1126 3623 dicitquod
1146 3560 1212 3603 non
1232 3538 1332 3605 debet

229 3636 270 3702 ad
285 3638 345 3703 hoc
359 3638 458 3703 breue
473 3637 675 3724 respondere,
689 3638 766 3725 quia
780 3638 897 3704 Petrus
917 3639 957 3704 de
977 3640 1056 3705 Alto
1076 3641 1176 3705 Bcsco
1196 3648 1289 3706 tenet
1305 3643 1330 3728 j.

228 3750 409 3807 carucatam
436 3748 521 3807 terre
551 3766 625 3808 cum
654 3743 863 3829 pertinenciis
887 3744 922 3808 in
947 3744 1090 3831 Beytorp
1118 3754 1262 3831 quaest
1291 3747 1332 3811 de

229 3846 436 3932 pertinenciis
457 3846 498 3911 de
522 3846 664 3912 Suttona
693 3856 729 3912 et
756 3856 905 3934 preterea
932 3848 1079 3936 Rogems
1102 3849 1144 3915 de
1167 3850 1199 3915 S.
1224 3850 1332 3915 Marco

228 3960 322 4015 tenet
335 3974 364 4015 x.
381 3949 556 4016 marcatas⁴
570 3958 655 4015 terre
670 3950 705 4015 in
721 3951 863 4017 Suttcna
876 3951 934 4038 qui
948 3975 1014 4017 ιιοιι
1028 3961 1143 4018 tenent
1157 3952 1198 4019 de
1213 3975 1252 4019 eo
1271 3977 1331 4019 nec

229 4054 263 4119 in
286 4054 422 4120 seruicia
445 4076 504 4119 nec
525 4054 560 4119 in
581 4054 742 4119 dominico
765 4062 800 4119 et
822 4054 896 4120 idco
918 4078 984 4119 non
1003 4056 1077 4121 uult
1097 4056 1139 4121 ad
1158 4057 1218 4122 hoc
1233 4058 1332 4123 breue

229 4156 419 4243 respondere
435 4155 498 4221 nisi
512 4156 602 4221 curia
615 4156 873 4223 considerauerit
895 4153 901 4244 Ι

260 4352 269 4386 ¹
288 4351 389 4401 Gilbert
400 4352 428 4401 cf
438 4352 521 4402 Clare.
809 4352 900 4403 seiam
863 4355 870 4365 '

261 4416 744 4469 ’Themllsaddthewitnesses’nsum
842 4388 933 4468 ‘cim
906 4420 1098 4508 mamm

228 4481 281 4532 sud
303 4481 393 4531 letters
416 4482 444 4531 01
469 4486 590 4545 attorney
612 4487 640 4533 to
664 4484 758 4535 deliret
842 4484 955 4534 ‘'mrc.
