3342 5217
628 87 719 152 Et
769 85 817 154 J
820 85 1108 151 ohannes
1155 83 1342 148 uenit
1388 89 1457 147 et
1500 81 1795 146 defendit
1834 81 1937 147 ius
1981 104 2173 148 suum
2218 92 2288 148 et
2335 84 2508 171 quod
2552 93 2727 151 terra

497 190 613 256 illa
670 213 799 256 non
860 198 961 255 est
1012 186 1337 275 partibilis
1389 192 1460 251 et
1512 184 1632 250 hoc
1684 184 1852 250 bene
1905 194 2093 271 patet
2145 186 2301 272 quia
2349 187 2488 273 ipse
2542 197 2727 254 tenet

498 303 741 361 terram
788 295 969 360 illam
1013 316 1132 379 per
1173 290 1522 357 seruicium
1566 288 1852 374 militare
1897 297 1966 355 et
2009 290 2225 355 Adam
2269 300 2459 378 pater
2501 315 2725 358 eorum

498 398 718 465 tenuit
763 421 881 486 per
924 398 1272 464 seruicium
1317 395 1602 460 militare
1652 402 1722 459 et
1773 394 1950 460 idem
2001 396 2048 461 J
2049 396 2335 461 ohannes
2379 396 2506 462 fuit
2550 398 2726 462 filius

499 499 777 586 predicti
809 500 951 564 Ade
984 500 1064 564 de
1096 498 1307 585 prima
1336 517 1534 560 uxore
1565 517 1685 560 sua
1714 502 1783 558 et
1813 495 2168 561 Aunsellus
2197 496 2327 561 fuit
2356 497 2530 562 filius
2571 520 2725 562 suus
2753 520 2864 559 Nota
2875 519 3055 560 aetem

502 605 583 669 de
631 602 915 669 secunda
960 624 1158 666 uxore
1207 622 1327 665 sua
1375 608 1443 665 et
1496 599 1713 664 Adam
1761 607 1831 663 et
1877 599 2016 685 ipse
2069 622 2324 686 semper
2369 609 2726 666 tenuerunt
2752 568 3054 699 Ξῖὲὲζίτίἓῗ

504 715 745 772 terram
773 706 952 770 illam
986 726 1102 789 per
1141 703 1530 768 forinsecum
1574 700 1923 766 seruicium
1953 701 2037 766 xl.
2070 701 2215 767 den.
2245 702 2329 768 ad
2359 704 2726 791 scutagium
2753 708 3039 793 {ffiffiffig‘

503 834 607 876 xx.
637 809 747 874 sol.
778 808 862 872 ad
891 807 1039 894 plus
1070 806 1217 892 plus
1247 814 1316 870 et
1346 805 1430 869 ad
1459 804 1678 869 minus
1708 804 1926 869 minus
1957 813 2025 869 et
2062 806 2236 891 quod
2273 806 2372 871 ita
2410 807 2496 872 sit
2542 808 2729 894 ponit
2754 811 3044 887 ffifssgssssffi

505 937 573 979 se
604 934 801 998 super
828 911 1127 976 iuratam.
2753 894 2868 979 ἓξὲξ
2882 894 2981 979 ἓξὲξ

637 1015 725 1079 Et
765 1012 1117 1079 Aunsellus
1154 1010 1447 1076 defendit
1486 1007 1660 1095 quod
1705 1006 1921 1073 Adam
1963 1017 2152 1095 pater
2193 1033 2349 1077 suus
2392 1034 2727 1099 nunquam
2752 987 3057 1073 feiffxiffiiii‘are

506 1118 663 1185 fecit
691 1116 1038 1182 seruicium
1071 1114 1371 1193 militare,
1402 1121 1471 1179 et
1500 1113 1557 1178 si
1584 1112 1761 1178 idem
1790 1113 1837 1178 J
1839 1113 2125 1178 ohannes
2154 1114 2312 1180 facit
2341 1116 2727 1183 forinsecum
2753 1081 3016 1222 ἓξὲξ·

507 1222 631 1287 hoc
679 1243 810 1285 non
861 1218 1059 1284 debet
1112 1217 1175 1283 ei
1227 1239 1454 1282 nocere
1508 1216 1667 1303 quin
1719 1216 1782 1281 ei
1828 1217 2308 1303 respondeatur.
2399 1220 2487 1284 Et
2537 1222 2728 1287 ambo
2753 1220 3058 1306 ssgfflffissg}

508 1332 762 1412 ponunt
791 1346 861 1389 se
896 1323 1049 1388 inde
1091 1343 1287 1407 super
1328 1321 1609 1386 iuratam
1655 1329 2038 1406 sequentem
2089 1344 2215 1408 que
2263 1331 2455 1409 capta
2499 1332 2600 1389 est
2647 1325 2728 1390 de
2754 1314 2939 1400 ξιξθὲξξξ
2956 1314 3046 1352 ¹¹⁰⁶

510 1428 641 1494 ana
670 1436 845 1492 ten-a
873 1426 945 1490 in
974 1424 1142 1491 maz
2754 1371 3041 1494 ffifflffiss

638 1532 685 1597 J
688 1539 878 1596 urata
908 1530 1094 1595 uenit
1124 1528 1537 1616 recognitura
1566 1552 1645 1593 ex
1679 1551 1990 1595 consensu
2022 1532 2313 1617 parcium
2344 1533 2400 1599 si
2428 1534 2582 1620 xliij.
2604 1557 2730 1602 acr.

512 1658 660 1701 cum
683 1643 844 1721 pert.
870 1633 941 1699 in
966 1633 1175 1720 Illega
1196 1632 1370 1697 unde
1400 1632 1732 1717 predictus
1760 1632 2188 1700 Aunselinus⁸
2218 1636 2458 1703 clamat
2487 1638 2727 1703 medie-

513 1747 721 1804 tatem
781 1760 1007 1803 uersus
1059 1736 1335 1802 eundem
1392 1736 1439 1801 J
1440 1736 1763 1801 ohannem
1816 1760 2127 1823 umquam
2174 1741 2416 1825 partite
2465 1743 2731 1808 fuerunt

516 1851 585 1907 et
617 1840 853 1907 fuerit⁴
894 1852 1068 1905 terra
1111 1839 1436 1926 partibilis
1480 1839 1650 1904 sicut
1694 1839 2023 1927 socagium
2069 1842 2242 1927 quod
2285 1842 2481 1908 inter'
2502 1845 2730 1911 fratres

509 1944 739 2032 partiri
779 1943 977 2008 debet
1019 1942 1127 2007 uel
1167 1965 1315 2018 non,
1346 1941 1503 2028 quia
1541 1950 1678 2006 tam
1719 1943 1766 2008 J
1767 1943 2054 2008 ohannes
2095 1967 2291 2030 quam
2332 1947 2731 2013 Aunselinus

508 2058 865 2137 posuerunt
895 2071 964 2113 se
994 2047 1147 2113 inde
1178 2047 1249 2111 in
1277 2047 1559 2112 iuratam
1589 2046 1788 2113 illam.

638 2155 685 2220 J
687 2162 978 2219 uratores
1027 2152 1257 2217 dicunt
1308 2151 1482 2238 quod
1535 2159 1679 2216 tota
1727 2159 1903 2217 terra
1945 2152 2026 2217 de
2073 2152 2284 2241 Illega
2326 2178 2452 2242 que
2497 2167 2598 2224 est
2650 2159 2730 2224 de

512 2257 699 2323 feodo
744 2256 981 2322 Prioris
1027 2255 1381 2322 Cantuarie
1427 2264 1528 2320 est
1574 2264 1748 2320 terra
1790 2255 2127 2340 partibilis,
2157 2265 2258 2322 set
2287 2259 2367 2323 de
2410 2260 2530 2327 hac
2560 2270 2734 2329 terra

513 2385 708 2449 quam
748 2361 920 2426 idem
964 2361 1011 2426 J
1012 2360 1298 2425 ohannes
1342 2366 1528 2423 tenet
1568 2358 1649 2423 de
1692 2358 1920 2423 eodem
1952 2359 2169 2424 Priore
2199 2362 2500 2428 nesciunt
2530 2366 2586 2429 si
2615 2366 2662 2431 J
2663 2390 2730 2432 o-

508 2465 757 2531 hannes
788 2472 1032 2530 cartam
1063 2465 1304 2529 habeat
1335 2462 1442 2527 uel
1474 2462 1655 2527 aliud
1684 2484 1800 2548 per
1830 2462 2002 2548 quod
2032 2465 2263 2548 partiri
2292 2489 2420 2530 non
2452 2468 2704 2535 debeat.

641 2570 731 2634 Et
777 2569 923 2634 ideo
969 2568 1446 2633 consideratum
1495 2574 1596 2632 est
1648 2564 1822 2652 quod
1874 2565 2274 2634 Aunselinus
2321 2574 2731 2657 recuperauit

514 2673 815 2738 seisinam
845 2695 1031 2737 suam
1062 2672 1142 2737 de
1173 2672 1530 2737 medietate
1560 2670 1822 2736 illarum
1852 2671 2010 2757 xliij.
2039 2695 2161 2739 aer.
2188 2682 2355 2739 terre
2386 2699 2534 2741 cum
2565 2687 2727 2764 pert.

515 2786 583 2842 et
613 2778 658 2842 J
660 2777 946 2842 ohannes
974 2777 1046 2840 in
1076 2775 1527 2842 misericordia.
1617 2775 1720 2841 De
1753 2784 1927 2841 terra
1963 2776 2045 2841 de
2091 2777 2459 2866 Lillesheya
2502 2783 2731 2848 dicunt

514 2881 830 2945 iuratores
882 2880 1054 2967 quod
1103 2903 1232 2944 non
1286 2888 1387 2945 est
1438 2879 1761 2965 partibilis
1807 2880 1962 2966 quia
2012 2882 2226 2947 Adam
2277 2894 2464 2970 pater
2509 2910 2730 2953 eorum
2766 2955 2769 2956 ⁷

514 3008 683 3050 anno
713 2993 783 3050 et
812 2985 917 3050 die
950 3008 1077 3071 quo
1107 2985 1271 3049 obiit
1301 2984 1456 3066 fecit
1486 2984 1637 3049 inde
1669 2984 2054 3050 forinsecum
2094 2988 2458 3067 semicinm,
2488 2999 2556 3055 et
2586 2991 2731 3056 ideo

517 3091 988 3156 consideratum
1034 3099 1134 3154 est
1179 3090 1353 3177 quod
1396 3090 1441 3154 J
1443 3090 1730 3154 ohannes
1770 3097 1953 3154 tenet
1989 3098 2227 3156 terram
2265 3093 2445 3158 illam
2474 3094 2544 3159 in
2572 3117 2730 3181 pace

516 3196 653 3260 sine
685 3195 1039 3281 particione
1070 3203 1138 3259 et
1168 3194 1567 3259 Aunselinus
1597 3194 1666 3258 in
1698 3194 2143 3261 misericordia.
2183 3195 2194 3282 Ι

260 3322 419 3390 704·
560 3370 563 3373 ,
646 3299 670 3330 ⁶
690 3299 1057 3363 Willelmus
1096 3297 1177 3362 de
1220 3298 1426 3362 Becco
1469 3298 1641 3382 petit
1687 3321 1912 3363 uersus
1953 3299 2000 3364 J
2002 3300 2321 3365 ohannem
2365 3301 2447 3365 de
2494 3302 2732 3368 Sancto
2849 3303 2958 3353 [¹⁰³]

520 3400 912 3487 Leodegario
952 3400 1105 3464 dim.
1137 3423 1342 3465 carue.
1375 3408 1543 3464 terre
1585 3423 1733 3465 cum
1775 3409 1936 3486 pert.
1967 3402 2038 3467 in
2071 3403 2490 3469 Cnouldena⁶
2524 3414 2601 3470 ut
2631 3406 2733 3472 ius
2843 3371 2969 3411 xm

518 3528 709 3570 suum
740 3511 859 3569 etc.

584 3674 603 3706 ¹
638 3674 708 3723 As
740 3676 798 3724 to
830 3672 1090 3735 changing
1120 3673 1210 3723 the
1246 3677 1442 3736 tenure,
1489 3689 1573 3724 see
1674 3676 1821 3738 place
1845 3676 1891 3725 is
1914 3676 2118 3726 Monks’
2143 3677 2348 3739 Eleigh.

437 3755 442 3761 ’
518 3740 606 3791 Br.
644 3739 680 3791 f.
718 3740 812 3796 36;
870 3753 929 3788 as
970 3744 1024 3787 to
1066 3739 1472 3800 primogenitum
1515 3740 1573 3789 in
1740 3741 2078 3801 ³>Aunsellua
2105 3743 2180 3801 A;
2217 3745 2462 3805 Amellus,
2492 3744 2551 3798 B.

521 3819 701 3867 socage
724 3803 866 3861 land,
890 3804 926 3855 f.
956 3804 1036 3855 76.
1739 3806 1761 3838 ⁴
1796 3807 1935 3857 Corr.
1956 3809 2084 3870 suit,
2111 3808 2171 3866 A,
2196 3808 2256 3857 B.

584 3870 606 3901 ²
637 3871 682 3918 A
725 3868 825 3918 has
869 3871 1049 3927 Illam5
1100 3868 1144 3917 B
1187 3883 1331 3919 more
1379 3868 1574 3933 rightly
1741 3872 1762 3903 ⁶
1794 3872 1855 3919 A.
1880 3887 1949 3922 m.
1981 3873 2040 3930 1;
2074 3872 2136 3921 Β.
2161 3889 2231 3922 m.
2257 3875 2306 3922 2.

521 3936 735 3998 llleyha.
819 3934 911 3983 See
967 3933 1106 3983 what
1160 3934 1377 3986 follows
1462 3935 1573 3984 The
1741 3936 1763 3968 ⁶
1800 3938 2168 3996 Cneusdun'‚B.
2192 3938 2422 4001 Perhaps
2438 3940 2732 3993 Knowlton.
