3342 5217
535 456 762 516 1111111111.
789 442 881 516 1222,
905 455 966 503 aa
991 443 1018 504 6.
1264 441 1326 503 109

223 755 284 821 DE
306 755 513 821 TERMINO
538 755 568 820 S.
594 753 788 819 HYLARII
810 752 943 818 ANNO
969 751 1104 817 REGIS
1134 751 1327 817 HENRICI

412 858 522 922 FILII
553 857 688 923 REGIS
718 855 954 922 IOHANNIS
985 853 1138 920 SEXTO.

98 1058 173 1118 125,
287 1045 456 1110 Michaelis
484 1065 620 1130 persona
648 1042 689 1108 de
720 1043 915 1108 stratfordia
942 1043 1164 1107 atthachiatus
1193 1043 1257 1107 fuit
1286 1041 1327 1106 ad
1392 1064 1443 1104 111

223 1147 481 1234 respondendum
511 1147 651 1213 Radulfo
680 1147 747 1212 filio
771 1148 907 1213 Rcberti
928 1148 969 1213 de
992 1148 1112 1233 placito
1139 1168 1237 1233 quare
1263 1170 1328 1211 non

224 1256 316 1314 tenet
330 1249 361 1313 ei
376 1249 475 1313 finem
490 1249 612 1314 factum
627 1248 766 1314 incuria
779 1249 880 1334 Regis
895 1248 1025 1313 Ricardi
1036 1248 1123 1313 inter
1134 1247 1328 1334 Magistrum

224 1350 405 1416 Fabianum
429 1350 591 1436 quondam
616 1373 786 1436 personam
809 1351 954 1416 eiusdem
977 1350 1110 1415 ecclesie
1132 1357 1191 1415 etc.
1215 1349 1328 1414 11111-

224 1454 375 1520 cardum¹
397 1453 501 1518 filium
526 1443 662 1519 Rcberti
684 1461 810 1539 patrem
834 1453 936 1539 ipsius
962 1453 1093 1518 Radulfi
1118 1453 1210 1517 cuius
1236 1452 1329 1516 heres
1343 1467 1489 1508 mamaea.

224 1558 292 1644 ipse
307 1567 366 1635 est,
381 1559 422 1623 de
444 1557 613 1623 1111111111
636 1567 720 1622 terre
742 1581 817 1623 cum
840 1557 1048 1643 pertinenciis
1069 1557 1105 1621 in
1127 1555 1330 1632 stratfordia,

225 1660 311 1726 unde
328 1661 555 1747 cirographum
576 1670 633 1726 etc.
656 1661 742 1746 quod
764 1661 885 1746 profert
909 1669 944 1725 et
966 1659 1051 1746 quod
1073 1668 1222 1735 testatur,
1244 1658 1330 1744 quod

225 1763 298 1828 finis
313 1763 418 1828 factus
433 1764 496 1828 fuit
511 1765 597 1828 inter
612 1764 806 1850 Magistrum
821 1764 1003 1828 Fabianum
1018 1785 1186 1848 personam
1198 1763 1330 1827 ecclesie

224 1865 265 1930 de
287 1866 481 1931 Stratfordia
502 1875 536 1929 11
558 1865 738 1930 Rcbertum
761 1866 903 1930 Militem
926 1866 967 1931 de
994 1864 1187 1930 Stratiordia
1210 1871 1245 1928 et
1266 1864 1329 1928 Re-

225 1968 354 2034 bertum
375 1969 480 2033 filium
504 1968 639 2033 Rcberti
667 1968 708 2033 de
738 1991 809 2034 xxv.
834 1969 916 2034 11111
945 1977 1030 2033 terre
1053 1967 1094 2032 de
1117 1966 1235 2031 Ware'
1255 1989 1330 2031 cum

225 2074 433 2160 pertinenciis
448 2072 482 2137 in
499 2073 700 2150 Stratfcrdia,
715 2095 796 2159 quas
810 2073 976 2160 predictus
990 2072 1154 2137 Fabianus
1176 2071 1331 2136 clamauit

225 2179 267 2244 ad
282 2179 411 2244 feodum
426 2179 558 2244 ecclesie
574 2201 639 2254 sue,
649 2178 772 2242 scilicet
786 2178 872 2264 quod
886 2175 1051 2262 predictus
1062 2176 1224 2240 Rcbertus
1236 2175 1331 2239 Miles

226 2283 377 2369 cognouit
388 2283 570 2369 predictum
582 2289 806 2346 tenementum
818 2304 887 2346 essa
896 2281 1026 2346 feodum
1035 2280 1179 2366 predicte
1190 2279 1331 2355 ecclesie,

227 2395 261 2450 et
275 2385 357 2450 illud
377 2385 408 2450 ei
429 2384 571 2449 reddidit
593 2393 651 2448 121.
675 2393 709 2448 11
731 2383 889 2470 Magister
911 2383 1075 2448 Fabianus
1096 2383 1252 2448 concessit
1273 2405 1332 2467 per
1468 2451 1472 2459 ,

224 2485 408 2572 promtum'
443 2486 561 2572 prefati
598 2485 733 2550 Rcberti
769 2485 892 2560 militis,
929 2485 1054 2571 prefato
1091 2484 1235 2549 Rcberto
1263 2485 1331 2548 filio

227 2589 361 2654 Rcberti
376 2597 482 2654 totum
498 2589 660 2674 prefatum
682 2595 908 2652 tenementum
929 2611 1004 2652 cum
1025 2589 1158 2673 capitali
1179 2589 1331 2674 mesagio,

226 2692 404 2757 tenendum
429 2693 492 2757 sibi
521 2700 556 2756 et
586 2690 758 2756 heredibus
787 2692 855 2756 suis
884 2692 924 2757 de
954 2691 1100 2778 predicta
1128 2692 1262 2756 ecclesia
1290 2692 1331 2757 de

228 2797 421 2862 stratfordia
438 2818 496 2883 par
515 2795 687 2860 seruicium
703 2803 843 2881 quatuor
863 2796 918 2862 sol.
941 2817 999 2881 per
1020 2817 1142 2860 annum
1164 2817 1221 2880 pro
1243 2794 1332 2861 omni

226 2901 361 2966 seruicio
389 2901 479 2965 saluo
504 2900 658 2964 forinseco
684 2908 743 2964 etc
768 2899 855 2964 unde
883 2899 970 2963 idem
1000 2898 1160 2962 Radulfus
1189 2893 1332 2962 ostendit
1383 2980 1388 2989 ι

227 3005 312 3089 quod
333 3004 495 3069 Rcbertus
516 3012 610 3089 pater
629 3025 708 3068 suus
732 3025 789 3089 per
809 3003 910 3067 finem
932 3003 1026 3066 illum
1047 3002 1111 3066 fuit
1139 3000 1269 3066 saisitus
1291 3001 1332 3065 de

226 3116 313 3172 terra
326 3107 383 3171 illa
397 3115 468 3172 tota
483 3109 553 3172 uita
567 3130 626 3172 sua
640 3116 713 3193 post
727 3107 826 3172 finem
842 3107 945 3183 illum,
957 3116 991 3171 et
1006 3105 1088 3170 obiit
1101 3105 1178 3170 inde
1191 3105 1332 3182 saisitus,

227 3218 354 3296 etpost
376 3219 513 3276 mortem
536 3211 606 3276 eius
627 3211 782 3276 remansit
804 3211 874 3296 ipsa
895 3211 931 3275 in
952 3210 1098 3275 custodia
1116 3209 1254 3296 predicti
1269 3210 1331 3273 Mi-

226 3313 346 3378 chaelis
369 3336 443 3378 cum
466 3322 552 3378 terra
580 3313 645 3390 illa,
668 3322 702 3378 et
728 3321 841 3378 contra
868 3313 967 3377 finem
996 3313 1090 3376 illum
1118 3312 1272 3377 deforciat
1301 3311 1332 3376 11

228 3425 331 3482 totam
346 3426 465 3482 terram
481 3419 569 3482 illam
585 3427 619 3482 et
634 3419 719 3504 petit
734 3416 821 3503 quod
835 3417 909 3482 finis
924 3426 1081 3482 teneatur.

293 3522 337 3586 Et
351 3521 520 3586 Michaelis
533 3543 592 3607 per
613 3528 815 3586 attornatum
830 3543 926 3585 suum
946 3520 1039 3584 uenit
1054 3529 1089 3584 et
1102 3518 1249 3584 defendit
1263 3519 1332 3583 uim

228 3634 262 3690 12
276 3625 437 3702 iniuriam,
452 3635 486 3690 12
501 3625 580 3690 (11111
596 3624 682 3711 quod
697 3625 737 3688 da
752 3624 816 3688 fine
831 3624 888 3688 illo
908 3623 1007 3688 nichil
1027 3623 1088 3688 scit
1103 3623 1181 3708 quia
1199 3622 1333 3687 ecclesia

227 3753 287 3795 sua
308 3752 367 3816 par
390 3730 430 3795 xl.
452 3751 552 3794 annos
574 3729 687 3794 saisita
708 3727 772 3793 fuit
795 3727 835 3792 de
860 3737 947 3792 terra
969 3727 1027 3791 illa
1048 3727 1083 3790 in
1105 3726 1274 3803 dominico,
1297 3734 1331 3790 et

227 3833 338 3898 saisita
352 3841 403 3898 est
416 3833 464 3896 ita
478 3832 564 3919 quod
579 3832 740 3897 Rcbertus
755 3841 849 3916 pater
863 3830 1008 3895 eiusdem
1022 3829 1153 3893 Radulfi
1167 3829 1331 3914 perfinam

228 3937 322 4002 illum
341 3936 369 4002 si
383 3937 488 4001 factus
505 3935 577 4013 fuit,
597 3957 762 4020 nunquam
786 3933 938 3998 saisinam
959 3932 1076 3997 habuit
1097 3932 1138 3997 de
1162 3940 1249 3996 11111
1267 3932 1333 4010 illa,

229 4063 288 4105 nac
313 4039 389 4106 inde
413 4039 494 4104 obiit
519 4039 657 4115 saisitus,
678 4047 713 4102 et
736 4037 811 4102 inde
835 4037 928 4123 ponit
953 4059 988 4102 11
1013 4059 1110 4122 super
1134 4037 1274 4101 iuratam
1298 4047 1332 4102 et

230 4143 388 4208 Radulfus
402 4143 551 4208 similiter
565 4142 606 4208 ad
624 4140 914 4228 recognoscendum
935 4141 962 4206 si
984 4141 1148 4226 predictus
1170 4141 1332 4206 Rcbertus

229 4255 302 4332 post
327 4247 425 4312 finem
451 4249 573 4312 factum
603 4246 689 4310 inter
714 4267 788 4310 eum
815 4252 850 4309 et
875 4245 1057 4331 pradictum
1083 4245 1264 4310 Fabianum
1290 4244 1331 4308 de

262 4401 360 4450 ι(1111.
371 4401 523 4451 Rcbertum?
838 4398 991 4462 'Probably
1006 4399 1029 4449 it
1044 4398 1138 4449 should
1157 4399 1187 4448 be
1206 4405 1330 4460 mantum,

261 4467 451 4516 ’deucrectof
805 4469 924 4527 agrant3
941 4465 1121 4526 seeDucange.
