3342 5217
353 362 417 425 494
563 370 799 437 mouimus,
820 376 887 426 nn.
912 358 1006 437 1231,
1026 376 1092 425 nr.
1117 362 1252 425 15—16.

417 544 461 609 Et
476 543 661 609 willelmus
676 543 770 608 uenit
785 550 819 608 et
833 542 915 609 dicit
929 543 1015 630 quod
1029 566 1095 607 non
1108 543 1209 608 debet
1222 542 1254 607 ei
1267 540 1463 627 respondere

352 648 393 713 dc
420 648 496 713 dote
525 647 583 712 illu
607 648 685 734 quis
711 656 856 733 tempore
880 646 1017 712 Henrici
1040 647 1071 711 le
1098 646 1218 713 Olauer
1242 668 1341 732 quern
1364 654 1465 709 uocet

351 753 459 819 uiuum
474 776 571 819 suum
585 752 669 818 bene
684 775 743 839 per
757 759 823 817 tres
837 774 939 817 annos
953 760 1031 817 ente
1046 759 1186 817 mortem
1199 750 1305 837 ipsius
1324 748 1463 815 Hem-ici

350 858 439 945 cepit
453 858 524 945 ipsc
538 858 572 922 in
588 856 696 922 uirum
711 856 875 944 quendum
886 856 1065 922 Rudull'um
1079 855 1121 921 de
1136 855 1362 921 Sunderluude
1375 863 1414 920 ct
1427 854 1464 919 in

351 962 423 1027 uita
437 962 539 1049 ipsius
554 962 691 1028 Henrici
705 962 768 1028 fuit
782 962 855 1049 ipss
870 962 906 1026 in
928 960 1048 1027 seisina
1065 960 1107 1026 de
1126 960 1241 1027 codem
1260 960 1403 1025 Rudulfo
1423 970 1465 1024 ut

351 1065 391 1131 de
407 1066 477 1131 uiro
491 1088 550 1131 suo
564 1075 599 1130 et
613 1066 720 1131 cdhuc
735 1075 785 1131 est
796 1066 831 1131 in
842 1066 970 1144 scisins,
983 1074 1018 1131 et
1028 1066 1110 1131 dicit
1120 1066 1208 1153 quod
1219 1066 1289 1153 ipse
1301 1064 1464 1131 deulfus

351 1193 423 1235 eam
438 1170 647 1257 desponsauit
661 1172 751 1257 apud
765 1170 1065 1236 Braundfeuldium

416 1276 461 1339 Et
475 1275 628 1340 Johcnnu
641 1274 725 1340 bene
741 1274 888 1339 defendit
903 1273 990 1359 quod
1004 1296 1172 1359 nunquam
1188 1272 1277 1358 cepit
1296 1273 1332 1337 in
1351 1272 1463 1337 uirum

352 1380 459 1466 ipsum
475 1379 654 1445 Rcdulfum
669 1403 729 1445 noc
744 1388 890 1465 tempore
906 1378 1042 1443 Henrici
1056 1400 1201 1465 unquam
1221 1376 1324 1442 ulium
1343 1377 1464 1442 hebuit

352 1481 386 1546 in
403 1481 509 1547 uirum
524 1505 620 1569 quum
641 1482 823 1569 predictum
840 1481 1021 1547 Heuricum
1040 1489 1076 1545 et
1095 1481 1177 1546 dicit
1189 1480 1278 1567 quod
1297 1480 1465 1566 predictum

352 1586 515 1652 chricus
529 1586 611 1651 obiit
626 1585 755 1651 scisitus
775 1584 816 1651 de
835 1608 875 1651 cu
895 1584 981 1650 sicut
994 1583 1036 1649 de
1057 1606 1158 1649 uxore
1179 1605 1240 1648 suu
1260 1591 1297 1649 ct
1318 1584 1354 1648 in
1375 1593 1466 1648 tenu

353 1690 465 1757 illude
480 1690 669 1778 quadotem
685 1689 778 1775 petit.

320 1856 325 1865 .
418 1796 462 1861 Et
477 1794 661 1859 Willelmus
676 1793 858 1880 dicitquod
879 1793 1045 1879 predictus
1059 1792 1220 1858 Rcdullus
1239 1800 1291 1858 cst
1310 1792 1364 1858 uir
1383 1816 1464 1859 suus

353 1908 388 1965 et
408 1898 471 1964 fuit
494 1906 639 1984 tempore
660 1896 798 1984 predicti
819 1897 956 1963 Henrici
974 1896 1153 1962 secundum
1174 1896 1261 1984 quod
1280 1896 1465 1984 predictum

353 2008 411 2067 est.
457 2000 575 2065 Postea
588 2000 682 2065 uenit
697 1999 863 2085 predictus
877 1998 1038 2064 Rudulfus
1052 2021 1159 2064 coram
1173 1998 1361 2064 iusticisriis
1374 2000 1465 2087 apud

354 2105 678 2172 westmonasterium
702 2114 737 2171 et
763 2105 916 2193 cognouit
938 2103 1025 2190 quod
1047 2104 1113 2169 ium
1134 2112 1208 2169 octo
1228 2104 1324 2169 annis
1345 2104 1466 2191 elapsis

353 2210 395 2277 sd
410 2210 529 2275 festum
553 2209 583 2275 S.
601 2208 730 2273 Andree
751 2207 847 2273 duxit
868 2207 904 2272 in
925 2229 1060 2272 uxorem
1077 2206 1257 2293 predictum
1277 2208 1465 2273 Johnnnnm

353 2314 482 2400 puplice
498 2322 532 2377 ct
549 2312 585 2377 in
600 2313 680 2379 fecie
700 2312 832 2378 ecclesie
852 2312 942 2399 opud
956 2311 1246 2377 Brcundfeuldium
1267 2334 1376 2377 corum
1392 2313 1465 2398 plu-

353 2418 451 2495 ribus,
466 2425 500 2481 et
515 2416 595 2481 dicit
610 2416 697 2502 quod
711 2415 783 2502 ipsc
797 2415 953 2501 placitare
973 2436 1039 2480 non
1052 2422 1162 2500 potest
1181 2414 1252 2479 sine
1267 2437 1315 2492 eo,
1329 2424 1366 2480 et
1379 2416 1465 2483 bene

355 2520 536 2608 dicitquod
555 2520 720 2607 predictus
735 2521 897 2586 chricus
917 2518 1091 2607 aliquando
1105 2518 1314 2605 inplacituuit
1333 2542 1410 2585 eum
1431 2530 1467 2587 ct

354 2624 532 2711 predictam
562 2624 747 2690 Johannam
776 2633 811 2689 et
841 2624 939 2711 petiit
968 2646 1040 2689 eam
1070 2624 1106 2688 in
1133 2646 1277 2700 uxorem,
1306 2632 1359 2688 set
1386 2634 1467 2690 ante

355 2729 511 2794 iudicium
526 2736 561 2793 ct
575 2729 775 2793 sentenciam
791 2729 892 2794 latam
907 2728 990 2793 obiit
1004 2728 1092 2793 idem
1108 2727 1270 2793 Henricus
1284 2727 1320 2792 in
1335 2729 1467 2814 placito,

355 2842 389 2899 et
400 2832 481 2898 dicit
492 2833 577 2918 quod
589 2840 702 2919 postea
715 2833 883 2899 sentencie
896 2833 964 2897 latu
978 2840 1028 2897 est
1042 2855 1101 2918 pro
1115 2831 1172 2898 eo¹
1184 2854 1292 2897 corum
1304 2833 1467 2919 Episcopo

356 2936 555 3002 Norwicensi
576 2960 634 3023 pcr
649 2959 747 3024 quam
767 2937 839 3023 ipsc
857 2937 889 3001 ei
909 2936 1096 3002 adiudicctu
1114 2945 1165 3002 cst
1186 2936 1272 3001 sicut
1294 2960 1376 3003 uxor
1396 2960 1465 3004 suc.

325 3066 329 3075 ’
356 3040 434 3106 Post
459 3040 552 3105 uenit
578 3040 739 3106 Thomas¹
766 3041 984 3106 Norwicensis
1013 3041 1191 3127 Episcopus
1215 3050 1252 3107 ct
1275 3042 1356 3107 dicit
1378 3044 1468 3130 quod

356 3145 380 3209 J
380 3144 508 3209 chunna
522 3146 800 3210 excommunicetu
814 3152 865 3210 est
879 3155 915 3210 et
929 3145 1015 3232 quod
1030 3146 1190 3211 deullus
1205 3154 1257 3211 est
1270 3146 1323 3211 uir
1336 3170 1418 3213 suus
1432 3159 1467 3215 et

357 3248 443 3335 quod
465 3249 674 3335 solempniter
693 3272 765 3314 com
785 3250 995 3336 desponscuit
1014 3249 1102 3336 apud
1120 3251 1376 3319 Brunfculdium
1423 3254 1468 3318 Et

357 3354 430 3419 ideo
445 3353 627 3419 Willelmus
642 3352 717 3418 inde
733 3354 802 3419 sine
817 3353 870 3419 die
886 3354 988 3419 donec
1002 3354 1155 3419 Johunns
1168 3354 1368 3423 cbsolustur.

302 3524 308 3537 ,
424 3457 559 3522 Mutillis
581 3480 644 3544 que
662 3458 726 3522 fuit
748 3480 830 3523 uror
852 3458 1004 3523 Nicholai
1026 3458 1066 3524 de
1089 3459 1122 3524 lc
1135 3459 1222 3545 Wyk
1243 3461 1331 3545 petit
1352 3485 1468 3528 uersus

358 3562 497 3628 Alicicm
517 3560 558 3626 de
581 3562 700 3627 Esham
721 3561 809 3648 quod
830 3562 946 3627 reddat
967 3562 999 3627 ei
1019 3562 1201 3628 custodium
1222 3572 1388 3652 terreque
1403 3566 1469 3633 fuit

358 3666 460 3753 ipsius
475 3664 627 3729 Nicholsi
646 3664 681 3729 iu
702 3664 908 3752 Bedinghcm
923 3688 988 3751 que
1003 3667 1046 3732 ud
1068 3689 1140 3732 ecm
1160 3668 1305 3753 pertinet
1326 3692 1366 3735 co
1380 3671 1468 3757 quod

358 3769 524 3857 prodictus
539 3770 571 3832 N
573 3768 717 3834 icholaus
735 3776 855 3834 terrem
875 3769 965 3834 illam
985 3771 1094 3835 tenuit
1116 3771 1151 3835 in
1172 3772 1318 3860 socccgio
1339 3776 1469 3862 etquis

358 3872 504 3959 predicta
519 3871 655 3937 Matillis
669 3880 719 3937 cst
734 3872 945 3959 propinquior
959 3873 1082 3939 hered’⁸
1097 3875 1198 3961 ipsius
1214 3876 1376 3944 Nicholni

425 3978 469 4042 Et
491 3976 597 4042 Alicio
618 3976 711 4042 uenit
734 3986 768 4043 ct
790 3976 981 4065 dicitquod
1005 4002 1070 4043 non
1095 3980 1195 4045 debet
1219 3980 1252 4046 ei
1273 3984 1468 4069 respondere

359 4082 436 4169 quis
443 4081 608 4168 predictus
619 4082 650 4146 N
653 4081 797 4147 icholcus
809 4082 926 4147 hebuit
937 4082 1112 4168 quemdum
1123 4107 1257 4150 uxorem
1269 4086 1468 4156 Mctillidcm

392 4274 457 4325 1Ιιι
485 4274 575 4327 favour
602 4275 631 4325 of
662 4277 757 4339 Rclpt.
803 4274 886 4325 There
969 4274 1134 4326 ’Blunvilln

359 4354 421 4403 moy
442 4340 507 4390 hove
529 4340 594 4390 been
616 4354 697 4403 msny
718 4356 824 4392 reasons
846 4340 887 4391 for
970 4340 1144 4403 ’teredibm
1167 4342 1213 4394 the
1229 4351 1333 4398 nearest
1356 4349 1468 4402 mhfion

360 4404 613 4468 excommunimting
625 4407 701 4457 Josn.
938 4404 1022 4456 ottho
1032 4406 1108 4458 heire
