3342 5217
368 438 429 502 504
576 442 809 503 incnnanuns,
831 442 895 490 an.
920 426 1014 499 1231,
1036 438 1100 489 aa
1124 425 1263 488 15-16.

369 644 432 708 quo
447 618 611 707 predictus
626 617 697 680 Rex
718 614 748 679 J.
764 611 856 677 dedit
878 609 1060 674 manerium
1081 608 1165 672 illud
1186 608 1331 693 predicto
1353 605 1481 671 Abbati

371 722 447 786 fecit
473 718 633 805 predictas
662 722 767 779 sectas
793 712 834 776 sd
860 710 982 775 curiam
1012 708 1053 773 de
1079 708 1273 773 Ferenduna
1301 706 1483 772 secundum

372 820 458 908 quod
479 819 661 906 predictum
684 825 734 880 est
759 822 793 879 et
817 814 846 878 si
869 835 996 898 semper
1018 810 1224 897 postmodum
1246 819 1368 875 sectam
1389 809 1482 873 illam

373 925 450 990 fecit
472 944 574 1008 usque
597 920 639 985 ad
661 928 727 983 tres
749 939 851 981 annos
870 914 1017 1001 proximo
1031 914 1211 999 protentos,
1225 922 1260 977 et
1274 911 1426 977 similiter
1439 910 1484 974 ad

374 1024 665 1113 recognoscendum
688 1043 785 1108 super
807 1026 1045 1084 sacramentum
1065 1039 1161 1080 suum
1181 1038 1262 1101 quas
1274 1023 1380 1079 sectas
1393 1013 1485 1077 idem

376 1130 569 1195 Lambertus
598 1136 678 1191 tunc
708 1125 784 1190 fecit
814 1131 849 1187 et
878 1131 992 1208 postea
1026 1142 1154 1205 semper
1181 1119 1223 1184 ad
1252 1118 1328 1183 dim.
1359 1140 1485 1183 annum

376 1234 521 1322 proximo
536 1232 729 1319 preteritum
741 1230 758 1293 ¹.

279 1340 292 1353 '
319 1384 326 1397 .
441 1336 608 1403 ‚Iohannes
637 1333 723 1397 filius
753 1330 885 1396 Ricardi
914 1330 1000 1415 petit
1029 1351 1141 1393 uersus
1170 1329 1352 1393 Rcbertum
1377 1328 1486 1392 filium

273 1446 300 1474 ¹¹⁰
377 1440 515 1507 Walteri
544 1438 585 1503 de
615 1435 850 1503 Iselhamstede
886 1433 962 1498 dim.
993 1433 1073 1521 uirg.
1105 1442 1190 1498 terre
1226 1456 1300 1498 cum
1338 1441 1420 1519 pert
1450 1432 1486 1495 in

377 1540 613 1610 Iselhamstede
627 1548 666 1604 ut
682 1540 733 1603 ius
747 1561 844 1603 suum
860 1545 918 1602 etc.

444 1647 488 1711 Et
503 1644 665 1709 Robertus
680 1640 773 1707 uenit
787 1649 822 1705 et
837 1640 918 1705 dicit
932 1640 1019 1726 quod
1038 1663 1104 1705 non
1124 1639 1222 1705 debet
1242 1642 1273 1706 ei
1292 1639 1487 1726 respondere

379 1774 439 1816 nec
453 1756 561 1836 potest
580 1757 700 1811 terram
721 1744 812 1809 illam
835 1744 953 1809 lucrari
974 1744 1028 1809 uel
1051 1743 1184 1830 perdere
1206 1745 1285 1831 quia
1305 1768 1371 1809 non
1394 1753 1489 1809 tenet

380 1862 500 1917 terram
521 1850 612 1914 illam
634 1848 697 1913 nisi
718 1847 761 1912 ad
780 1847 958 1911 terminum
973 1846 1014 1911 de
1029 1868 1114 1911 anno
1128 1847 1162 1911 in
1176 1870 1299 1912 annum
1314 1847 1357 1912 ad
1371 1847 1489 1911 uolun-

381 1965 485 2022 tatem
501 1954 636 2019 Roberti
651 1952 729 2017 Occi
741 1961 775 2017 et
788 1950 959 2016 Matillidis
973 1950 1081 2015 uxoris
1095 1951 1167 2015 eius
1177 1959 1213 2015 et
1225 1951 1359 2016 Mabih'e
1373 1950 1491 2015 sororis

280 2068 283 2073 '
380 2059 483 2145 ipsius
505 2056 676 2121 Matillidis
697 2076 761 2141 que
783 2062 950 2141 presentes
966 2063 1050 2118 ¹sunt
1069 2061 1104 2117 et
1119 2054 1179 2118 hoc
1193 2063 1399 2141 cognoscunt.
1445 2054 1491 2117 Et

382 2164 403 2229 J
406 2164 547 2227 ohannes
566 2183 631 2225 non
651 2159 760 2246 potuit
775 2159 835 2223 hoc
850 2158 999 2223 dedicere
1013 2166 1048 2223 et
1062 2157 1136 2223 ideo
1151 2158 1314 2223 Robertus
1327 2158 1406 2223 inde
1421 2158 1491 2223 sine

382 2265 435 2330 die
451 2273 485 2329 et
499 2262 522 2327 J
524 2262 665 2328 ohannes
680 2260 715 2325 in
730 2260 954 2325 misericordie
976 2258 982 2346 Ι

449 2364 607 2431 Ricardus
629 2363 748 2449 Pipsrd
768 2362 976 2427 athachiatus
990 2362 1054 2426 fuit
1068 2361 1111 2427 sd
1125 2362 1383 2448 respondendum
1400 2364 1493 2428 Hen-

271 2433 298 2451 ..
324 2479 329 2492 '
384 2470 449 2535 rico
470 2467 591 2554 Pipard
612 2466 653 2532 de
675 2466 795 2553 placito
817 2465 904 2552 quod
920 2464 1143 2530 warentizaret
1163 2466 1195 2530 ei
1214 2465 1348 2530 terciam
1362 2475 1493 2551 partem

283 2602 330 2631 ron
385 2574 470 2639 feodi
487 2573 511 2659 j.
528 2571 642 2636 militis
662 2592 737 2635 cum
757 2578 839 2656 pert.
853 2569 889 2633 in
904 2568 1116 2634 Lachefordia
1129 2569 1164 2633 in
1178 2592 1258 2634 com.
1274 2569 1378 2634 Oxcn
1393 2592 1492 2655 quam

386 2684 479 2743 tenet
493 2684 527 2741 et
542 2676 582 2739 de
598 2698 636 2739 eo
652 2682 762 2739 tenere
783 2674 903 2738 clamat
923 2680 958 2737 et
977 2672 1065 2737 unde
1086 2680 1208 2737 cartam
1231 2673 1352 2759 Rogeri
1373 2673 1495 2760 Pipsrd

386 2782 443 2846 aui
463 2780 565 2866 ipsius
587 2778 718 2843 Ricardi
737 2778 830 2843 cuius
850 2777 944 2842 heres
961 2777 1031 2863 ipse
1046 2785 1096 2842 est
1111 2776 1211 2842 habet
1225 2784 1265 2842 ut
1278 2777 1360 2841 dicit
1374 2786 1446 2855 eta,
1460 2787 1495 2842 et

387 2885 473 2949 unde
488 2882 636 2969 queritur
655 2881 741 2968 quod
763 2904 837 2946 curn
860 2889 971 2947 tenere
994 2881 1113 2946 debeat
1134 2890 1241 2946 totum
1266 2890 1493 2947 tenementum

388 3010 483 3051 suum
499 2986 534 3051 in
550 2984 759 3049 Lechefordia
774 2984 814 3048 de
830 3006 868 3048 eo
883 3006 942 3069 per
955 2983 1129 3049 seruicium
1151 2985 1265 3050 tercii¹
1283 2984 1387 3071 partis
1409 2984 1496 3050 feodi

384 3092 409 3176 j.
430 3090 544 3154 militis
560 3111 618 3174 pro
641 3088 729 3151 omni
752 3087 897 3164 seruici0,
917 3087 1078 3152 Radulfus
1099 3088 1187 3153 filius
1210 3088 1362 3153 Nicholsi
1387 3098 1497 3154 custos

390 3204 474 3259 terre
486 3203 520 3259 et
536 3192 663 3257 heredis
672 3192 830 3256 Willelmi
845 3192 965 3277 Piperd
978 3192 1127 3278 capitalis
1141 3191 1278 3257 domini⁸
1292 3214 1351 3278 pru
1365 3192 1495 3258 defectu
1614 3234 1619 3241 -

390 3298 491 3383 ipsius
513 3294 644 3360 Ricardi
665 3294 832 3381 distringit
854 3317 931 3359 eum
954 3318 1012 3381 pro
1031 3296 1167 3361 seruicio
1181 3295 1309 3361 dimidii
1322 3296 1448 3373 militis,
1462 3306 1498 3361 et·

390 3409 538 3486 preterea
559 3421 616 3484 pro
638 3398 759 3463 releuio
774 3398 793 3463 l.
810 3399 863 3463 sol.
882 3399 968 3485 quod
982 3399 1070 3465 idem
1086 3400 1245 3465 Ricardus
1264 3399 1341 3463 dare
1362 3399 1497 3464 deberet

391 3504 432 3566 de
447 3510 550 3565 morte
566 3501 734 3565 Michaelis
749 3501 925 3586 patrissui,
940 3510 976 3566 et
990 3510 1138 3587 preterea
1159 3502 1327 3588 distringit
1345 3526 1422 3567 eum
1439 3526 1499 3588 pro

392 3604 545 3689 scutagiis
567 3604 654 3668 ultra
675 3606 860 3691 scutagium
882 3606 969 3691 quod
989 3607 1059 3693 ipse
1073 3598 1173 3671 debet
1188 3624 1291 3692 usquc
1306 3606 1348 3671 ad
1363 3607 1428 3693 xvj.
1443 3607 1499 3671 soi

392 3708 449 3793 iiij.
465 3706 536 3773 den.
552 3706 638 3771 unde
653 3707 867 3773 deterioratae
881 3717 932 3773 est
948 3718 1006 3774 etc.
1023 3719 1058 3774 et
1072 3710 1148 3775 inde
1163 3709 1313 3796 producit
1327 3719 1459 3777 sectam.

458 3811 502 3874 Et
517 3810 674 3877 Ricardus
689 3810 781 3875 uenit
796 3818 831 3875 et
842 3812 1006 3898 cognoscit
1020 3812 1106 3898 quod
1121 3813 1268 3899 Rogerus
1283 3814 1404 3899 Pipard
1417 3836 1501 3879 auus

427 4004 434 4035 ¹
453 4002 504 4051 For
521 4001 566 4051 the
583 4002 668 4063 seque}
689 4016 731 4050 see
749 4002 804 4053 MS.
824 4003 842 4053 f.
864 4004 920 4053 106.
971 4002 1015 4053 the
1024 4003 1211 4053 Provisionsof
1217 4002 1466 4056 WeatminderArt.
1477 4008 1501 4063 1,

395 4068 450 4117 The
461 4066 578 4116 exactiori
591 4067 620 4114 of
635 4066 687 4115 suit
702 4067 731 4115 of
746 4070 820 4115 court
837 4082 920 4116 seems
971 4069 1024 4117 and
1041 4069 1109 4119 stat.
1126 4068 1218 4118 Marlb.
1235 4083 1292 4131 cap.
1310 4072 1334 4129 9,
1352 4069 1440 4120 which
1455 4070 1503 4121 bar

396 4138 423 4183 tc
434 4131 500 4181 have
511 4132 575 4181 been
586 4130 704 4190 grievous
715 4134 742 4180 to
753 4131 799 4181 the
816 4132 921 4181 smaller
971 4134 1038 4182 stale
1047 4134 1149 4184 claime.

394 4197 565 4247 landowners.
598 4194 722 4245 Matthew
733 4196 806 4245 Paris
824 4197 920 4260 (roto,
1004 4198 1084 4248 ’Sia

395 4278 421 4325 p.
433 4262 490 4325 545)
503 4260 709 4310 ascribestoone
721 4262 749 4309 os
764 4261 809 4311 the
819 4260 917 4325 judges,
1003 4262 1098 4313 ⁸Nota
1120 4262 1174 4314 this
1195 4262 1409 4313 aubinseudation
1432 4264 1461 4315 in
1486 4282 1503 4315 a
1628 4302 1629 4325 p

398 4328 510 4376 William
522 4326 550 4374 of
559 4324 635 4382 York,
645 4324 703 4374 who
715 4324 819 4375 becsme
827 4325 921 4388 bishop
971 4328 1071 4391 family.
1105 4328 1161 4378 'l'he
1188 4328 1299 4391 Pipards
1325 4328 1405 4378 stand
1430 4330 1504 4381 three

396 4393 425 4441 ot
441 4390 582 4451 Salisbrrry,
595 4405 612 4439 a
628 4390 788 4453 newfangled
805 4390 859 4441 and
875 4406 919 4453 op·
971 4392 1042 4455 deep.

396 4456 509 4520 pressive
520 4454 575 4504 rnle
587 4454 666 4504 about
678 4453 731 4505 this
741 4460 844 4506 matter.
874 4458 921 4507 Sec
