3342 5217
415 436 648 499 montetum,
670 436 734 488 nn.
761 425 855 499 1231,
877 439 942 487 un
966 426 1101 489 15-16.
1247 425 1310 488 503

205 612 368 679 subtraxit
385 612 451 677 iem
469 632 527 697 per
545 610 620 675 dim.
637 632 760 675 aunum
782 610 870 675 unde
891 609 1107 675 deterioratus
1129 617 1180 676 cst
1200 616 1260 675 etc
1275 618 1311 674 et

204 715 280 781 inde
295 714 444 801 producit
459 722 588 779 sectam.

271 820 315 885 Et
337 818 583 884 Bartholomeus
605 815 686 881 dicit
707 816 793 903 quod
814 816 944 901 quando
965 816 1147 881 manerium
1167 814 1249 881 illud
1263 816 1313 881 ite

204 918 320 983 datum
335 919 399 983 fuit
413 915 537 981 Abbati
551 915 592 980 de
608 916 700 981 Bello
718 916 801 981 Loco
820 915 999 980 secundum
1021 916 1108 1002 quod
1129 916 1313 1000 predictum

205 1030 257 1087 est
278 1022 371 1086 Dom
390 1021 462 1085 Rex
484 1018 612 1105 excepit
634 1018 808 1084 seruicium
830 1042 935 1096 suum,
949 1028 984 1084 et
1004 1019 1084 1084 dicit
1105 1020 1191 1105 quod
1213 1018 1312 1085 debet

205 1133 316 1191 tenere
339 1131 564 1191 tenementum
586 1145 682 1187 suum
704 1122 746 1187 de
768 1122 863 1188 Dom.
880 1123 971 1209 Rege
991 1145 1169 1208 perunum
1183 1132 1311 1188 austur-

205 1228 294 1293 cum¹
310 1224 567 1302 custodiendum,
576 1232 610 1289 et
622 1224 702 1288 dicit
717 1223 803 1310 quod
818 1225 943 1289 nullam
958 1233 1080 1290 sectum
1095 1226 1199 1291 fecere
1213 1226 1313 1292 debet

206 1331 249 1397 ud
262 1331 441 1418 predictam
456 1329 578 1395 curiam
593 1350 653 1393 nec
668 1350 824 1414 umquem
842 1328 919 1393 lecit
937 1337 1110 1415 postquem
1130 1330 1311 1395 manerium

205 1435 289 1500 illud
314 1435 428 1500 datum
459 1434 523 1499 luit
552 1433 697 1519 predicto
723 1433 856 1509 Abbati,
879 1442 915 1499 et
937 1434 1014 1499 inde
1039 1435 1133 1520 ponit
1156 1458 1190 1500 se
1215 1458 1313 1533 super

205 1538 354 1625 patriam,
370 1545 404 1602 et
419 1538 501 1602 bene
521 1536 602 1601 dicit
624 1536 711 1622 quod
733 1558 792 1601 nec
814 1558 929 1621 perse
951 1559 1012 1602 nec
1034 1560 1094 1623 per
1115 1538 1217 1603 alium
1239 1539 1313 1604 illes

205 1650 310 1707 sectus
333 1642 410 1707 fecit
433 1642 542 1727 aliquo
566 1649 712 1726 tempore
736 1664 795 1705 nec
821 1646 967 1727 tempore
992 1641 1093 1729 Regis
1113 1643 1144 1708 J.
1167 1664 1227 1707 nec
1248 1643 1312 1708 alio

205 1756 357 1832 tempore.

271 1849 323 1915 De
346 1849 419 1915 uisu
440 1848 541 1914 banci
562 1848 664 1935 plegii
686 1848 832 1914 faciendo
854 1849 936 1914 dicit
956 1850 1121 1936 predictus
1142 1850 1311 1916 Bartholo-

205 1976 299 2019 meus
320 1953 406 2040 quod
428 1953 543 2017 belliui
565 1953 703 2039 predicti
726 1953 867 2019 Abbatis
889 1977 955 2019 non
978 1955 1099 2020 debent
1119 1954 1231 2020 uenire
1252 1978 1312 2020 nec

205 2058 311 2123 solent
336 2057 378 2122 ad
404 2064 522 2121 terrem
552 2056 654 2141 ipsius
680 2056 902 2121 Bartholomei
925 2056 1014 2142 apud
1038 2056 1245 2143 Ingelesbem
1270 2056 1313 2121 ad
1408 2057 1412 2065 ’

206 2162 389 2227 iaciendum
412 2161 520 2225 uisum
543 2160 583 2225 de
605 2161 713 2248 trunco
734 2160 843 2247 plegio
862 2159 940 2245 quia
957 2182 1072 2225 reuera
1085 2169 1136 2225 est
1149 2168 1185 2225 et
1198 2161 1264 2225 ulie
1278 2169 1313 2225 et

205 2265 263 2330 illa
277 2286 340 2350 que
353 2272 488 2328 uocetur
503 2264 723 2351 Iugelesham'
735 2286 832 2349 quam
849 2264 960 2328 Abbas
975 2264 1075 2329 hebet
1089 2264 1125 2327 in
1138 2286 1238 2327 manu
1253 2285 1313 2327 sue

205 2367 248 2432 ed
274 2389 372 2454 quem
397 2388 509 2431 omnes
534 2374 685 2431 tenentes
710 2367 761 2431 sui
790 2368 903 2432 uenire
928 2367 1050 2432 debent
1075 2375 1110 2431 et
1138 2366 1185 2431 ibi
1214 2365 1313 2431 debet

205 2469 346 2556 quilibet
367 2477 482 2533 tenens
504 2468 580 2533 dare
598 2469 622 2554 j.
646 2468 815 2534 denarium
839 2469 880 2534 de
902 2470 1010 2555 cupite
1030 2491 1089 2535 suo
1106 2490 1165 2555 pro
1186 2470 1312 2534 wecche

205 2580 240 2635 et
267 2570 381 2647 werde,
406 2578 442 2635 et
470 2570 518 2635 ibi
540 2570 639 2635 debet
665 2570 806 2635 bellinus
832 2569 973 2636 Abbetis
999 2572 1103 2636 fecere
1132 2570 1240 2635 uisum
1271 2569 1312 2635 de

205 2676 314 2739 lienco
335 2673 442 2761 plegio
464 2696 522 2759 pm
544 2673 706 2737 seruiente
736 2674 846 2759 Regis,
871 2682 907 2738 et
932 2674 961 2738 si
986 2674 1105 2760 aliquis
1131 2673 1254 2739 incidet
1277 2674 1312 2738 in

204 2777 455 2843 misericordiam
470 2776 582 2841 Abbes
597 2776 695 2843 debet
710 2776 750 2842 de
765 2778 812 2843 eis
828 2778 947 2843 hebere
967 2778 1195 2843 racionabilem
1216 2778 1312 2843 mise-

204 2880 382 2947 ricordiem.

271 2983 315 3047 Et
329 2982 523 3047 Lembertus
538 2982 631 3047 uenit
646 2990 681 3047 et
695 2982 860 3070 cognoscit
875 2983 961 3068 quod
972 2982 1071 3048 debet
1082 2984 1186 3047 facere
1201 2982 1312 3047 huius·

204 3086 293 3151 modi
307 3094 411 3151 sectas
425 3086 467 3151 ed
481 3086 604 3151 curiam
619 3086 684 3151 scil
701 3086 830 3171 quando
845 3086 928 3150 latro
942 3086 989 3150 ibi
1004 3086 1103 3150 fuerit
1122 3085 1314 3150 iudicandus

204 3198 240 3255 et
255 3188 383 3276 quando
398 3188 556 3275 placitum
571 3188 618 3253 ibi
633 3189 731 3253 fuerit
746 3211 805 3274 per
823 3188 924 3254 breue
946 3190 1039 3255 Dom.
1056 3190 1157 3277 Regis
1170 3190 1211 3255 de
1225 3199 1314 3255 recto

205 3301 240 3359 et
262 3314 320 3379 pro
342 3292 583 3358 afforciemento
604 3294 691 3358 curie
717 3293 760 3358 ed
785 3293 851 3358 duo
872 3294 1103 3381 lnghundrede,
1124 3303 1159 3359 et
1184 3316 1249 3359 nou
1273 3295 1314 3359 de

205 3395 371 3482 quindena
384 3395 420 3459 in
434 3394 631 3480 quindenam
648 3403 686 3459 ut
700 3395 788 3460 idem
802 3396 915 3461 Abbos
929 3397 1017 3463 dicit.
1062 3398 1106 3461 Et
1125 3398 1201 3462 inde
1221 3398 1314 3484 ponit

204 3523 239 3565 se
255 3522 353 3585 super
370 3499 509 3585 petriam
530 3507 564 3563 et
584 3498 696 3564 Abbas
721 3499 880 3578 similiter,
898 3508 933 3565 et
954 3500 1202 3565 Bartholomeus
1224 3502 1313 3565 simi-

205 3605 283 3670 liter
313 3604 492 3669 secundum
529 3603 616 3688 quod
650 3604 834 3689 predictum
868 3614 926 3672 est.
987 3606 1031 3670 Et
1061 3606 1174 3670 Abbas
1204 3605 1262 3670 dot
1287 3607 1312 3691 j.

206 3731 301 3773 merc.
324 3730 382 3793 pro
405 3707 554 3791 habenda
579 3707 791 3794 inquisicione
817 3710 905 3793 opud
931 3709 1256 3774 westmonasterium
1278 3720 1313 3775 et

205 3812 369 3897 recipitur.
414 3812 458 3875 Et
480 3819 671 3897 preceptum
693 3820 744 3877 est
767 3811 952 3877 uicecomiti
973 3812 1060 3897 quod
1082 3812 1195 3877 uenire
1216 3813 1313 3877 faciet

205 3937 312 3979 coram
349 3904 535 3978 iusticieriis
572 3913 661 3999 apud
694 3914 1020 3979 westmonasterium
1058 3922 1118 3978 etc.
1155 3915 1209 4000 xij.
1243 3924 1312 3980 tam

206 4018 328 4083 milites
364 4025 423 4082 etc.
460 4016 502 4081 de
543 4016 671 4081 uisneto
709 4026 768 4082 etc.
807 4017 850 4081 ed
886 4016 1179 4104 recognoscendum
1216 4041 1313 4105 super

205 4128 443 4187 sacramentum
466 4142 562 4187 suum
585 4115 612 4184 si
634 4118 799 4205 predictus
825 4120 1072 4184 Bartholomeus
1093 4142 1178 4184 anno
1202 4128 1237 4185 et
1259 4121 1312 4186 die

238 4266 383 4317 ¹Ahewk.
786 4266 830 4317 the
848 4266 923 4316 other
938 4266 961 4315 is
977 4266 1099 4316 demesue
1114 4268 1142 4315 ol
1158 4266 1203 4316 the
1216 4267 1312 4330 Abbey.

238 4334 250 4365 2
266 4334 316 4395 Qu.
345 4330 408 4381 This
424 4344 516 4381 moene
532 4330 590 4381 thet
608 4332 680 4381 there
690 4346 734 4381 ere
785 4331 936 4393 Ingleshnm
952 4332 1000 4380 lies
1015 4333 1101 4394 partly
1115 4332 1144 4381 in
1159 4331 1311 4395 Furingdon

207 4404 258 4448 two
274 4396 418 4458 townships
433 4410 463 4445 or
477 4396 563 4458 pleoes
578 4396 661 4445 called
675 4397 733 4457 lng-
785 4396 911 4457 hundred,
926 4397 1016 4457 Beris,
1029 4398 1115 4459 partly
1127 4397 1155 4446 ln
1165 4397 1252 4446 Wilts.

207 4463 320 4517 leshaun
333 4476 381 4510 one
388 4460 493 4521 belongs
501 4461 731 4518 toBertholomew.
