3342 5217
497 463 634 526 unsrun,
657 463 722 512 ao.
746 449 841 525 1230,
865 463 926 512 aa
951 450 1001 511 14.
1241 450 1305 514 329

267 639 386 706 Postea
408 649 485 706 ante
505 638 650 706 duellum
666 662 854 726 percussum
874 646 1021 705 mortuus
1036 646 1086 705 est
1100 639 1306 720 Dunecanus,

203 744 292 810 etad
306 745 394 811 diem
408 745 523 812 datum
537 746 630 812 uenit
644 746 807 812 Robertus
821 744 862 811 de
874 745 966 811 Bello
977 744 1101 832 Campo
1112 753 1147 810 et
1157 744 1307 831 producit
1354 805 1356 808 ,

204 849 404 915 Willelmum
433 851 464 916 le
494 849 721 935 Ohampenays
750 849 808 935 qui
837 848 898 913 hoc
926 848 1021 913 offert
1044 846 1216 914 defendere
1238 849 1306 913 loco

203 953 380 1032 Dunecani‚
401 954 486 1020 sicut
514 954 570 1020 ille
600 954 797 1019 Dunecauus
822 953 1011 1019 defenderet
1033 953 1061 1018 si
1082 953 1217 1018 uiueret
1264 953 1307 1017 Et

196 1059 279 1146 ¹quia
314 1058 480 1124 Johannes
516 1059 615 1125 nichil
643 1058 754 1125 obicit
782 1058 862 1145 quin
891 1057 1038 1123 duellum
1067 1057 1219 1144 procedat
1248 1079 1308 1121 nec

202 1161 324 1250 aliquid
338 1163 402 1228 nisi
420 1162 506 1249 quod
526 1162 722 1228 Dunecanus
742 1162 825 1228 obiit
844 1163 885 1228 de
907 1171 1011 1227 morte
1031 1185 1091 1227 sua
1109 1162 1251 1227 natmali
1273 1169 1308 1226 et

202 1289 264 1331 non
294 1289 352 1353 per
380 1267 558 1332 stulticiam
587 1289 688 1344 suam,
711 1267 958 1334 Consideratum
981 1276 1032 1332 est
1053 1267 1139 1354 quod
1160 1267 1307 1332 duellum

201 1370 353 1456 procedat
367 1379 402 1436 11
416 1371 600 1438 Willelmus
620 1372 655 1437 in
674 1372 857 1438 continenti
876 1373 934 1438 det
953 1370 1089 1437 uadium
1111 1371 1307 1437 defendendi

202 1481 261 1539 etc
277 1480 311 1538 et
326 1475 438 1539 statim
454 1475 567 1542 eodem
582 1476 635 1542 die
650 1499 838 1563 percussum
854 1484 904 1540 est
915 1475 1084 1541 duellum¹.

144 1651 151 1666 ι
266 1576 377 1642 Assisa
395 1579 490 1643 uenit
509 1579 713 1666 recognitrua
732 1578 820 1664 apud
843 1578 1026 1664 Lamheyth
1047 1577 1100 1643 die
1120 1586 1179 1643 etc.
1200 1600 1307 1644 coram
1419 1616 1425 1628 ·

203 1680 366 1745 Willelmo
393 1681 434 1747 de
457 1683 605 1771 Ralegha
627 1691 662 1750 et
683 1683 848 1748 Willelmo
870 1682 911 1748 de
934 1681 1102 1748 Londonia
1122 1683 1308 1748 iusticiariis

202 1784 373 1873 assignatis
408 1809 467 1873 per
498 1795 689 1874 preceptum
724 1787 848 1852 domini
882 1787 983 1874 Regis
1017 1787 1045 1852 si
1074 1787 1238 1853 Walterus
1267 1788 1307 1853 de

203 1887 402 1976 Langeport²
417 1891 539 1957 iniuste
560 1900 594 1957 et
609 1891 678 1958 sine
693 1891 814 1957 iudicio
829 1891 1007 1957 disseisiuit
1022 1892 1205 1958 Walterum
1221 1892 1261 1958 de
1276 1893 1310 1958 la

203 1993 309 2060 Graue
331 1994 372 2060 de
394 1995 497 2062 libero
519 2005 706 2063 tenemento
728 2019 786 2062 suo
808 1996 844 2062 in
867 1996 1038 2061 Maifordia
1067 2005 1141 2083 post
1169 1997 1308 2083 primam

203 2099 441 2165 coronacionem
456 2107 516 2167 etc.
560 2102 605 2166 Et
620 2101 785 2167 Walterus
800 2100 842 2166 de
858 2101 1057 2188 langeford'
1070 2102 1164 2167 uenit
1179 2109 1214 2167 et
1228 2101 1309 2167 dicit

202 2202 288 2288 quod
309 2201 410 2268 assisa
428 2226 493 2268 non
512 2203 611 2270 debet
630 2204 707 2269 inde
727 2203 805 2281 fieri,
826 2204 904 2291 quia
923 2213 1011 2270 terra
1029 2204 1087 2270 illa
1105 2206 1192 2272 unde
1210 2206 1310 2272 111111

202 2307 377 2372 arramiata
395 2315 445 2372 est
465 2307 583 2373 accidit
604 2309 635 2373 ei
650 2315 688 2373 ut
703 2307 867 2373 hereditas
881 2331 941 2373 sua
956 2331 995 2372 ex
1010 2317 1104 2394 parte
1118 2309 1254 2375 Roberti
1268 2310 1309 2374 de

202 2411 338 2476 Poltona
359 2411 514 2476 auunculi
536 2412 595 2488 sui,
611 2411 668 2498 qui
687 2411 763 2477 inde
784 2411 849 2476 fuit
869 2411 999 2476 scisitus
1019 2411 1073 2477 die
1093 2434 1157 2499 quo
1177 2412 1259 2477 obiit
1274 2420 1310 2478 et

201 2523 274 2602 post
288 2522 428 2580 mortem
442 2515 544 2602 ipsius
559 2515 695 2581 Roberti
709 2515 803 2580 uenit
819 2515 982 2581 Henricus
997 2515 1084 2581 filius
1101 2516 1253 2582 Nicholai
1268 2515 1309 2582 de

203 2618 350 2683 Kintona
377 2618 540 2705 particeps
568 2641 646 2684 suus
677 2618 718 2683 de
747 2617 929 2683 hereditate
958 2617 1024 2696 illa,
1050 2625 1085 2682 et
1114 2618 1149 2682 in
1178 2626 1309 2684 tantum

202 2723 330 2788 locutus
345 2723 409 2788 fuit
428 2744 503 2788 cum
523 2745 561 2789 1ο
581 2722 668 2809 quod
690 2723 847 2788 concessit
866 2722 898 2787 ei
919 2721 1052 2787 terciam
1074 2730 1201 2808 partem
1222 2723 1310 2789 illius

202 2832 296 2902 terre,
318 2824 383 2890 scil.
406 2847 506 2889 unam
536 2823 617 2912 uirg.
640 2831 675 2889 et
705 2823 815 2888 dimid.
840 2831 875 2888 et
903 2822 992 2888 idem
1015 2823 1176 2889 Hemicus
1198 2832 1311 2910 postea

202 2927 349 2993 uastauit
363 2935 483 2992 terram
497 2927 588 2992 illam
603 2934 637 2992 et
652 2949 725 2992 eam
742 2925 868 2991 dimisit
887 2925 1032 3012 predicto
1051 2927 1197 2992 Waltero
1216 2927 1256 2992 de
1279 2928 1311 2992 la

203 3031 320 3109 Graue,
350 3040 384 3097 et
412 3031 544 3097 interim
573 3031 668 3096 uenit
697 3030 791 3097 Dom.
820 3031 892 3096 Rex
926 3053 986 3117 per
1017 3039 1126 3117 partes
1160 3031 1310 3119 11111111

201 3135 331 3202 audiuit
351 3134 438 3222 quod
460 3145 547 3201 terra
565 3135 623 3201 illa
642 3158 706 3222 que
721 3135 785 3200 fuit
799 3135 956 3201 eeriancia
970 3159 1030 3201 sua
1043 3142 1174 3200 uastata
1187 3135 1260 3213 fuit,
1275 3144 1310 3201 et

202 3261 275 3305 eam
301 3239 388 3325 cepit
410 3239 445 3303 in
467 3261 601 3304 manum
624 3261 725 3313 suam,
748 3246 782 3304 11
804 3239 914 3303 tenuit
935 3239 1149 3326 perlongum
1171 3247 1308 3325 tempus

202 3342 320 3409 Postea
339 3343 474 3408 accessit
488 3342 653 3408 Walterus
673 3342 714 3407 de
734 3341 950 3430 Langefordia
964 3342 1006 3407 ad
1026 3343 1120 3408 Dom.
1135 3343 1260 3430 Regem
1276 3351 1310 3408 et

201 3447 300 3535 petiit
322 3455 442 3512 terram
463 3447 554 3512 illam
576 3447 662 3512 sicut
683 3446 774 3511 illam
794 3467 893 3532 quam
912 3445 1003 3532 prius
1022 3445 1054 3510 ei
1067 3443 1261 3523 reddiderat,
1275 3455 1310 3512 et

200 3552 236 3616 in
257 3533 388 3616 tantuin
408 3551 536 3615 locutus
556 3549 620 3615 fuit
640 3572 714 3614 cum
737 3548 829 3615 Dom
846 3549 937 3637 Rege
956 3547 1043 3635 quod
1064 3548 1133 3633 ipse
1154 3550 1311 3615 concessit

201 3662 236 3720 11
258 3653 401 3720 reddidit
423 3653 455 3719 ei
477 3661 595 3719 terram
617 3653 708 3718 illam
734 3652 783 3719 ita
811 3651 899 3740 quod
927 3652 1098 3718 mandauit
1126 3653 1310 3720 uicecomiti

201 3757 332 3824 Surreie
361 3780 420 3844 per
444 3758 543 3823 breue
565 3779 662 3823 suum
684 3755 771 3843 quod
799 3755 978 3843 plenariam
1000 3756 1032 3821 ei
1053 3755 1204 3823 seisinam
1234 3758 1309 3824 inde
1445 3753 1450 3759 ⁴

200 3859 321 3926 habere
351 3860 472 3926 feceret
500 3867 535 3925 et
564 3858 640 3925 inde
670 3867 766 3924 uocat
795 3859 838 3924 ad
874 3866 1055 3924 warantum
1084 3859 1309 3926 uicecomitem

201 3964 333 4032 Surreie
348 3973 383 4030 et
398 3965 498 4030 breue
513 3963 600 4052 quod
614 3963 690 4030 inde
706 3964 737 4030 ei
751 3964 854 4029 uenit.

267 4068 313 4134 Et
333 4068 499 4134 Walterus
520 4067 562 4133 de
585 4067 695 4134 Graue
716 4069 809 4134 uenit
831 4076 867 4133 11
888 4067 949 4132 hoc
971 4074 1079 4132 totum
1101 4065 1256 4147 defendit,
1275 4077 1310 4133 et

199 4173 283 4240 dicit
302 4172 389 4260 quod
410 4195 525 4239 reuera
543 4171 631 4238 idem
646 4173 811 4240 Waltems
830 4173 872 4239 de
888 4172 1102 4261 langefordia
1116 4172 1195 4238 tulit
1209 4172 1309 4238 breue

232 4378 245 4412 ¹
261 4385 287 4429 et
303 4381 574 4446 rtadm......duellam,
594 4381 678 4434 added
696 4383 731 4446 by
813 4380 825 4414 ¹
841 4379 893 4430 Sic.

199 4447 351 4503 mactator,
369 4445 427 4496 who
443 4445 505 4498 thus
522 4463 604 4498 seems
621 4453 648 4498 1ο
664 4447 731 4498 have
813 4445 824 4479 ³
841 4445 892 4496 Sic.

199 4510 256 4562 had
266 4510 388 4575 persorm
399 4511 547 4576 knowledge
558 4515 586 4564 oi
601 4513 656 4564 this
667 4514 726 4566 fact.

1373 3045 1425 3096 [ω]
