3342 5217
324 407 365 469 46
555 422 789 483 monianum,
811 421 876 472 nn.
901 410 995 483 1219,
1021 424 1081 470 ra.
1106 410 1199 471 3-4.

324 588 364 653 de
385 590 484 655 bullis
504 592 639 657 Roberti
660 592 700 657 de
721 592 885 657 Sanctona
903 591 1082 677 appreciari
1102 589 1235 655 saciant¹
1253 588 1431 674 predictam

323 700 442 758 terram
465 701 499 759 et
521 694 639 761 habere
660 695 691 759 ei
709 695 806 759 faciat
822 694 1020 761 escambium
1035 694 1078 758 ad
1091 692 1271 757 ualenciam
1287 690 1430 777 predicte

323 804 407 861 terre
423 805 491 873 etc,
506 798 691 883 conputatis
705 798 740 863 in
754 798 902 863 ualencia
916 819 967 861 xa
983 798 1037 862 soh
1054 820 1133 882 quos
1148 796 1235 861 idem
1247 793 1431 859 Willelmus

323 898 398 964 inde
414 901 576 986 percipere
591 901 768 977 consueuit,
783 924 842 987 per
856 923 935 986 quos
950 909 1009 965 etc.

216 1086 222 1097 ,
256 1052 263 1068 .
387 1002 566 1067 'Walterus
603 1004 643 1068 de
681 1005 843 1069 Euermue
879 1005 1086 1069 athaehiatus
1123 1004 1186 1068 fuit
1222 1002 1308 1088 quod
1345 1009 1430 1066 esset

225 1096 241 1179 ⁰,
258 1113 263 1124 '
322 1130 531 1193 responsurus
546 1132 644 1194 quare
659 1118 770 1174 contra
783 1109 1038 1194 prohibicionem
1052 1108 1175 1173 domini
1187 1108 1288 1193 Regis
1298 1114 1429 1171 secutus

323 1217 373 1273 est
393 1210 549 1295 placitum
569 1211 603 1275 in
623 1212 713 1276 curia
731 1211 956 1276 cristianitatis
977 1210 1018 1275 de
1038 1210 1163 1275 catallis
1183 1232 1246 1296 que
1266 1231 1331 1273 non
1352 1217 1430 1273 sunt

322 1311 363 1377 de
390 1322 586 1378 testamento
612 1322 670 1379 etc.
695 1314 846 1400 Hugonis
871 1314 912 1379 de
936 1314 1091 1399 Olipesby
1111 1313 1198 1378 unde
1221 1313 1308 1377 idem
1329 1314 1430 1398 Hugo

323 1415 465 1479 ostendit
481 1416 566 1501 quod
580 1424 691 1481 contra
704 1416 959 1502 prohibicionem
977 1425 1035 1481 etc
1052 1424 1183 1480 secutus
1202 1423 1252 1480 est
1271 1416 1429 1501 placitum

324 1526 358 1581 et
388 1540 463 1582 eum
493 1520 627 1585 uexauit
656 1521 704 1585 ita
733 1521 819 1606 quod
849 1521 1028 1607 dampnum
1057 1522 1157 1585 habet
1182 1520 1224 1586 ad
1249 1521 1429 1585 ualenciam

323 1627 455 1684 centum
471 1621 524 1685 sol.
541 1630 575 1685 et
589 1621 665 1686 'inde
680 1622 829 1707 producit
844 1631 966 1688 sectam
981 1645 1044 1708 que
1060 1623 1119 1687 hoc
1134 1630 1280 1688 testatur.

390 1722 435 1786 Et
463 1722 627 1787 Walterus
656 1724 748 1789 uenit
778 1734 812 1789 et
842 1724 988 1789 defendit
1014 1724 1099 1811 quod
1125 1748 1293 1811 nunquam
1319 1733 1431 1789 contra

323 1826 576 1911 pmhibicionem
599 1827 722 1893 domini
744 1828 844 1914 Regis
867 1836 998 1893 secutus
1023 1836 1074 1892 est
1099 1828 1256 1913 placitum
1281 1828 1316 1893 in
1341 1828 1431 1893 curia

323 1928 546 1994 cristianitatis
572 1938 630 1995 etc.
657 1939 708 1994 set
737 1952 853 1994 uemm
882 1930 956 1994 uult
986 1929 1100 2007 dicere,
1125 1930 1195 2015 ipse
1225 1929 1325 1995 traxit
1354 1953 1430 1994 eum

323 2030 358 2095 in
380 2031 536 2116 placitum
562 2032 603 2097 de
628 2032 754 2097 catallis
779 2033 847 2097 suis
871 2032 1007 2118 propriis
1033 2054 1097 2118 que
1122 2040 1219 2117 capta
1240 2033 1372 2097 fuerunt
1394 2032 1430 2095 in
1466 2089 1470 2095 .

323 2133 457 2199 ecelesia
485 2143 520 2199 et
548 2134 583 2199 in
612 2134 770 2199 cimiterio
799 2135 849 2198 ita
877 2134 964 2220 quod
992 2134 1061 2219 ipse
1091 2133 1243 2219 probauit
1271 2134 1305 2197 in
1340 2134 1430 2198 curia

323 2236 475 2300 cristiana
503 2236 707 2322 sacrilegium
736 2245 771 2301 et
800 2236 879 2301 data
906 2235 971 2301 fuit
995 2236 1162 2300 sentencia
1184 2244 1297 2301 contra
1321 2235 1428 2320 ipsum

324 2338 499 2424 Hngonem
513 2348 590 2404 ante
604 2339 858 2425 prohibicionem
872 2339 904 2403 ei
924 2338 1052 2414 factam,
1067 2346 1102 2403 et
1122 2338 1199 2423 quia
1218 2338 1324 2403 noluit
1342 2347 1429 2403 stare

323 2443 442 2507 iudicio
480 2442 624 2508 iudicum
662 2443 959 2507 excommunicatus
995 2442 1059 2506 fuit
1096 2452 1130 2507 et
1166 2441 1243 2506 inde
1279 2443 1429 2528 producit

323 2557 453 2625 sectam,
468 2556 502 2613 et
521 2548 604 2613 bene
625 2548 770 2613 defendit
791 2548 879 2634 quod
897 2570 1065 2633 nunquam
1085 2555 1158 2632 post
1177 2546 1429 2633 prohibicionem

322 2660 453 2715 secutus
468 2652 531 2716 fuit
545 2651 701 2737 placitum
716 2662 775 2716 etc

161 2756 283 2842 §00331203
390 2754 434 2818 Et
463 2755 562 2841 Hugo
591 2756 671 2820 dicit
700 2755 786 2840 quod
815 2764 889 2841 post
918 2755 1170 2841 prohibicionem
1200 2763 1330 2820 secutus
1366 2755 1430 2819 fuit

159 2849 307 2945 fflffifflssfh
323 2856 478 2943 placitum
505 2869 540 2923 et
563 2859 649 2945 quod
674 2859 821 2923 homines
845 2859 1015 2925 Lodouici⁴
1041 2867 1076 2923 et
1099 2859 1155 2924 ille
1180 2860 1327 2924 fecerunt
1348 2858 1430 2923 illud

322 2963 526 3048 sacrilegium
541 2972 600 3028 etc
1131 3027 1135 3033 .

387 3066 635 3133 Consideratum
671 3076 721 3133 est
759 3068 845 3154 quod
882 3068 1047 3132 Waltems
1083 3066 1160 3132 inde
1199 3066 1268 3131 sine
1304 3066 1358 3130 die
1395 3075 1429 3130 et

322 3178 476 3255 sequatur
504 3171 660 3256 placitum
689 3170 725 3234 in
754 3172 844 3235 curia
872 3169 1096 3235 cristianitatis
1125 3169 1154 3233 si
1182 3168 1323 3233 uoluerit
1351 3168 1429 3253 quia

322 3281 372 3337 est
393 3273 434 3337 de
457 3274 644 3361 sacrilegio⁵.

255 3420 262 3433 ·
386 3376 512 3441 ⁶Assisa
537 3377 630 3441 uenit
651 3377 857 3463 recognitura
882 3376 954 3463 quis
975 3378 1153 3442 aduocatos
1176 3387 1320 3463 tempore
1341 3376 1430 3462 pacis

205 3466 265 3494 ‘⁰‘
321 3480 522 3565 presentauit
537 3482 687 3545 ultimam
708 3502 876 3565 personam
897 3500 960 3567 que
980 3490 1109 3545 mortua
1129 3488 1179 3545 est
1200 3481 1242 3545 ad
1261 3480 1427 3545 eeclesiam

321 3583 362 3647 de
377 3582 531 3647 Fretham
551 3604 613 3669 que
634 3592 738 3659 uacat,
752 3583 846 3647 cuius
865 3582 1112 3647 aduocacionem
1133 3581 1272 3645 Thomas
1294 3581 1433 3645 Barduli

320 3687 439 3751 clamat
461 3708 574 3750 uersus
595 3686 758 3772 Rogemm
782 3686 811 3750 le
834 3685 957 3763 Daur'⁷,
977 3687 1033 3771 qui
1053 3687 1147 3750 uenit
1167 3694 1201 3749 et
1223 3684 1322 3749 nichil
1345 3684 1429 3748 dixit

321 3811 420 3874 quare
445 3788 544 3853 assisa
568 3795 757 3853 remaneret.
813 3788 904 3852 Dicit
930 3797 1042 3853 tamen
1071 3786 1158 3873 quod
1188 3795 1280 3851 tenet
1308 3796 1428 3851 terram

321 3892 361 3956 de
377 3892 531 3957 Fretham
547 3916 586 3957 ex
601 3892 685 3957 dono
700 3892 799 3977 Regis
814 3891 838 3957 J
838 3892 973 3957 ohannis
988 3900 1022 3955 et
1038 3891 1124 3977 quod
1145 3890 1284 3955 Thomas
1304 3890 1428 3954 nullam

321 4003 441 4059 terram
466 3995 565 4059 habet
590 3994 625 4060 in
650 3996 707 4059 illa
732 3995 812 4060 uilla
837 3995 895 4060 ubi
922 3994 1056 4059 ecclesia
1080 3994 1146 4058 sita
1170 4001 1228 4070 est,
1253 3992 1339 4057 unde
1364 4015 1429 4058 non

320 4098 452 4163 uidetur
467 4098 497 4163 ei
512 4098 597 4184 quod
612 4099 711 4163 assisa
725 4098 844 4163 debeat
858 4099 1037 4185 procedere.

353 4234 451 4285 1(ἕοιτ.
457 4236 552 4297 saciat.
933 4232 1016 4283 ‘The
1025 4231 1253 4296 jndgmentisnot
1264 4232 1293 4281 in
1304 4230 1334 4282 B.

353 4299 653 4356 ¹n.m.4d;13.m.4.
932 4296 1241 4355 ‘animemed

352 4364 550 4415 ιΒεεΒτμίΟἸ.
932 4361 1430 4421 ⁷Sion;1ePour’B;thelatteris

352 4431 432 4481 *Son
446 4430 474 4480 of
483 4428 527 4479 the
538 4428 601 4490 king
612 4429 639 4478 οῐ
650 4428 756 4477 France.
899 4427 982 4491 right3
1001 4428 1111 4477 aeeltot.
1126 4429 1165 4476 cl.
1177 4430 1225 4477 399
1237 4426 1262 4477 b.
