3342 5217
400 407 462 470 166
703 415 852 475 rammi,
874 415 939 464 ao.
965 402 1057 476 1222,
1078 416 1143 464 aa
1167 403 1194 464 6.

400 591 528 656 nomine
542 589 628 655 dotis
647 590 732 655 unde
752 589 821 676 ipse
842 589 964 656 Ceeilia
983 598 1017 654 et
1036 589 1100 653 alie
1125 597 1202 653 aunt
1227 585 1362 652 waranti
1384 585 1435 652 sui
1457 585 1498 651 de

400 697 475 761 dote
497 696 560 760 illa.
606 695 650 760 Et
670 693 829 778 Rogerus¹
845 703 880 758 et
900 716 1010 758 omnes
1030 693 1087 757 alii
1101 691 1239 757 ueniunt
1253 701 1288 758 et
1302 701 1499 780 cognoscunt

354 841 356 846 -
400 799 483 863 bene
497 798 583 885 quod
597 798 667 882 ipse
681 797 816 862 Metillis
830 797 907 861 inde
921 796 1034 861 dotata
1048 796 1112 860 fuit
1125 804 1176 860 set
1196 806 1392 882 cognoscunt
1411 794 1499 880 quod
1569 863 1573 870 ,

400 910 487 966 terra
500 900 558 965 illa
571 908 621 964 est
640 899 803 964 hereditas
822 898 967 984 predicte
986 898 1124 963 Isabelle
1147 907 1182 962 et
1203 906 1322 983 petunt
1343 896 1500 961 iudicium

401 1005 428 1070 si
449 1005 553 1070 eidem
574 1003 728 1068 Matillidi
747 1003 935 1069 warentiam
955 1005 1057 1068 facere
1079 1003 1220 1068 debeant
1233 1003 1288 1068 uel
1302 1003 1499 1068 escambium

403 1107 526 1173 desicut
540 1105 723 1170 Willelmus
738 1127 802 1170 non
817 1105 933 1170 habuit
948 1105 1024 1170 inde
1038 1105 1102 1170 nisi
1115 1105 1301 1170 custodiam

466 1213 510 1276 Et
530 1212 666 1277 Matillis
686 1211 765 1305 dicit
786 1211 873 1298 quod
895 1211 949 1276 die
970 1233 1034 1296 quo
1056 1210 1240 1275 Willelrnua
1261 1210 1313 1275 uir
1329 1233 1407 1275 suus
1425 1232 1500 1274 earn

402 1315 609 1401 desponseuit
624 1315 731 1379 tenuit
746 1315 930 1380 Willelmus
949 1325 1043 1400 pater
1061 1315 1124 1380 uiri
1144 1315 1195 1379 sui
1216 1315 1396 1380 manerium
1417 1313 1500 1378 illud

403 1429 437 1484 et
457 1419 540 1484 illud
562 1419 717 1484 concessit
737 1419 803 1483 filio
824 1443 882 1483 suo
901 1419 943 1484 ad
963 1442 1035 1484 eam
1053 1420 1228 1485 dotandam
1242 1429 1277 1484 et
1291 1419 1416 1484 desicut
1429 1419 1501 1504 ipse

403 1530 480 1587 sunt
488 1521 782 1586 heredesWillelmi
793 1521 878 1606 petit
888 1521 1223 1586 iudiciumsidebeat¹
1233 1520 1500 1586 eis⁸escambium

404 1626 506 1689 faeere
518 1625 594 1710 quia
605 1624 800 1689 sufficienter
811 1624 934 1689 habent
945 1625 985 1689 de
996 1625 1177 1689 hereditate
1188 1625 1324 1710 predicti
1336 1624 1501 1689 Willelmi

405 1729 448 1792 Et
468 1727 545 1813 quia
566 1735 634 1792 tarn
655 1726 725 1813 ipsa
740 1727 877 1791 Matillis
893 1749 991 1812 quam
1006 1728 1142 1813 predicti
1157 1727 1290 1792 heredes
1304 1737 1502 1814 cognoscunt

404 1831 490 1917 quod
519 1829 699 1895 manerium
728 1829 810 1895 illud
839 1839 889 1894 est
918 1831 1080 1896 hereditas
1111 1831 1255 1916 predicte
1293 1831 1429 1896 Isabelle
1466 1840 1502 1895 et

403 1933 584 2021 predictum
608 1934 796 2020 ingressum,
820 1933 1065 1999 Consideratum
1095 1934 1256 2020 estquod
1284 1934 1423 2000 Isabella
1451 1959 1502 2000 re·

402 2038 569 2124 cuperauit
593 2037 743 2102 seisinam
765 2059 859 2103 suam
882 2046 917 2102 et
940 2037 1092 2124 procedat
1111 2037 1196 2102 inter
1216 2037 1344 2102 eosdem
1367 2037 1503 2103 heredes

402 2149 436 2205 et
460 2140 653 2205 Matillidem
678 2141 804 2226 loquela
827 2141 868 2205 de
887 2141 1048 2206 warentia
1094 2141 1137 2206 Et
1160 2163 1257 2226 super
1279 2140 1339 2205 hoe
1363 2140 1503 2205 ueniunt

403 2243 539 2329 predicti
555 2241 714 2331 Rogerus⁴
729 2253 763 2308 et
778 2243 834 2308 alii
849 2253 883 2308 et
900 2245 1014 2308 dicunt
1035 2245 1121 2330 quod
1139 2267 1204 2309 non
1223 2244 1322 2309 debet
1336 2244 1368 2309 ei
1381 2266 1502 2308 eseam-

403 2347 494 2411 bium
519 2347 620 2410 facere
645 2346 722 2432 quia
745 2346 815 2432 ipsa
840 2347 940 2411 habet
963 2347 1146 2411 manerium
1169 2346 1211 2411 de
1234 2346 1441 2432 Paylintona⁸
1466 2346 1502 2410 in

404 2449 513 2514 dotem
536 2449 621 2534 quod
647 2449 826 2513 manerium
849 2449 969 2513 sufficit
989 2449 1030 2514 ad
1053 2449 1186 2515 terciam
1207 2457 1334 2535 partem
1356 2449 1503 2513 omnium

405 2563 562 2618 tenerum
584 2575 663 2639 quas
687 2553 870 2617 Willelmns
893 2562 986 2639 pater
1013 2554 1122 2618 tenuit
1150 2553 1202 2618 die
1232 2575 1296 2638 quo
1319 2553 1505 2618 Willelmus

404 2657 490 2720 filius
512 2677 589 2720 suus
612 2655 747 2721 eandem
771 2656 966 2721 Matillidem
989 2656 1198 2743 desponsauit
1221 2665 1255 2720 et
1277 2657 1353 2722 inde
1374 2661 1503 2742 ponunt

404 2782 437 2823 se
461 2781 557 2844 super
579 2758 719 2822 iuratam
743 2767 778 2823 et
800 2758 829 2822 si
852 2781 917 2822 non
942 2758 1082 2824 sufficiat
1110 2759 1250 2824 libenter
1274 2759 1307 2824 ei
1333 2760 1505 2846 perficient

405 2889 505 2952 usque
521 2863 562 2929 ed
577 2862 710 2928 terciam
725 2871 858 2950 partem.

469 2971 513 3033 Et
537 2967 671 3033 Matillis
696 2965 886 3052 dicitquod
909 2966 1090 3031 manerium
1119 2965 1200 3031 illud
1229 2988 1294 3030 non
1323 2967 1443 3032 suffieit
1468 2978 1505 3033 et

404 3073 486 3136 bene
507 3069 652 3135 concedit
672 3069 757 3154 quod
776 3069 858 3134 illud
879 3069 1073 3134 extendatur
1085 3068 1122 3132 in
1136 3092 1174 3133 eo
1188 3078 1277 3133 statu
1293 3092 1357 3155 quo
1371 3071 1435 3134 fuit
1449 3070 1503 3136 die

405 3195 468 3258 quo
482 3173 673 3257 desponsata
687 3171 751 3235 fuit
765 3171 844 3258 quia
858 3171 1042 3236 Willelrnus
1061 3180 1155 3257 pater
1174 3171 1238 3235 uin'
1257 3171 1309 3236 sui
1330 3181 1504 3258 postquam

404 3277 474 3361 ipsa
487 3277 679 3362 desponsata
690 3276 754 3340 fuit
769 3275 860 3341 dedit
877 3275 917 3340 de
936 3275 1079 3339 manerio
1100 3275 1156 3339 illo
1176 3297 1233 3339 sex
1252 3275 1396 3362 uirgatae
1417 3285 1504 3342 terre

405 3390 439 3444 et
468 3381 486 3446 l.
516 3403 604 3445 aeras
633 3380 673 3444 de
703 3380 862 3446 dominico
892 3389 927 3445 et
956 3390 1104 3465 preterea
1131 3380 1194 3466 ipsi
1222 3380 1356 3446 heredes
1390 3391 1506 3466 postea

404 3481 563 3545 dederunt
577 3480 684 3566 plures
704 3490 805 3546 terras
825 3490 860 3545 et
881 3481 1027 3545 concedit
1047 3482 1133 3567 quod
1154 3504 1265 3546 omnes
1286 3483 1506 3548 extendantur

405 3596 463 3651 ete
480 3587 601 3651 scilicet
616 3587 795 3650 manerium
810 3587 851 3650 de
867 3587 1021 3650 Westona
1034 3608 1108 3650 cum
1128 3585 1336 3670 pertinenciis
1355 3586 1390 3650 in
1410 3587 1504 3651 Buok

406 3700 440 3754 ct
462 3690 613 3755 similiter
634 3691 814 3754 manerium
837 3690 878 3754 de
900 3690 1026 3754 Ponne⁶
1047 3713 1121 3754 cum
1143 3689 1350 3775 pertinenciis
1369 3690 1404 3754 in
1423 3711 1505 3756 corn.

406 3795 497 3859 Buck
520 3803 554 3859 et
576 3793 755 3858 manerium
777 3793 817 3858 de
840 3793 1042 3856 Ramedena⁷
1057 3792 1092 3856 in
1113 3816 1191 3857 com.
1213 3793 1448 3859 Norhamtonie
1469 3804 1504 3860 et

405 3907 552 3983 preterea
579 3906 709 3961 centum
739 3896 891 3960 solidatas
919 3895 1065 3959 redditus
1093 3895 1128 3959 in
1150 3918 1228 3961 corn
1251 3897 1441 3963 Ieircestrie
1463 3898 1504 3964 de

406 4002 556 4067 redditu⁸.
602 4003 645 4065 Et
660 4001 732 4065 ideo
747 4001 936 4065 mandatum
952 4009 1001 4065 est
1021 4000 1265 4066 uicecomitibns
1286 4002 1372 4088 quod
1393 4027 1505 4068 omnes

407 4117 507 4171 terras
536 4106 607 4171 illas
636 4107 768 4172 extendi
793 4116 826 4170 et
849 4105 1026 4192 appreciari
1048 4107 1167 4170 faciant
1189 4129 1247 4192 per
1267 4120 1503 4174 sacramentum

437 4235 446 4267 ¹
463 4237 624 4295 Repimldrm
636 4236 666 4284 B.
1011 4235 1022 4266 ⁵
1038 4237 1188 4290 Pallentou’.
1198 4236 1228 4284 B.

437 4301 448 4333 ¹
463 4302 575 4358 debcant,
586 4300 616 4349 B.
1011 4299 1022 4331 ⁶
1039 4301 1068 4348 de
1080 4302 1106 4348 la
1116 4301 1207 4355 Penne,
1219 4301 1248 4348 B.

437 4367 448 4398 ³
464 4366 483 4414 O
567 4369 571 4378 “
1011 4365 1022 4398 ⁷
1038 4365 1188 4422 Hermldeu’,
1199 4366 1230 4414 B.

437 4431 448 4462 ⁴
463 4380 625 4492 Riiiiuiidua,
637 4431 667 4480 B.
1011 4429 1022 4460 ⁸
1038 4431 1067 4480 de
1079 4431 1179 4479 redditu
1190 4433 1274 4480 asciae.
1288 4431 1318 4480 B.
