3342 5217
531 2 682 61 rnmrrr,
712 9 769 50 ...1
881 37 888 61 ,
920 8 973 50 ,.·.
1041 4 1049 49 s
1288 10 1341 51 ιο

233 165 274 232 de
304 167 422 235 ultima
449 167 691 254 presentecione
721 176 779 233 etc
811 176 846 231 et
875 175 989 252 postea
1017 166 1130 231 relicto
1160 166 1216 232 illo
1250 168 1343 233 breui

233 272 428 358 perquisiuit
454 271 544 337 aliud
569 273 670 337 breue
694 294 793 357 quare
819 270 882 356 ipsi
908 270 1140 356 inpediuerunt
1166 280 1201 335 et
1226 271 1344 337 habuit

165 363 168 366 ¹
232 375 319 439 diem
335 375 377 439 ad
391 375 479 440 diem
493 376 594 440 istum
615 382 650 438 et
669 397 735 438 non
755 375 848 439 uenit
869 397 928 441 nec
948 375 990 439 ad
1010 375 1092 440 illud
1107 377 1206 440 breue
1227 398 1286 441 nec
1301 377 1344 441 ad

231 478 331 544 breue
346 478 511 565 proprium
527 477 614 565 quod
629 478 818 563 inpetrauit.

296 582 342 647 Et
363 581 531 646 sciendum
556 580 643 667 quod
669 581 785 646 Comes
808 588 843 645 et
867 581 1007 646 Isabella
1030 582 1206 647 clamant
1197 606 1248 648 rus
1271 606 1342 669 pre·

231 686 382 750 sentandi
404 686 531 750 racione
558 685 686 749 heredis
712 685 854 750 Simonis
884 684 924 749 de
950 685 1142 751 Wahulla
1133 709 1168 750 1n
1197 696 1268 752 cust
1255 688 1344 753 todia

231 811 342 853 eornm
358 788 536 853 existentis

295 893 319 957 J
320 902 465 958 uratores
478 891 593 957 dicunt
580 892 695 978 tquod
715 892 848 977 quidam
865 892 1004 957 Michael
1025 891 1065 957 de
1081 892 1236 958 Wohulla
1249 903 1344 979 pater

231 996 381 1081 Symonis
396 996 437 1061 de
452 996 607 1061 Wahulla
623 994 755 1061 ultimo¹
770 994 973 1080 presentauit
995 994 1157 1080 quendam
1177 996 1342 1061 Andream

231 1102 272 1165 de
297 1101 460 1166 Scallariis
483 1101 524 1165 ad
548 1100 686 1165 eandem
711 1100 880 1164 ecclesiam
910 1098 967 1184 qui
996 1098 1038 1163 ad
1067 1100 1341 1184 presentacionem

231 1228 323 1271 snam
346 1206 409 1270 fuit
431 1205 590 1270 admissus
611 1212 645 1269 et
667 1204 784 1268 ultimo
806 1203 888 1268 obiit
915 1226 1051 1288 persona
1072 1204 1106 1267 in
1132 1204 1252 1270 eadem
1298 1206 1342 1269 Et

231 1310 304 1375 ideo
330 1310 567 1375 consideratum
593 1308 754 1393 estquod
779 1308 896 1373 Comes
922 1316 956 1371 et
979 1308 1153 1373 Comitissa
1174 1331 1341 1395 recupera-

232 1422 352 1479 uerunt
365 1414 516 1478 seisinam
532 1435 624 1477 suam
638 1412 766 1477 racione
780 1412 920 1499 predicti
934 1413 1070 1491 heredis,
1086 1422 1120 1478 et
1136 1413 1290 1478 Priorissa
1307 1414 1341 1478 in

232 1517 457 1594 misericordia,
472 1526 506 1581 et
529 1516 646 1582 Comes
666 1523 701 1581 et
722 1516 896 1581 Comitisse
915 1517 984 1581 sine
1004 1517 1057 1581 die
1078 1517 1118 1583 de
1141 1518 1234 1583 breui
1256 1520 1342 1605 quod

233 1620 386 1685 Priorissa
399 1620 579 1705 inpetrauit
593 1642 692 1705 quare
707 1619 770 1705 ipsi
784 1619 1022 1705 inpediuerunt.

174 1772 180 1783 .
298 1724 388 1788 Prior
407 1724 448 1788 de
468 1723 691 1788 Doddenesse’
712 1722 912 1788 attachiatus
934 1724 998 1788 fuit
1020 1724 1061 1789 ad
1084 1725 1341 1811 respondendnm
1446 1764 1464 1793 ι.

232 1828 365 1893 Warino
379 1829 420 1892 de
436 1828 603 1914 Herlegha
617 1837 651 1891 et
666 1827 801 1914 Hugoni
816 1828 977 1893 Mauclerc
998 1851 1097 1914 quare
1118 1831 1219 1895 traxit
1239 1854 1292 1897 eos
1307 1834 1342 1896 in

232 1932 388 2018 placitum
410 1930 444 1994 in
466 1930 557 1995 curia
577 1928 801 1994 cristianitatis
822 1930 864 1993 de
887 1930 1011 1995 catallis
1034 1953 1097 2017 que
1118 1954 1182 1996 non
1202 1942 1280 1997 sunt
1301 1932 1341 1998 de

131 2106 143 2125 Ι
232 2043 429 2101 testamento
457 2035 511 2099 uel
541 2033 747 2098 matrimonio
774 2042 886 2099 contra
911 2034 1171 2119 prohibicionem,
1198 2046 1233 2102 et
1258 2038 1341 2103 bene

232 2149 414 2225 queruntur
443 2138 530 2225 quod
558 2138 645 2224 petit
673 2138 716 2203 ab
745 2138 792 2202 eis
821 2161 849 2203 x.
881 2162 1004 2203 marcas
1032 2162 1090 2225 pro
1119 2140 1341 2225 inperoaoione

231 2243 399 2309 cuiusdam
429 2242 517 2329 porci
542 2250 576 2306 et
602 2242 650 2306 ita
675 2240 761 2327 quod
786 2239 975 2307 deteriorati
1000 2250 1077 2307 sunt
1103 2252 1137 2309 et
1163 2244 1341 2330 dampnum

231 2347 354 2411 habent
375 2346 418 2411 ad
440 2344 620 2409 ualenciam
646 2368 674 2407 x.
699 2342 809 2408 libet
833 2342 920 2408 unde
944 2344 1058 2409 dicunt
1084 2346 1170 2431 quod
1194 2348 1341 2414 tulerunt

231 2447 484 2533 prohibicionem
498 2447 551 2512 die
566 2455 626 2512 etc.
642 2455 676 2511 et
690 2446 760 2532 ipse
774 2446 982 2531 inplacitauit
997 2469 1050 2512 eos
1064 2456 1178 2533 postea
1192 2458 1252 2514 etc.

297 2554 341 2617 Et
377 2551 518 2617 Jacobus
555 2550 705 2614 Decanus
741 2550 783 2615 de
820 2550 1055 2638 Tenderugge⁸
1084 2560 1119 2616 et
1156 2551 1341 2620 Gilebcrtus

232 2655 386 2721 officialis
421 2652 649 2718 Archidiaconi
686 2651 954 2718 Oolecestrensis⁴
983 2652 1134 2718 similiter
1169 2656 1341 2723 attachiati

231 2760 363 2823 fuerunt
378 2756 420 2820 ad
439 2754 699 2841 respondendnm
720 2777 820 2840 quare
841 2762 1019 2820 tenuerunt
1039 2756 1196 2841 placitum
1217 2760 1340 2843 predic-

231 2870 312 2926 tum.
357 2858 502 2923 Veniunt
518 2866 576 2923 etc.

297 2964 341 3028 Et
355 2962 446 3026 Prior
460 2961 554 3026 uenit
568 2969 602 3025 et
617 2958 763 3026 defendit
777 2962 864 3047 quod
880 2984 1046 3048 nunquam
1067 2964 1175 3049 aliquo
1196 2973 1339 3051 tempore

231 3070 437 3156 inplacitauit
451 3092 506 3134 eos
525 3068 566 3132 de
586 3066 711 3131 catallis
731 3075 781 3131 set
800 3090 915 3132 reuera
933 3067 974 3131 de
989 3068 1162 3154 orooifesto
1181 3069 1340 3135 uiolencia

232 3176 318 3239 facta
352 3172 476 3238 clericis
512 3170 614 3235 meis⁶
643 3169 730 3235 unde
760 3170 929 3235 conuictus
959 3171 1022 3236 fuit
1052 3194 1157 3237 coram
1187 3174 1340 3259 predictis
1353 3178 1490 3271 N⁰²⁸p¹⁰²¹

233 3280 363 3343 Decano
377 3285 411 3342 et
427 3275 567 3341 Officiali
581 3274 630 3338 ita
644 3274 731 3359 quod
745 3296 810 3337 non
830 3274 942 3337 suit
915 3296 961 3338 ers
981 3273 1105 3339 inflicta
1127 3276 1236 3362 aliqua
1254 3282 1366 3403 pena}
1367 3272 1470 3403 ΞΜξξξῖ
1462 3320 1498 3358 η

233 3382 426 3498 pecuniaria,
438 3380 537 3445 immo
552 3378 638 3465 quod
653 3377 841 3463 disciplinas
856 3378 1038 3443 haberent
999 3386 1063 3443 trn
1075 3379 1189 3445 diebus
1204 3366 1505 3459 fest't1uis,.110.⁰¹¹tda

232 3495 267 3550 et
292 3484 474 3572 quiaillud
498 3483 584 3569 quod
610 3483 657 3547 eis
683 3482 867 3547 iniunctum
892 3482 955 3546 fuit
978 3483 1136 3549 sustinere
1165 3461 1407 3590 nolueruntnud‘
1394 3469 1483 3591 111Ξῖ1
1425 3460 1494 3507 W*

231 3590 471 3654 innodauerunt
500 3610 554 3653 eos
582 3587 749 3652 sentencia
777 3587 1127 3665 excommunicacionis
1158 3598 1192 3654 et
1227 3562 1394 3685 posted}
1370 3603 1427 3638 ⁰¹²2ss
1435 3599 1491 3638 ⁰¹¹⁶·

150 3769 154 3774 ⁵
233 3694 381 3758 tulerunt
414 3692 667 3779 prohibicionem
698 3701 731 3757 ct
762 3691 863 3756 eciam
894 3700 966 3777 post
996 3692 1248 3778 prohibicionem
1278 3646 1397 3781 ipsi·¹¹0¹
1386 3644 1455 3686 aa.

267 3886 274 3918 ¹
293 3888 381 3934 caltimo
394 3884 480 3934 interl.
492 3884 526 3945 by
537 3887 684 3933 annotator.
844 3882 854 3913 ⁴
873 3882 966 3931 Colecr'
981 3882 1111 3931 Colerestr'
1122 3882 1176 3931 MS.

266 3951 276 3982 ²
293 3948 417 3999 Dodnash
429 3950 457 3998 in
469 3950 576 3998 Suflolk.
844 3946 854 3977 ⁵
872 3946 922 3995 Sic.

266 4014 580 4076 ’TenderinginEssen
845 4012 907 4061 ‘So
919 4012 963 4059 Br.
976 4010 993 4060 f.
1007 4012 1062 4061 408.
