3342 5217
354 431 419 496 3¹34
652 447 801 510 τιιιιιτι,
824 449 889 498 nn.
915 435 1008 509 1230,
1030 451 1093 497 nn,
1118 439 1167 498 14.

352 619 465 684 domui
478 642 537 684 sue
552 619 618 706 viij.
633 620 688 686 sol
703 619 852 686 redditus
865 643 942 685 cum
957 628 1040 707 pert
1053 619 1090 685 in
1104 619 1323 686 Staolrethirn’
1337 620 1374 684 in
1390 619 1461 683 loco

353 723 560 809 competenti.

298 881 306 896 .
418 827 559 893 Thomas
575 827 618 892 de
633 827 749 914 Regny
763 828 887 914 optulit
905 851 941 894 se
962 828 1043 914 iiije.
1057 828 1112 894 die
1132 851 1245 894 uersus
1259 828 1459 892 willelmum

353 930 625 997 Arcbidinconum
640 932 837 998 Wcllensem
850 933 893 998 de
912 934 1033 1019 placito
1049 956 1150 1020 quare
1172 934 1282 998 tenuit
1302 933 1459 1020 placitum

354 1033 388 1100 in
410 1035 500 1100 curia
518 1035 743 1102 cristianitatis
761 1036 804 1102 de
825 1037 907 1102 laico
920 1037 1014 1102 fcodo
1032 1037 1136 1123 ipsius
1150 1037 1274 1102 Thome
1293 1037 1328 1101 in
1342 1035 1461 1100 lidde-

353 1137 457 1204 sordis
470 1146 583 1205 contra
595 1139 851 1226 prohibicionem
865 1149 901 1205 et
915 1163 1029 1206 uersus
1043 1140 1220 1206 Ricardum
1233 1162 1402 1226 personam
1417 1139 1459 1203 de

354 1241 538 1308 Lidesordia
565 1265 666 1328 quare
696 1252 828 1308 secutus
856 1252 908 1308 est
935 1243 1020 1308 illud
1046 1243 1136 1308 idem
1164 1243 1322 1329 placitum
1348 1249 1461 1307 contra

354 1347 489 1412 eandem
505 1347 758 1433 prohibicionem
773 1357 808 1414 et
822 1347 886 1433 ipsi
900 1371 966 1413 non
979 1356 1144 1412 uenenmt
1157 1357 1218 1412 ete
1233 1356 1269 1412 et
1282 1348 1461 1412 uiccoomcs

335 1450 525 1535 ¹mandauit
553 1451 640 1538 quod
669 1451 841 1517 mandauit
868 1452 1000 1518 balliuis
1029 1453 1181 1539 Episcopi
1209 1462 1246 1518 et
1280 1451 1367 1539 quod
1393 1467 1463 1517 non

355 1557 539 1622 habuerunt
568 1557 685 1622 laicum
708 1556 840 1623 feodum
864 1565 900 1623 et
919 1557 995 1623 idco
1016 1559 1207 1624 mandatum
1228 1567 1280 1623 cst
1302 1558 1459 1644 Episcopo

355 1661 567 1728 Bathoniensi
580 1661 668 1748 quod
682 1663 781 1728 faciat
794 1685 850 1728 eos
863 1663 976 1728 uenire
991 1663 1064 1728 ete¹

297 1817 306 1834 .
419 1765 566 1854 Rogerus
585 1766 627 1831 de
642 1767 835 1832 Auntrenon
858 1775 893 1831 ct
914 1766 1074 1832 Nieholna
1094 1790 1176 1832 uxor
1196 1766 1267 1831 eius
1280 1787 1338 1852 per
1358 1775 1462 1830 attor-

355 1878 469 1934 natum
507 1891 603 1934 suum
634 1870 825 1955 optulenmt
854 1891 889 1934 sc
917 1869 996 1955 iiiju.
1026 1869 1080 1934 die
1109 1892 1222 1934 uersus
1250 1867 1461 1934 Godehidum

354 1972 496 2040 Priorem
526 1973 558 2039 S.
590 1973 764 2040 Germani·
789 1973 830 2039 de
860 1975 981 2061 placito
1007 1997 1106 2061 quare
1129 1997 1195 2039 non
1217 1974 1382 2060 permittit
1406 1996 1462 2038 eos

354 2085 538 2165 presentare
557 2077 707 2145 idoneam
729 2102 899 2166 personam
920 2079 963 2144 ad
984 2080 1153 2145 ecelesiam
1175 2079 1208 2145 S.
1229 2078 1375 2144 Sithuini
1396 2101 1463 2164 que

354 2188 450 2246 uacat
478 2189 514 2247 et
542 2180 584 2247 ad
612 2205 705 2247 suam
731 2191 858 2269 spectat
880 2183 1090 2249 donacionem
1111 2191 1173 2248 etc.
1219 2182 1263 2247 Et
1284 2181 1375 2246 Prior
1395 2205 1462 2247 non

354 2285 447 2352 uenit
473 2293 532 2353 etc.
577 2286 622 2351 Et
643 2295 834 2374 preceptum
857 2287 921 2352 fuit
943 2288 1128 2354 uicecomiti
1149 2287 1235 2374 quod
1256 2287 1462 2353 athsehiaret

354 2413 430 2457 eum
445 2399 480 2456 et
494 2391 564 2478 ipse
578 2391 678 2456 nichil
698 2392 775 2458 inde
789 2393 868 2458 feeit
886 2415 947 2458 nee
961 2393 1062 2459 breue
1081 2393 1173 2458 misit
1194 2399 1229 2458 et
1248 2391 1322 2458 ideo
1340 2393 1462 2458 habeat

355 2518 469 2581 corpus
484 2495 555 2562 cius
568 2519 589 2561 a
602 2495 656 2561 die
671 2504 732 2562 etc.
747 2497 825 2582 quia
847 2496 982 2562 ecclesia
1003 2506 1107 2574 uacat,
1123 2505 1158 2561 et
1180 2496 1360 2562 uicccomes
1381 2505 1463 2563 tunc

355 2598 399 2664 sit
412 2598 460 2665 ibi
474 2599 645 2665 auditurus
659 2600 817 2666 iudicium
831 2623 928 2666 suum
943 2607 1004 2666 etc

414 2916 475 2980 DE
504 2913 712 2980 'PERMINO
743 2915 774 2982 S.
805 2914 1070 2980 TRINITATIS
1098 2914 1232 2980 ANNO
1261 2913 1407 2980 REGNI

630 3019 765 3086 REGIS
788 3020 986 3087 HENRIOI
1012 3018 1188 3085 XIIIJ¹⁰³.

299 3309 306 3324 ‚
420 3238 597 3306 ‘Robcrtus
620 3242 649 3306 lc
672 3240 738 3306 'l'us
760 3249 795 3306 et
817 3241 980 3306 Beatricia
999 3264 1081 3306 uxor
1101 3241 1173 3307 eius
1194 3249 1231 3307 et
1249 3241 1356 3307 Alicia
1376 3265 1465 3307 soror

279 3370 296 3400 c
356 3343 457 3429 ipsius
477 3343 637 3410 Beatricie
656 3345 847 3410 summoniti
866 3347 999 3410 fuerunt
1018 3345 1060 3410 ad
1079 3344 1338 3431 respondendum
1360 3344 1464 3410 Priori

357 3449 398 3514 de
418 3449 589 3536 Markeby⁶
609 3472 708 3536 quare
728 3472 793 3514 non
807 3450 1005 3536 permittunt
1020 3472 1095 3515 eum
1112 3459 1297 3536 presentare
1312 3449 1463 3515 idoneam

356 3575 524 3640 personam
539 3554 580 3620 ad
595 3554 762 3620 ecclesiam
775 3554 817 3620 de
832 3554 970 3639 Mumby
985 3554 1064 3640 que⁸
1078 3561 1113 3618 et
1127 3554 1170 3619 ad
1184 3576 1276 3619 suam
1291 3561 1420 3640 spectat
1437 3554 1443 3640 Ι

356 3659 564 3726 donacionem
584 3667 642 3724 etc.
659 3666 694 3724 et
713 3657 800 3724 unde
822 3658 891 3744 ipse
912 3657 1003 3723 Prior
1024 3657 1172 3744 queritur
1193 3656 1280 3744 quod
1300 3657 1364 3744 ipsi
1385 3681 1462 3723 eum

356 3765 476 3830 iniuste
513 3765 685 3851 inpediunt
719 3771 777 3830 etc.
808 3763 887 3850 quio
914 3763 1048 3849 quidam
1076 3763 1203 3828 Alanus
1231 3762 1272 3828 de
1301 3763 1463 3829 Omnibus

355 3875 536 3934 antecessor
564 3868 781 3956 predictarum
811 3867 972 3932 Beatricie
998 3874 1033 3932 et
1054 3866 1160 3932 Alicio
1182 3865 1274 3932 dedit
1295 3867 1462 3932 ecclesiam

355 3973 445 4039 illam
474 3971 535 4038 deo
564 3980 599 4038 et
627 3971 759 4038 ecclesie
789 3971 828 4036 B.
859 3969 949 4036 Petri
977 3969 1019 4036 dc
1048 3971 1208 4056 Markeby
1238 3977 1273 4034 et
1300 3970 1464 4036 canonicis

355 4078 477 4145 ibidem
491 4077 552 4144 deo
567 4077 784 4144 seruientibus
804 4085 839 4142 et
858 4074 935 4141 inde
955 4075 1077 4162 profert
1098 4083 1221 4140 cartam
1242 4074 1345 4160 ipsius
1364 4075 1464 4140 Alani

387 4231 398 4265 1
414 4229 466 4281 For
475 4244 565 4281 mesne
581 4245 684 4294 procoss
699 4227 728 4280 ln
737 4227 801 4282 such
812 4243 885 4281 ossea
934 4227 1002 4290 Boll,
1016 4227 1064 4278 No.
1075 4227 1116 4278 86.

356 4311 398 4348 sec
408 4297 452 4348 Br.
465 4296 484 4345 f.
496 4297 553 4354 409.
565 4297 623 4346 44o.
965 4293 1104 4342 ⁴l.m.2.

387 4360 580 4412 ’Benedictine
594 4359 685 4426 Priory
700 4360 729 4411 in
745 4360 883 4412 cornuall.
966 4357 1089 4409 ‘Austin
1111 4357 1203 4422 Priory
1218 4356 1247 4406 in
1269 4355 1465 4408 Linoolnsbiro.

355 4428 469 4479 Monast
480 4427 532 4476 vol.
544 4427 568 4486 2,
579 4440 606 4490 p.
619 4427 678 4479 467.
935 4424 1048 4474 Monsst
1060 4423 1111 4474 vol.
1123 4423 1148 4482 6,
1159 4438 1185 4487 p.
1199 4423 1257 4473 561.

387 4493 466 4542 ⁸For
487 4491 541 4542 this
562 4496 627 4543 term
643 4492 792 4543 A=Goran1
814 4491 882 4554 Rege
965 4489 976 4522 ⁶
993 4489 1093 4554 supply
1103 4488 1233 4551 ocem.
