3342 5217
384 408 448 469 452
680 416 831 475 unimus,
854 414 919 463 an.
944 400 1037 472 1231,
1060 412 1122 460 aa.
1148 400 1196 459 15.

384 591 424 656 de
454 591 523 677 ipso
553 589 717 655 Willelmo
746 586 787 651 de
824 586 1052 672 Theggewella
1085 594 1119 649 et
1156 584 1330 649 heredibus
1357 586 1426 649 suia
1456 593 1490 647 et

383 688 640 755 warentizabunt
654 696 713 753 ete
759 686 884 751 Profert
899 685 1002 749 eciam
1012 683 1175 771 quandam
1186 693 1309 748 cartam
1319 682 1489 748 cuiusdam

384 792 519 857 Roberti
545 790 689 856 Britonis
713 811 772 875 per
794 811 892 874 quam
915 787 1003 852 idem
1025 787 1188 852 Robertns
1208 787 1398 851 feoffauerat
1416 808 1488 871 pre

383 894 509 960 dietum
532 893 737 959 Gilebertum
759 892 799 956 de
822 890 936 955 eodem
961 898 1159 966 tenemento,
1184 897 1219 954 et
1244 910 1340 975 quam
1366 898 1489 953 ennam

383 997 471 1064 idem
502 997 689 1064 Gilebertus
718 995 862 1061 reddidit
886 994 992 1059 eidem
1020 994 1186 1058 Willelmo
1208 993 1338 1079 quando
1359 994 1392 1058 ei
1413 994 1490 1057 feeit

383 1109 506 1165 certam
536 1099 576 1164 de
607 1096 837 1164 seoffament0¹.
882 1097 926 1160 Et
952 1095 1031 1182 quia
1058 1095 1146 1160 idem
1172 1096 1356 1159 Willelmus
1384 1095 1489 1180 primo

384 1205 510 1270 dedixit
539 1212 643 1269 cartas
673 1210 707 1267 et
737 1202 846 1289 sigilla
873 1208 908 1265 et
932 1200 1018 1265 dixit
1047 1199 1133 1286 quod
1154 1207 1234 1264 tunc
1256 1199 1372 1266 habuit
1401 1198 1490 1264 aliud

385 1308 529 1395 sigillum
544 1316 578 1372 et
593 1307 628 1372 in
650 1306 715 1371 alia
736 1307 840 1369 sonna
854 1328 952 1391 quam
974 1304 1117 1390 sigillum
1137 1304 1201 1369 luit
1220 1304 1308 1390 quod
1326 1303 1489 1389 prolatum

384 1412 449 1477 suit
472 1412 507 1476 in
532 1411 652 1476 iudicio
677 1419 712 1475 et
737 1409 834 1475 cartis
859 1431 1039 1496 appensum
1063 1417 1098 1472 et
1120 1430 1208 1473 nnnc
1229 1430 1331 1473 unum
1352 1405 1491 1472 bonnm'

385 1515 530 1602 sigillum
544 1514 674 1600 profert,
690 1512 938 1579 Consideratum
954 1510 1106 1597 estquod
1127 1510 1202 1575 linis
1220 1511 1307 1575 inter
1326 1510 1489 1574 Abbatem

386 1628 420 1685 et
438 1619 640 1684 Willelmum
658 1617 699 1682 de
721 1614 888 1703 Allegate⁸
909 1616 1031 1680 laetum
1053 1614 1089 1679 in
1111 1615 1201 1679 curia
1221 1615 1315 1681 Dom.
1330 1616 1433 1702 Regis
1451 1615 1489 1680 de

386 1721 500 1787 eadem
515 1730 601 1787 tene
615 1729 774 1797 teneatur,
789 1729 824 1784 et
839 1719 1023 1783 Willelmus
1037 1718 1078 1783 de
1092 1719 1320 1805 Theggewella
1332 1719 1490 1784 custodia·

387 1833 450 1902 tur,
473 1833 508 1889 et
536 1847 596 1889 nee
618 1825 687 1911 ipse
709 1846 769 1889 neo
791 1823 926 1888 heredes
947 1822 999 1887 sui
1020 1822 1169 1887 deeetero
1190 1823 1333 1888 habeant
1361 1822 1490 1909 aliquod

387 1949 576 2013 recuperare
591 1927 632 1991 de
646 1926 760 1991 eadem
771 1934 860 1990 terna
874 1947 987 1990 uersus
1001 1925 1126 2011 aliquos
1140 1924 1218 1990 ete⁴

451 2029 548 2094 ⁶Dies
562 2028 659 2094 datus
674 2034 725 2092 est
746 2026 892 2092 Johenni
913 2026 980 2091 filio
1002 2026 1141 2091 Galfiidi
1161 2028 1312 2113 querenti
1333 2037 1369 2093 et
1390 2029 1491 2094 Pn'ori

387 2132 428 2198 de
444 2132 683 2199 Bmdenestoke
698 2154 758 2217 per
771 2139 973 2196 attornatnm
987 2154 1083 2196 snum
1098 2132 1139 2196 de
1161 2133 1296 2197 seruicio
1311 2141 1346 2198 et
1360 2156 1491 2199 oonsue

388 2236 557 2302 tudinibua
571 2234 658 2300 unde
678 2232 857 2321 inquisicio,
871 2256 893 2299 a
906 2234 960 2298 die
982 2234 1015 2299 S.
1030 2234 1127 2299 hlieh
1150 2234 1185 2299 in
1207 2244 1274 2300 tres
1287 2236 1491 2321 septimanm

388 2339 465 2424 quia
475 2346 660 2404 attomatus
671 2337 789 2402 Prioris
804 2336 952 2423 queritur
966 2336 1052 2422 quod
1066 2336 1236 2423 inquisieio
1251 2360 1314 2424 que
1329 2340 1417 2404 faeta
1431 2340 1492 2404 fuit

387 2442 467 2525 alias
481 2464 546 2507 non
561 2442 625 2506 fuit
640 2442 726 2505 saeta
740 2462 847 2505 coram
862 2439 1052 2503 nicecomite
1072 2448 1108 2504 et
1130 2441 1371 2506 coronatoribus
1384 2464 1446 2507 nee
1459 2443 1491 2506 in

388 2546 545 2611 comitatu
560 2568 620 2610 nec
635 2567 693 2631 per
707 2544 838 2609 milites.
882 2543 927 2607 Et
940 2544 1021 2607 non‘
1034 2552 1224 2629 preceptum
1239 2553 1290 2609 est
1308 2537 1492 2611 uioeoomiti

388 2648 473 2713 sicut
487 2647 567 2712 alias
582 2645 669 2733 quod
683 2645 782 2709 saciat
796 2644 1041 2730 inquisicionem
1057 2654 1093 2709 et
1106 2645 1197 2710 illam
1216 2646 1329 2712 mittat
1349 2648 1391 2712 ad
1406 2649 1491 2713 diem

388 2750 491 2827 illum,
505 2759 540 2815 et
555 2750 680 2815 dictum
696 2758 746 2813 est
760 2755 925 2813 attornato
939 2747 1058 2812 Prioris
1071 2749 1159 2834 quod
1172 2749 1344 2815 deliberati
1358 2752 1458 2817 faeiat
1466 2752 1491 2837 j.

389 2852 507 2916 bouem
532 2858 666 2936 ceptum
691 2871 749 2934 pro
775 2848 889 2914 eodem
914 2848 1050 2914 seruicia
1076 2858 1110 2914 et
1135 2850 1244 2916 omnia
1266 2852 1389 2917 sintin
1416 2876 1493 2940 paoe

390 2956 547 3042 usquead
562 2956 649 3020 diem
665 2955 767 3031 illum,
782 2963 816 3019 et
831 2954 1011 3019 uiceeomes
1024 2977 1098 3019 oum
1118 2955 1330 3040 inquisicione
1344 2958 1403 3023 illa
1416 2968 1495 3024 tuno

389 3061 501 3126 uenire
531 3060 629 3125 faeiat
656 3059 757 3124 breue
777 3081 837 3145 per
865 3058 952 3144 quod
973 3059 1059 3123 idem
1082 3058 1173 3124 Pnior
1193 3060 1366 3146 inplacitat
1385 3063 1495 3149 ipsum

389 3164 573 3230 Johannem
596 3163 636 3227 de
662 3162 775 3227 eodem
798 3162 957 3239 seruicio',
972 3171 1007 3226 et
1027 3162 1147 3227 dicitur
1169 3163 1269 3249 quod⁸
1289 3177 1496 3231 summoneat

390 3267 533 3331 Piiorem
562 3265 649 3352 quod
678 3274 756 3330 tunc
785 3274 943 3352 sequatur
970 3275 1005 3331 et
1034 3266 1148 3331 ueniat
1176 3266 1219 3331 ad
1239 3269 1444 3354 sequendum
1469 3271 1497 3335 si

390 3370 538 3435 uoluerit.

454 3470 627 3537 'Ricandus
655 3472 767 3537 Abbas
796 3472 837 3537 de
872 3472 1092 3538 stratfordia¹⁰
1119 3474 1327 3541 athaehiatus
1360 3477 1428 3543 fuit
1458 3478 1500 3544 ad

389 3572 649 3661 respondendum
661 3573 806 3639 Galfn'do
819 3574 980 3639 Corbionn
991 3598 1090 3661 quase
1105 3576 1136 3640 ei
1150 3598 1216 3641 non
1230 3577 1309 3641 facit
1322 3593 1499 3646 eonsuetu-

388 3677 481 3743 dines
496 3686 530 3742 et
545 3684 634 3742 recta
644 3677 782 3742 seruicia
795 3699 860 3763 que
874 3678 906 3742 ei
920 3679 1024 3743 faeere
1035 3677 1134 3743 debet
1145 3678 1185 3743 de
1196 3680 1296 3745 libem
1306 3690 1502 3750 tenemento

389 3780 475 3866 quod
489 3779 531 3845 de
546 3802 584 3843 eo
600 3787 692 3844 tenet
707 3779 742 3844 in
756 3780 909 3857 Lectone,
918 3789 952 3844 et
967 3781 1054 3846 unde
1069 3781 1157 3846 idem
1172 3781 1337 3849 Galfridus
1347 3788 1502 3871 queiitur

420 3965 503 4015 ¹‘l'he
513 3964 570 4015 title
581 3966 657 4017 deeds
667 3982 711 4017 ere
721 3966 825 4017 handed
836 3982 905 4017 over.
966 3968 1085 4018 enolosed
1095 3966 1151 4019 ine
1165 3970 1253 4019 Vacat.

420 4030 431 4062 ²
448 4031 519 4080 corr.
531 4046 632 4090 nouom,
644 4032 674 4081 Β.
999 4034 1010 4064 ⁸
1026 4034 1058 4082 B.
1068 4048 1105 4084 m.
1117 4034 1165 4083 od.

419 4096 431 4127 ⁸
446 4096 470 4144 A
485 4096 560 4145 merl
575 4096 686 4158 illegible
702 4096 736 4159 by
752 4112 806 4155 me;
826 4096 849 4146 B
866 4096 916 4147 has
999 4098 1010 4131 ⁸
1027 4099 1098 4150 Corn.
1109 4100 1174 4157 ideo,
1185 4098 1218 4151 B.

387 4160 499 4222 nothing
510 4160 621 4210 between
633 4164 747 4223 Allegote
759 4161 810 4211 and
817 4163 917 4224 saetam
999 4162 1011 4196 ⁷
1027 4162 1110 4212 These
1119 4177 1164 4213 are
1174 4177 1245 4213 erosa
1253 4163 1364 4215 aetiona.

387 4226 585 4340 iiinirt'edsmm)
614 4225 667 4275 and
694 4225 805 4288 nothing
833 4242 916 4277 seems
998 4228 1011 4326 ξ
1025 4228 1085 4341 31η.
1100 4229 1196 4344 ἀξίων
1206 4231 1279 4291 qaod,
1292 4230 1322 4280 B.

493 4324 499 4337 .
1050 4307 1104 4341 .m.
1135 4329 1142 4342 .

419 4356 430 4386 ⁴
447 4353 501 4403 The
512 4354 568 4404 first
584 4354 632 4404 feu
647 4354 715 4405 lines
731 4355 760 4405 ol
774 4356 839 4406 Osse
855 4357 912 4417 581,
999 4356 1020 4389 ¹⁰
1037 4357 1166 4407 Stmtlord
1175 4357 1343 4419 Iangthomo
1356 4359 1389 4411 in
1405 4362 1504 4415 Em

387 4433 431 4469 ere
441 4418 502 4469 here
513 4420 645 4482 repentem
663 4420 709 4471 but
721 4420 765 4470 the
774 4436 883 4483 passage
891 4422 915 4470 ia
965 4421 1078 4472 Monast.
1089 4423 1141 4473 vol
1153 4425 1177 4481 6,
1188 4437 1214 4485 p.
1227 4424 1283 4473 586.
