3342 5217
490 406 627 477 unsrun,
650 399 714 467 an.
739 404 832 478 1231,
855 417 918 469 aa
942 407 992 469 15.
1231 408 1295 471 439

192 592 279 649 terra
292 606 368 649 cum
382 592 462 670 pert.
473 584 588 650 debuit
602 607 768 651 remanere
783 586 928 673 predicto
937 587 1102 653 Willelmo
1112 597 1148 654 91
1162 590 1295 656 Mabilie

191 696 263 754 tota
285 687 357 753 uita
377 710 436 753 sua
457 696 492 753 et
513 698 586 775 post
609 699 745 754 mortem
768 690 911 776 ipsorum
926 691 1083 757 Willelnri
1104 701 1140 757 et
1161 692 1295 758 Mabilie

191 792 306 857 debuit
321 800 407 857 terra
421 792 478 857 illa
491 792 613 857 reuerti
626 792 669 857 ad
683 792 822 858 eundem
838 793 1027 879 Philippum
1041 816 1100 880 per
1113 796 1295 881 predictum

190 896 289 961 finem
312 896 397 961 sicut
417 896 452 961 in
478 896 666 984 cirographo
690 897 778 961 inter
802 918 856 961 eos
881 898 1025 962 confecto
1047 900 1240 978 continetur,
1261 913 1296 966 91

190 998 277 1085 quod
292 999 378 1064 idem
395 999 565 1085 Philippus
585 1000 707 1085 profert
721 1008 756 1064 et
769 1000 856 1086 quod
871 1008 1014 1065 testatur
1032 1002 1118 1087 quod
1132 1004 1296 1089 predictus

189 1103 361 1189 Philippus
382 1102 569 1188 recognouit
591 1111 694 1167 totam
718 1110 838 1168 terram
860 1104 950 1169 illam
970 1126 1044 1169 cnm
1064 1115 1145 1191 pert.
1161 1130 1230 1172 esse
1245 1108 1296 1173 ius

189 1206 333 1293 ipsorum
348 1206 506 1271 Willelmi
521 1215 556 1271 ot
570 1206 703 1272 Mabilie
728 1208 904 1273 tenendam
920 1217 991 1274 tota
1005 1210 1077 1275 uita
1089 1210 1232 1297 ipsorum
1247 1212 1297 1277 ita

189 1310 277 1396 quod
290 1317 364 1395 post
378 1318 517 1374 mortem
532 1310 701 1396 utriusque
716 1310 859 1396 ipsorum
877 1319 948 1376 tota
967 1321 1055 1377 terra
1073 1314 1131 1379 illa
1151 1324 1294 1381 reuerte-

188 1422 280 1479 retur
298 1412 339 1477 ad
361 1413 469 1498 ipsum
491 1412 680 1497 Philippum
703 1420 737 1476 et
758 1412 893 1477 heredes
915 1435 989 1478 suos
1011 1414 1122 1500 quiete
1144 1417 1293 1504 inperpe-

190 1528 295 1595 tuum,
309 1526 343 1581 et
357 1515 444 1581 unde
459 1514 545 1580 idem
562 1516 745 1581 Willelmus
764 1517 913 1601 queritur
932 1518 1018 1604 quod
1033 1542 1108 1584 cum
1122 1543 1181 1606 per
1194 1521 1294 1587 finem

189 1621 282 1685 illum
298 1628 382 1685 esset
397 1619 431 1683 in
447 1627 533 1683 terra
546 1619 604 1683 illa
618 1628 691 1705 post
705 1628 844 1684 mortem
864 1621 1008 1705 predicte
1031 1622 1165 1688 Mabilie
1185 1626 1294 1690 uxoris

188 1746 247 1789 sue
264 1732 298 1788 et
317 1722 450 1788 inisset²
466 1723 500 1786 in
520 1745 649 1809 campos
670 1746 754 1799 suos,
768 1732 931 1789 uenerunt
952 1726 1117 1811 predictus
1138 1729 1238 1815 Hngo
1260 1738 1294 1794 et

188 1848 300 1892 omnes
322 1826 379 1890 alii
401 1824 578 1910 supradicti
600 1833 635 1889 et
656 1833 902 1911 prostrauerunt
923 1850 998 1893 eum
1021 1829 1061 1894 de
1084 1852 1167 1916 equo
1186 1854 1244 1896 suo
1258 1832 1294 1897 in

189 1955 253 2018 quo
268 1931 401 1997 sedebat
415 1938 450 1995 ct
464 1930 576 1995 sellam
592 1952 684 1994 suam
699 1931 866 2017 fregerunt
886 1940 920 1996 et
942 1955 1018 1997 enm
1039 1934 1294 2001 uerberauerunt

188 2045 223 2101 et
245 2036 386 2123 turpiter
405 2042 440 2099 et
462 2034 631 2098 inhoneste
654 2056 730 2099 eum
755 2042 979 2101 tractaremnt
1002 2046 1037 2101 et
1060 2047 1173 2123 postea
1192 2039 1293 2104 intra-

187 2146 308 2204 uerunt
322 2139 434 2203 domos
453 2137 554 2223 ipsius
568 2137 726 2201 Willelmi
749 2147 783 2203 et
805 2147 961 2223 ceperunt
982 2139 1175 2225 palefridum
1197 2164 1293 2207 suum

187 2254 223 2310 et
237 2246 331 2310 illum
345 2244 551 2309 abduxerunt
566 2252 601 2309 et
620 2252 777 2329 ceperunt
798 2246 910 2327 fenum
932 2253 967 2309 et
988 2246 1053 2310 alia
1074 2268 1137 2332 que
1159 2247 1292 2313 inuene-

187 2358 265 2415 runt
294 2358 329 2414 et
357 2350 485 2415 arbores
519 2355 764 2435 prostrauerunt
795 2356 830 2413 et
865 2349 1029 2414 redditum
1066 2361 1222 2437 ceperunt
1251 2352 1292 2417 (19

187 2451 372 2518 hominibus
394 2453 443 2517 ita
466 2453 552 2539 quod
573 2452 751 2538 dampnum
775 2451 876 2517 habet
897 2463 967 2531 etc,
989 2463 1024 2519 et
1045 2454 1121 2520 inde
1144 2455 1293 2542 producit

187 2565 318 2623 sectam.

252 2661 298 2726 Et
312 2662 412 2747 Hugo
426 2669 462 2725 et
476 2681 587 2725 omnes
601 2659 658 2724 alii
677 2667 787 2745 preter
800 2659 1003 2724 Willelmum
1024 2659 1130 2726 Judas
1151 2659 1291 2727 ueniu'nt

186 2771 222 2829 et
244 2762 423 2828 defendunt
447 2762 516 2828 uim
542 2772 576 2827 et
602 2762 754 2827 iniuriam
777 2772 811 2827 et
837 2771 953 2840 totum,
975 2771 1010 2827 et
1034 2786 1150 2827 uerum
1175 2766 1293 2830 nolunt

185 2867 300 2933 dicere.
345 2868 474 2933 Reuera
495 2875 613 2933 terram
636 2867 726 2932 illam
749 2868 835 2933 unde
858 2868 1025 2932 contencio
1045 2877 1095 2933 est
1114 2869 1206 2935 dedit
1220 2872 1291 2957 qui-

186 2973 263 3037 dam
285 2970 424 3037 Thomas
445 2971 486 3036 do
506 2972 597 3036 Bello
616 2972 727 3037 Monte
743 2972 879 3059 Hugoni
893 2971 1019 3036 Drunal
1034 2971 1069 3036 in
1083 2973 1291 3060 maritagium

185 3099 262 3141 cum
287 3075 433 3163 predicta
458 3076 593 3141 Mabilia
618 3075 793 3141 tenendam
821 3075 884 3140 sibi
909 3082 944 3139 et
968 3075 1140 3141 heredibus
1161 3078 1229 3142 suis
1249 3078 1291 3143 de

185 3182 265 3269 ipsis
280 3182 421 3267 Hugone
433 3188 467 3245 et
482 3180 617 3245 Mabilia
630 3180 825 3247 exeuntibus
836 3187 871 3245 ct
882 3179 944 3265 ipsi
958 3178 1092 3243 heredes
1107 3179 1292 3247 habuerunt

185 3285 349 3373 quendam
375 3286 550 3372 Hugonem
577 3284 618 3349 de
644 3284 770 3349 Druual
800 3292 927 3369 patrem
950 3282 1046 3347 istius
1072 3284 1231 3372 Hugonis
1256 3296 1292 3352 et

185 3397 300 3475 postea
320 3397 448 3453 mortuo
470 3388 615 3474 predicto
637 3387 778 3473 Hugone
801 3386 906 3472 primo
927 3385 998 3450 uiro
1017 3407 1076 3450 suo
1095 3388 1208 3473 nupsit
1221 3389 1293 3475 ipsa

185 3492 316 3559 cuidam
332 3491 491 3556 Auenello
505 3492 546 3556 de
561 3513 625 3577 quo
640 3492 745 3555 nullos
761 3490 878 3555 liberos
892 3489 1017 3566 habuit,
1032 3497 1067 3554 et
1081 3498 1208 3555 mortno
1223 3491 1292 3577 ipso

184 3594 347 3661 Auenello
367 3594 479 3680 nupsit
498 3594 540 3659 ad
561 3594 716 3658 ultimum
731 3592 789 3657 isti
803 3591 968 3656 Willclmo
983 3599 1017 3656 ct
1032 3591 1151 3678 dequo
1166 3594 1292 3658 nullum

187 3698 329 3763 liberum
358 3696 502 3774 habuit¹‚
532 3706 567 3761 ct
596 3704 724 3761 mortua
752 3694 899 3781 predicta
927 3694 1063 3759 Mabilia
1086 3696 1180 3761 uenit
1205 3697 1292 3762 idem

187 3805 290 3890 Hngo
304 3810 339 3868 et
353 3802 463 3889 posuit
478 3824 511 3867 se
527 3801 561 3866 in
579 3808 698 3866 terram
718 3801 808 3865 illam
830 3807 870 3864 ut
891 3798 927 3863 in
948 3799 999 3863 ius
1021 3808 1056 3864 et
1077 3800 1292 3867 hereditatem

185 3931 279 3975 suam
298 3929 361 3994 que
382 3906 413 3971 ei
434 3905 600 3971 descendit
621 3904 769 3991 predicta
789 3902 917 3969 racione
939 3910 974 3967 et
995 3902 1083 3967 unde
1104 3904 1293 3991 dicitquod

185 4012 252 4077 fuit
273 4010 307 4076 in
330 4010 448 4075 saisina
469 4010 553 4075 sicut
574 4009 615 4073 de
637 4007 708 4073 iure
730 4030 788 4073 suo
810 4016 845 4072 et
865 4007 1048 4073 hereditate
1068 4030 1136 4087 sua,
1151 4017 1186 4074 et
1205 4009 1292 4075 unde

185 4114 269 4180 dicit
284 4113 370 4200 quod
384 4135 450 4178 non
464 4134 498 4177 ae
512 4110 646 4177 intrusit
661 4110 696 4175 in
711 4118 830 4175 terram
846 4110 935 4174 illam
950 4109 1079 4175 iniuste.

219 4318 384 4369 Humum
400 4318 529 4370 corrected
548 4318 605 4370 into
626 4320 716 4369 inisset
767 4316 798 4367 be
820 4318 912 4366 tenant
933 4316 967 4380 by
987 4319 1098 4405 curtem.
1111 4382 1117 4393 .
1131 4318 1181 4395 ³³⁸,
1194 4322 1222 4369 1ο
1238 4320 1294 4409 ‘the

186 4383 474 4500 by²⁸g¹d⁰dildlllevents
489 4449 604 4504 William
620 4452 717 4500 canum
767 4381 995 4510 ffippglffl'apg
1004 4382 1197 4498 sBiiglllllllildm
1213 4386 1295 4436 mm
