3342 5217
324 115 525 203 pertinentes
539 112 581 179 ad
595 112 762 179 ecclesiam
777 134 870 178 suam
885 112 926 178 de
943 112 1115 201 Kaylmers
1132 116 1182 180 ita
1200 115 1286 202 quod
1306 114 1435 181 adiudi-

324 229 396 287 cate
406 219 539 284 fuerunt
549 216 674 283 decime
685 216 741 283 ille
751 239 850 283 eausa
860 216 908 282 rei
916 216 1074 283 scruande
1083 226 1161 283 ante
1172 219 1435 305 prohibicionem,

324 332 359 391 et
372 323 456 390 bene
470 322 551 389 dicit
565 322 652 409 quod
666 344 845 408 numquam
867 330 940 408 post
960 322 1214 409 prohibicionem
1234 332 1364 390 secutus
1385 334 1436 390 est

324 427 481 517 placitum
497 425 586 491 illud

264 590 269 603 ‚
389 530 574 596 Willelmua
602 526 688 593 filins
725 527 857 593 Redulfi
887 537 921 593 ct
951 527 1061 594 Iuoria
1091 550 1172 594 uxor
1208 530 1278 596 eius
1314 540 1435 617 petunt

324 659 437 703 uersus
459 633 637 700 Radulfum
659 631 820 697 Blacurfot
838 632 863 718 j.
885 654 945 698 acr.
968 640 1052 698 terre
1073 655 1147 698 cum
1168 642 1250 720 pert.
1271 634 1306 699 in
1326 634 1436 700 West·

324 738 518 807 monasterio
532 746 572 802 ut
586 736 638 801 ius
652 758 748 800 suum
763 744 824 800 etc.

391 844 435 909 Et
449 840 609 907 Radulfus
624 837 717 903 uenit
731 846 766 903 et
786 837 866 904 dicit
882 837 970 925 quod
990 861 1055 903 non
1075 839 1173 905 debet
1193 840 1235 905 ad
1255 841 1314 907 hoc
1333 841 1435 907 breue

325 948 517 1038 respondere
532 945 610 1033 quia
623 945 693 1031 ipse
707 942 808 1009 nichil
823 944 943 1009 elamat
958 944 992 1008 in
1007 943 1121 1010 eadem
1134 953 1221 1011 terra
1231 946 1293 1011 nisi
1304 948 1436 1013 nomine

326 1055 412 1122 dotis
433 1076 508 1120 cum
531 1049 637 1115 Alicia
658 1070 757 1114 uxore
779 1071 839 1113 sua
861 1070 924 1134 que
945 1072 1010 1114 non
1029 1050 1216 1115 nominatur
1234 1052 1269 1116 in
1283 1051 1385 1128 breui,
1401 1060 1437 1116 ct

326 1160 452 1227 desicut
466 1179 532 1222 non
546 1154 733 1220 nominatur
747 1152 783 1217 in
797 1153 891 1219 breui
911 1154 997 1240 petit
1016 1154 1174 1220 iudicium
1189 1156 1217 1221 si
1231 1154 1350 1221 debeat
1364 1156 1436 1245 sine

326 1266 398 1352 ipsa
419 1260 619 1348 respondere.
664 1259 708 1323 Et
729 1257 803 1323 ideo
828 1257 1067 1325 consideratum
1091 1268 1141 1326 est
1166 1259 1253 1347 quod
1276 1260 1438 1327 Radulfus

327 1368 403 1436 inde
429 1366 499 1432 sine
523 1363 577 1430 die
603 1370 638 1428 et
661 1362 847 1427 Willelmus
873 1370 908 1426 et
933 1360 1043 1427 Iuoria
1068 1362 1257 1449 perquirant
1286 1363 1348 1429 sibi
1378 1386 1438 1450 per

328 1469 418 1539 aliud
432 1469 531 1534 breue
546 1465 574 1531 si
589 1463 760 1529 noluerint.

270 1630 276 1643 .
393 1572 503 1641 Dauid
524 1571 611 1637 filius
633 1568 744 1634 Dauid
764 1567 805 1634 de
829 1568 966 1655 Flitwyc
985 1571 1205 1636 summonitus
1225 1571 1289 1636 fuit
1309 1570 1349 1636 ad
1370 1594 1437 1637 res·

254 1690 273 1719 ¹·
328 1677 535 1767 pendendum
550 1674 692 1740 Roberto
707 1673 774 1738 filio
790 1672 932 1739 Simonis
946 1673 986 1739 de
1002 1675 1145 1763 Roinges
1158 1674 1199 1741 de
1215 1676 1334 1762 placito
1349 1676 1437 1762 quod

327 1783 425 1849 faciat
440 1781 470 1847 ei
484 1778 734 1846 eonsuetudines
753 1784 788 1843 et
807 1786 897 1843 recta
916 1778 1053 1843 seruicia
1072 1800 1136 1864 que
1158 1779 1189 1843 ei
1211 1780 1314 1845 facere
1337 1779 1438 1846 debet

326 1888 368 1953 de
390 1886 491 1951 libero
513 1891 700 1950 tenemento
723 1881 809 1969 quod
831 1881 872 1946 de
895 1903 933 1946 eo
954 1889 1046 1946 tenet
1065 1882 1100 1946 in
1123 1882 1281 1961 Herlawe,
1296 1892 1331 1949 et
1348 1886 1437 1951 unde

327 1990 476 2077 queritur
497 1988 582 2075 quod
604 1984 788 2052 cumidem
811 1984 922 2049 Dauid
943 1983 1064 2049 debeat
1085 2006 1144 2070 per
1165 2006 1237 2051 ann.
1261 1986 1293 2073 ij.
1317 1988 1371 2053 sob
1395 1988 1437 2054 de

327 2116 436 2161 annuo
465 2092 594 2158 redditu
625 2091 655 2156 ei
686 2097 793 2157 aretro
818 2098 869 2156 est
895 2088 1041 2155 redditus
1069 2088 1110 2155 de
1137 2090 1275 2157 termino
1299 2092 1438 2158 duorum

327 2221 494 2275 annorum,
517 2205 552 2262 et
575 2204 724 2284 preterea
749 2218 824 2260 cum
849 2194 880 2260 ei
905 2194 1025 2259 debeat
1047 2194 1240 2260 forinsecum
1263 2198 1438 2263 seruicium

328 2310 489 2391 quantum
511 2301 654 2388 pertinet
676 2300 717 2365 ad
741 2299 954 2365 medietatem
981 2297 1066 2365 feodi
1087 2300 1112 2385 j.
1134 2299 1250 2365 militis
1274 2300 1307 2366 ei
1331 2312 1439 2367 arcuo

328 2417 406 2474 sunt
441 2406 483 2473 de
520 2404 667 2493 scutagio
703 2403 851 2469 Pictauie
878 2401 1037 2468 medietas
1066 2402 1106 2467 xl.
1138 2403 1191 2469 sol.
1223 2412 1258 2469 et
1287 2404 1440 2471 similiter

329 2511 488 2578 medietas
516 2510 557 2577 nb
587 2508 641 2573 sot
665 2506 706 2572 de
727 2506 874 2593 scutagio
897 2504 1090 2583 Britannie²,
1112 2513 1147 2571 et
1175 2515 1324 2593 preterea
1352 2510 1439 2596 petit

329 2616 416 2703 quod
444 2614 542 2680 faciat
571 2620 693 2678 sectam
722 2609 765 2676 ad
793 2610 916 2675 curiam
952 2632 1045 2676 suam
1080 2610 1120 2676 de
1156 2610 1322 2701 Roynges⁸
1351 2614 1438 2681 unde

329 2719 543 2785 deterioratus
558 2724 608 2782 est
623 2724 683 2781 etc.

395 2824 439 2890 Et
463 2821 572 2888 Dauid
596 2820 690 2887 uenit
713 2828 748 2885 et
773 2819 857 2884 bene
884 2819 1047 2907 cognoscit
1076 2820 1163 2907 qnod
1192 2819 1291 2886 debet
1321 2823 1353 2889 ei
1381 2846 1440 2911 pro

330 2928 470 3017 quadam
490 2936 577 2993 terra
596 2947 695 3012 qnam
714 2924 755 2990 de
776 2945 814 2988 eo
834 2932 927 2989 tenet
947 2924 981 2988 in
1002 2924 1152 2989 Herlawe
1167 2924 1199 3010 ij.
1215 2926 1268 2991 sot
1285 2948 1345 3013 per
1357 2950 1441 3010 ann,

330 3042 363 3098 et
378 3032 474 3098 dicit⁸
488 3031 566 3118 quia
579 3028 745 3117 predictus
759 3028 924 3095 Robertus
944 3029 1051 3115 ipsum
1072 3028 1280 3116 inplacitauit
1300 3031 1335 3097 in
1350 3034 1440 3099 curia

330 3139 423 3204 Dom.
446 3135 546 3221 Regis
568 3140 649 3219 aput
671 3132 997 3197 westmonasterium
1020 3140 1055 3197 et
1078 3134 1177 3218 peciit
1204 3143 1323 3200 terram
1350 3136 1438 3202 illam

330 3242 504 3310 tenendam
524 3241 558 3305 in
578 3238 739 3304 dominico
759 3238 832 3303 ideo
852 3260 916 3302 non
932 3237 1074 3302 reddidit
1089 3239 1119 3303 ei
1135 3238 1317 3325 predictum
1333 3241 1438 3306 reddi-

330 3358 402 3414 tum
417 3346 518 3411 donec
532 3344 710 3410 discussum
726 3343 790 3408 fuit
805 3343 892 3430 quod
907 3366 972 3407 non
987 3344 1097 3430 potuit
1109 3352 1220 3429 petere
1232 3344 1295 3409 nisi
1307 3354 1437 3411 tantum

330 3451 493 3516 redditum
514 3450 547 3533 ij.
568 3449 632 3525 sol„
651 3456 685 3513 ct
705 3456 819 3533 postea
838 3446 980 3511 reddidit
1000 3446 1183 3533 predictum
1204 3446 1378 3525 redditum,
1392 3448 1441 3514 ita

331 3554 417 3643 quod
431 3576 495 3620 non
510 3561 588 3619 sunt
602 3552 634 3617 ei
648 3560 754 3617 aretro
768 3552 832 3616 nisi
846 3551 900 3636 xij.
916 3550 989 3617 den.
1005 3574 1085 3637 quos
1104 3551 1244 3616 libenter
1264 3552 1294 3616 ei
1315 3552 1437 3618 reddet.

332 3660 376 3724 Et
404 3658 445 3723 de
474 3655 630 3743 scutagiis
659 3654 851 3740 dicitquod
877 3662 1057 3746 numquam
1084 3656 1162 3721 fecit
1190 3656 1220 3721 ei
1247 3656 1438 3723 forinsecum

366 3850 860 3915 ¹Scuugeeoflaso1,enehoftmee
943 3850 1080 3914 'Rodios

333 3920 467 4040 ffisvpp
479 3917 658 4050 {hpubaipbt's
673 3917 720 3967 foe.
755 3918 859 3979 stubbs,
944 3916 1157 3985 'Supplyquod
