<?xml version="1.0" encoding="UTF-8"?>
<!DOCTYPE html PUBLIC "-//W3C//DTD XHTML 1.0 Transitional//EN"
    "http://www.w3.org/TR/xhtml1/DTD/xhtml1-transitional.dtd">
<html xmlns="http://www.w3.org/1999/xhtml" xml:lang="en" lang="en">
 <head>
  <title>
</title>
<meta http-equiv="Content-Type" content="text/html;charset=utf-8" />
  <meta name='ocr-system' content='tesseract 3.04.00' />
  <meta name='ocr-capabilities' content='ocr_page ocr_carea ocr_par ocr_line ocrx_word'/>
</head>
<body>
  <div class='ocr_page' id='page_1' title='image "bractonsnoteboo01maitgoog_0408.png"; bbox 0 0 3342 5217; ppageno 0'>
   <div class='ocr_carea' id='block_1_1' title="bbox 375 390 1184 465">
    <p class='ocr_par' dir='ltr' id='par_1_1' title="bbox 375 390 1184 465">
     <span class='ocr_line' id='line_1_1' title="bbox 375 390 1184 465; baseline -0.004 -11"><span class='ocrx_word' id='word_1_1' title='bbox 375 391 438 454; x_wconf 79' lang='grc'>102</span> <span class='ocrx_word' id='word_1_2' title='bbox 678 403 819 463; x_wconf 75' lang='lat' dir='ltr'>armar,</span> <span class='ocrx_word' id='word_1_3' title='bbox 841 403 906 453; x_wconf 68' lang='lat' dir='ltr'>nn.</span> <span class='ocrx_word' id='word_1_4' title='bbox 930 390 1024 465; x_wconf 85' lang='grc'><strong>1231,</strong></span> <span class='ocrx_word' id='word_1_5' title='bbox 1046 403 1108 453; x_wconf 65' lang='lat' dir='ltr'>aa.</span> <span class='ocrx_word' id='word_1_6' title='bbox 1135 392 1184 452; x_wconf 85' lang='lat'>15.</span> 
     </span>
    </p>
   </div>
   <div class='ocr_carea' id='block_1_2' title="bbox 374 574 1485 872">
    <p class='ocr_par' dir='ltr' id='par_1_2' title="bbox 374 574 1485 872">
     <span class='ocr_line' id='line_1_2' title="bbox 374 574 1483 663; baseline -0.001 -23"><span class='ocrx_word' id='word_1_7' title='bbox 374 576 504 642; x_wconf 86' lang='lat' dir='ltr'>uincere</span> <span class='ocrx_word' id='word_1_8' title='bbox 519 574 679 663; x_wconf 82' lang='lat' dir='ltr'>predictos</span> <span class='ocrx_word' id='word_1_9' title='bbox 693 576 748 661; x_wconf 79' lang='lat' dir='ltr'>xij.</span> <span class='ocrx_word' id='word_1_10' title='bbox 757 575 798 640; x_wconf 92' lang='lat' dir='ltr'>de</span> <span class='ocrx_word' id='word_1_11' title='bbox 810 575 958 661; x_wconf 89' lang='lat' dir='ltr'>periurio.</span> <span class='ocrx_word' id='word_1_12' title='bbox 994 574 1037 639; x_wconf 87' lang='lat' dir='ltr'>Et</span> <span class='ocrx_word' id='word_1_13' title='bbox 1049 574 1197 659; x_wconf 82' lang='lat' dir='ltr'>requisiti</span> <span class='ocrx_word' id='word_1_14' title='bbox 1212 584 1323 640; x_wconf 89' lang='lat' dir='ltr'>utrum</span> <span class='ocrx_word' id='word_1_15' title='bbox 1338 574 1483 662; x_wconf 78' lang='lat' dir='ltr'>predicte</span> 
     </span>
     <span class='ocr_line' id='line_1_3' title="bbox 374 678 1485 768; baseline -0.004 -21"><span class='ocrx_word' id='word_1_16' title='bbox 374 681 544 747; x_wconf 77' lang='lat' dir='ltr'>libertates</span> <span class='ocrx_word' id='word_1_17' title='bbox 571 682 758 768; x_wconf 88' lang='lat' dir='ltr'>pertineant</span> <span class='ocrx_word' id='word_1_18' title='bbox 786 680 829 745; x_wconf 93' lang='lat' dir='ltr'>ad</span> <span class='ocrx_word' id='word_1_19' title='bbox 859 679 1042 766; x_wconf 89' lang='lat' dir='ltr'>predictum</span> <span class='ocrx_word' id='word_1_20' title='bbox 1072 678 1277 745; x_wconf 82' lang='lat' dir='ltr'>hundredum</span> <span class='ocrx_word' id='word_1_21' title='bbox 1306 680 1348 745; x_wconf 88' lang='lat' dir='ltr'>de</span> <span class='ocrx_word' id='word_1_22' title='bbox 1374 680 1485 765; x_wconf 85' lang='lat' dir='ltr'>aliqua</span> 
     </span>
     <span class='ocr_line' id='line_1_4' title="bbox 375 780 1484 872; baseline -0.003 -23"><span class='ocrx_word' id='word_1_23' title='bbox 375 785 576 851; x_wconf 78' lang='lat' dir='ltr'>concessione</span> <span class='ocrx_word' id='word_1_24' title='bbox 596 808 695 872; x_wconf 89' lang='lat' dir='ltr'>quam</span> <span class='ocrx_word' id='word_1_25' title='bbox 715 785 809 849; x_wconf 86' lang='lat' dir='ltr'>Dom</span> <span class='ocrx_word' id='word_1_26' title='bbox 825 783 897 847; x_wconf 84' lang='lat' dir='ltr'>Rex</span> <span class='ocrx_word' id='word_1_27' title='bbox 912 781 989 847; x_wconf 85' lang='lat' dir='ltr'>fecit</span> <span class='ocrx_word' id='word_1_28' title='bbox 1004 780 1111 847; x_wconf 86' lang='lat' dir='ltr'>eidem</span> <span class='ocrx_word' id='word_1_29' title='bbox 1127 782 1249 849; x_wconf 86' lang='lat' dir='ltr'>Thome</span> <span class='ocrx_word' id='word_1_30' title='bbox 1264 792 1436 869; x_wconf 84' lang='lat' dir='ltr'>postquam</span> <span class='ocrx_word' id='word_1_31' title='bbox 1451 782 1484 847; x_wconf 90' lang='lat' dir='ltr'>ei</span> 
     </span>
    </p>
   </div>
   <div class='ocr_carea' id='block_1_3' title="bbox 223 883 1484 2832">
    <p class='ocr_par' dir='ltr' id='par_1_3' title="bbox 376 883 1484 970">
     <span class='ocr_line' id='line_1_5' title="bbox 376 883 1484 970; baseline -0.004 -18"><span class='ocrx_word' id='word_1_32' title='bbox 376 886 467 953; x_wconf 91' lang='lat' dir='ltr'>dedit</span> <span class='ocrx_word' id='word_1_33' title='bbox 489 888 669 953; x_wconf 86' lang='lat' dir='ltr'>manerium</span> <span class='ocrx_word' id='word_1_34' title='bbox 690 886 773 951; x_wconf 91' lang='lat' dir='ltr'>illud</span> <span class='ocrx_word' id='word_1_35' title='bbox 792 886 847 950; x_wconf 88' lang='lat' dir='ltr'>uel</span> <span class='ocrx_word' id='word_1_36' title='bbox 862 883 890 949; x_wconf 91' lang='lat' dir='ltr'>si</span> <span class='ocrx_word' id='word_1_37' title='bbox 908 884 1110 970; x_wconf 87' lang='lat' dir='ltr'>pertinerent</span> <span class='ocrx_word' id='word_1_38' title='bbox 1131 884 1175 949; x_wconf 90' lang='lat' dir='ltr'>ad</span> <span class='ocrx_word' id='word_1_39' title='bbox 1195 886 1378 970; x_wconf 89' lang='lat' dir='ltr'>predictum</span> <span class='ocrx_word' id='word_1_40' title='bbox 1401 884 1484 949; x_wconf 91' lang='lat' dir='ltr'>hun-</span> 
     </span>
    </p>

    <p class='ocr_par' dir='ltr' id='par_1_4' title="bbox 374 986 1483 1076">
     <span class='ocr_line' id='line_1_6' title="bbox 374 986 1483 1076; baseline -0.004 -21"><span class='ocrx_word' id='word_1_41' title='bbox 374 988 510 1054; x_wconf 87' lang='lat' dir='ltr'>dredum</span> <span class='ocrx_word' id='word_1_42' title='bbox 531 990 610 1055; x_wconf 92' lang='lat' dir='ltr'>dum</span> <span class='ocrx_word' id='word_1_43' title='bbox 629 988 812 1076; x_wconf 88' lang='lat' dir='ltr'>predictum</span> <span class='ocrx_word' id='word_1_44' title='bbox 831 986 1013 1051; x_wconf 87' lang='lat' dir='ltr'>manerium</span> <span class='ocrx_word' id='word_1_45' title='bbox 1029 986 1092 1051; x_wconf 88' lang='lat' dir='ltr'>fuit</span> <span class='ocrx_word' id='word_1_46' title='bbox 1108 986 1142 1050; x_wconf 90' lang='lat' dir='ltr'>in</span> <span class='ocrx_word' id='word_1_47' title='bbox 1158 1009 1257 1051; x_wconf 85' lang='lat' dir='ltr'>manu</span> <span class='ocrx_word' id='word_1_48' title='bbox 1272 987 1366 1053; x_wconf 89' lang='lat' dir='ltr'>Dom.</span> <span class='ocrx_word' id='word_1_49' title='bbox 1381 987 1483 1073; x_wconf 88' lang='lat' dir='ltr'>Regis</span> 
     </span>
    </p>

    <p class='ocr_par' dir='ltr' id='par_1_5' title="bbox 374 1088 1482 1179">
     <span class='ocr_line' id='line_1_7' title="bbox 374 1088 1482 1179; baseline 0 -24"><span class='ocrx_word' id='word_1_50' title='bbox 374 1091 489 1157; x_wconf 88' lang='lat' dir='ltr'>dicunt</span> <span class='ocrx_word' id='word_1_51' title='bbox 503 1092 590 1178; x_wconf 90' lang='lat' dir='ltr'>quod</span> <span class='ocrx_word' id='word_1_52' title='bbox 605 1092 733 1179; x_wconf 85' lang='lat' dir='ltr'>quando</span> <span class='ocrx_word' id='word_1_53' title='bbox 747 1089 929 1155; x_wconf 86' lang='lat' dir='ltr'>manerium</span> <span class='ocrx_word' id='word_1_54' title='bbox 945 1088 1008 1153; x_wconf 84' lang='lat' dir='ltr'>fuit</span> <span class='ocrx_word' id='word_1_55' title='bbox 1022 1089 1057 1153; x_wconf 90' lang='lat' dir='ltr'>in</span> <span class='ocrx_word' id='word_1_56' title='bbox 1072 1112 1170 1154; x_wconf 90' lang='lat' dir='ltr'>manu</span> <span class='ocrx_word' id='word_1_57' title='bbox 1187 1090 1279 1155; x_wconf 93' lang='lat' dir='ltr'>Dom.</span> <span class='ocrx_word' id='word_1_58' title='bbox 1293 1091 1393 1179; x_wconf 85' lang='lat' dir='ltr'>Regis</span> <span class='ocrx_word' id='word_1_59' title='bbox 1404 1100 1482 1155; x_wconf 83' lang='lat' dir='ltr'>ante</span> 
     </span>
    </p>

    <p class='ocr_par' dir='ltr' id='par_1_6' title="bbox 374 1193 1483 1283">
     <span class='ocr_line' id='line_1_8' title="bbox 374 1193 1483 1283; baseline -0.001 -23"><span class='ocrx_word' id='word_1_60' title='bbox 374 1196 495 1261; x_wconf 91' lang='lat' dir='ltr'>donum</span> <span class='ocrx_word' id='word_1_61' title='bbox 511 1196 597 1283; x_wconf 92' lang='lat' dir='ltr'>quod</span> <span class='ocrx_word' id='word_1_62' title='bbox 610 1196 687 1263; x_wconf 86' lang='lat' dir='ltr'>inde</span> <span class='ocrx_word' id='word_1_63' title='bbox 699 1196 776 1262; x_wconf 81' lang='lat' dir='ltr'>lecit</span> <span class='ocrx_word' id='word_1_64' title='bbox 786 1194 903 1260; x_wconf 88' lang='lat' dir='ltr'>habuit</span> <span class='ocrx_word' id='word_1_65' title='bbox 918 1193 1099 1257; x_wconf 86' lang='lat' dir='ltr'>manerium</span> <span class='ocrx_word' id='word_1_66' title='bbox 1114 1193 1196 1259; x_wconf 93' lang='lat' dir='ltr'>illud</span> <span class='ocrx_word' id='word_1_67' title='bbox 1211 1194 1371 1280; x_wconf 85' lang='lat' dir='ltr'>predictas</span> <span class='ocrx_word' id='word_1_68' title='bbox 1386 1195 1483 1259; x_wconf 88' lang='lat' dir='ltr'>liber-</span> 
     </span>
    </p>

    <p class='ocr_par' dir='ltr' id='par_1_7' title="bbox 374 1295 1484 1384">
     <span class='ocr_line' id='line_1_9' title="bbox 374 1295 1484 1384; baseline -0.002 -21"><span class='ocrx_word' id='word_1_69' title='bbox 374 1305 460 1364; x_wconf 86' lang='lat' dir='ltr'>tates</span> <span class='ocrx_word' id='word_1_70' title='bbox 474 1306 509 1364; x_wconf 88' lang='lat' dir='ltr'>et</span> <span class='ocrx_word' id='word_1_71' title='bbox 524 1299 626 1365; x_wconf 86' lang='lat' dir='ltr'>eciam</span> <span class='ocrx_word' id='word_1_72' title='bbox 641 1306 866 1384; x_wconf 87' lang='lat' dir='ltr'>temporeque</span> <span class='ocrx_word' id='word_1_73' title='bbox 886 1306 973 1361; x_wconf 88' lang='lat' dir='ltr'>terra</span> <span class='ocrx_word' id='word_1_74' title='bbox 992 1295 1051 1359; x_wconf 84' lang='lat' dir='ltr'>illa</span> <span class='ocrx_word' id='word_1_75' title='bbox 1070 1295 1134 1361; x_wconf 85' lang='lat' dir='ltr'>fuit</span> <span class='ocrx_word' id='word_1_76' title='bbox 1154 1295 1188 1359; x_wconf 90' lang='lat' dir='ltr'>in</span> <span class='ocrx_word' id='word_1_77' title='bbox 1211 1318 1309 1360; x_wconf 87' lang='lat' dir='ltr'>manu</span> <span class='ocrx_word' id='word_1_78' title='bbox 1331 1297 1484 1383; x_wconf 83' lang='lat' dir='ltr'>Hugonis</span> 
     </span>
    </p>

    <p class='ocr_par' dir='ltr' id='par_1_8' title="bbox 373 1398 1481 1488">
     <span class='ocr_line' id='line_1_10' title="bbox 373 1398 1481 1488; baseline -0.004 -22"><span class='ocrx_word' id='word_1_79' title='bbox 373 1400 414 1467; x_wconf 88' lang='lat' dir='ltr'>de</span> <span class='ocrx_word' id='word_1_80' title='bbox 438 1401 632 1488; x_wconf 85' lang='lat' dir='ltr'>Plugeneye‚</span> <span class='ocrx_word' id='word_1_81' title='bbox 657 1409 693 1466; x_wconf 92' lang='lat' dir='ltr'>et</span> <span class='ocrx_word' id='word_1_82' title='bbox 717 1400 832 1466; x_wconf 91' lang='lat' dir='ltr'>dicunt</span> <span class='ocrx_word' id='word_1_83' title='bbox 858 1398 944 1484; x_wconf 92' lang='lat' dir='ltr'>quod</span> <span class='ocrx_word' id='word_1_84' title='bbox 965 1407 1039 1485; x_wconf 87' lang='lat' dir='ltr'>post</span> <span class='ocrx_word' id='word_1_85' title='bbox 1065 1398 1299 1464; x_wconf 85' lang='lat' dir='ltr'>confeocionem</span> <span class='ocrx_word' id='word_1_86' title='bbox 1326 1408 1414 1463; x_wconf 82' lang='lat' dir='ltr'>carte</span> <span class='ocrx_word' id='word_1_87' title='bbox 1439 1399 1481 1463; x_wconf 91' lang='lat' dir='ltr'>de</span> 
     </span>
    </p>

    <p class='ocr_par' dir='ltr' id='par_1_9' title="bbox 374 1501 1482 1586">
     <span class='ocr_line' id='line_1_11' title="bbox 374 1501 1482 1586; baseline -0.004 -17"><span class='ocrx_word' id='word_1_88' title='bbox 374 1504 583 1571; x_wconf 87' lang='lat' dir='ltr'>Runemede¹</span> <span class='ocrx_word' id='word_1_89' title='bbox 603 1511 766 1570; x_wconf 82' lang='lat' dir='ltr'>uenenmt</span> <span class='ocrx_word' id='word_1_90' title='bbox 786 1503 996 1568; x_wconf 86' lang='lat' dir='ltr'>uicecomites</span> <span class='ocrx_word' id='word_1_91' title='bbox 1016 1502 1066 1567; x_wconf 87' lang='lat' dir='ltr'>bis</span> <span class='ocrx_word' id='word_1_92' title='bbox 1087 1501 1122 1566; x_wconf 88' lang='lat' dir='ltr'>in</span> <span class='ocrx_word' id='word_1_93' title='bbox 1140 1523 1225 1566; x_wconf 85' lang='lat' dir='ltr'>anno</span> <span class='ocrx_word' id='word_1_94' title='bbox 1240 1502 1283 1586; x_wconf 85' lang='lat' dir='ltr'>ad</span> <span class='ocrx_word' id='word_1_95' title='bbox 1298 1501 1482 1567; x_wconf 85' lang='lat' dir='ltr'>faciendum</span> 
     </span>
    </p>

    <p class='ocr_par' dir='ltr' id='par_1_10' title="bbox 373 1605 1482 1692">
     <span class='ocr_line' id='line_1_12' title="bbox 373 1605 1482 1692; baseline -0.004 -19"><span class='ocrx_word' id='word_1_96' title='bbox 373 1608 481 1673; x_wconf 90' lang='lat' dir='ltr'>uisum</span> <span class='ocrx_word' id='word_1_97' title='bbox 496 1608 537 1673; x_wconf 90' lang='lat' dir='ltr'>de</span> <span class='ocrx_word' id='word_1_98' title='bbox 552 1607 679 1673; x_wconf 85' lang='lat' dir='ltr'>franco¹</span> <span class='ocrx_word' id='word_1_99' title='bbox 693 1616 728 1673; x_wconf 91' lang='lat' dir='ltr'>et</span> <span class='ocrx_word' id='word_1_100' title='bbox 742 1606 1014 1672; x_wconf 81' lang='lat' dir='ltr'>athachiamenta</span> <span class='ocrx_word' id='word_1_101' title='bbox 1059 1605 1223 1691; x_wconf 88' lang='lat' dir='ltr'>Requisiti</span> <span class='ocrx_word' id='word_1_102' title='bbox 1241 1605 1280 1670; x_wconf 92' lang='lat' dir='ltr'>de</span> <span class='ocrx_word' id='word_1_103' title='bbox 1296 1606 1353 1692; x_wconf 91' lang='lat' dir='ltr'>iiij.</span> <span class='ocrx_word' id='word_1_104' title='bbox 1368 1606 1482 1671; x_wconf 88' lang='lat' dir='ltr'>militi-</span> 
     </span>
    </p>

    <p class='ocr_par' dir='ltr' id='par_1_11' title="bbox 373 1706 1480 1797">
     <span class='ocr_line' id='line_1_13' title="bbox 373 1706 1480 1797; baseline -0.003 -21"><span class='ocrx_word' id='word_1_105' title='bbox 373 1710 489 1776; x_wconf 82' lang='lat' dir='ltr'>buado</span> <span class='ocrx_word' id='word_1_106' title='bbox 504 1710 622 1797; x_wconf 91' lang='lat' dir='ltr'>quibus</span> <span class='ocrx_word' id='word_1_107' title='bbox 636 1710 801 1797; x_wconf 88' lang='lat' dir='ltr'>predictus</span> <span class='ocrx_word' id='word_1_108' title='bbox 812 1707 969 1774; x_wconf 86' lang='lat' dir='ltr'>Ricardus</span> <span class='ocrx_word' id='word_1_109' title='bbox 980 1706 1066 1793; x_wconf 90' lang='lat' dir='ltr'>petit</span> <span class='ocrx_word' id='word_1_110' title='bbox 1077 1706 1163 1794; x_wconf 93' lang='lat' dir='ltr'>quod</span> <span class='ocrx_word' id='word_1_111' title='bbox 1178 1706 1298 1772; x_wconf 83' lang='lat' dir='ltr'>faciant</span> <span class='ocrx_word' id='word_1_112' title='bbox 1313 1708 1480 1773; x_wconf 88' lang='lat' dir='ltr'>recordum</span> 
     </span>
    </p>

    <p class='ocr_par' dir='ltr' id='par_1_12' title="bbox 372 1812 1483 1901">
     <span class='ocr_line' id='line_1_14' title="bbox 372 1812 1483 1901; baseline -0.004 -20"><span class='ocrx_word' id='word_1_113' title='bbox 372 1816 408 1881; x_wconf 90' lang='lat' dir='ltr'>in</span> <span class='ocrx_word' id='word_1_114' title='bbox 422 1816 580 1882; x_wconf 88' lang='lat' dir='ltr'>comitatu</span> <span class='ocrx_word' id='word_1_115' title='bbox 595 1838 652 1901; x_wconf 83' lang='lat' dir='ltr'>pro</span> <span class='ocrx_word' id='word_1_116' title='bbox 668 1823 739 1879; x_wconf 88' lang='lat' dir='ltr'>tota</span> <span class='ocrx_word' id='word_1_117' title='bbox 752 1815 869 1879; x_wconf 86' lang='lat' dir='ltr'>uillata</span> <span class='ocrx_word' id='word_1_118' title='bbox 889 1813 942 1878; x_wconf 92' lang='lat' dir='ltr'>uel</span> <span class='ocrx_word' id='word_1_119' title='bbox 963 1835 1070 1877; x_wconf 88' lang='lat' dir='ltr'>coram</span> <span class='ocrx_word' id='word_1_120' title='bbox 1092 1812 1283 1878; x_wconf 89' lang='lat' dir='ltr'>uicecomite</span> <span class='ocrx_word' id='word_1_121' title='bbox 1305 1812 1347 1877; x_wconf 92' lang='lat' dir='ltr'>ad</span> <span class='ocrx_word' id='word_1_122' title='bbox 1370 1822 1483 1877; x_wconf 88' lang='lat' dir='ltr'>turnos</span> 
     </span>
    </p>

    <p class='ocr_par' dir='ltr' id='par_1_13' title="bbox 372 1916 1482 2090">
     <span class='ocr_line' id='line_1_15' title="bbox 372 1916 1482 2006; baseline -0.004 -22"><span class='ocrx_word' id='word_1_123' title='bbox 372 1918 464 1985; x_wconf 82' lang='lat' dir='ltr'>illos&#39;</span> <span class='ocrx_word' id='word_1_124' title='bbox 481 1920 595 1985; x_wconf 90' lang='lat' dir='ltr'>dicunt</span> <span class='ocrx_word' id='word_1_125' title='bbox 614 1920 702 2006; x_wconf 92' lang='lat' dir='ltr'>quod</span> <span class='ocrx_word' id='word_1_126' title='bbox 722 1919 823 1983; x_wconf 91' lang='lat' dir='ltr'>nichil</span> <span class='ocrx_word' id='word_1_127' title='bbox 845 1917 921 1983; x_wconf 89' lang='lat' dir='ltr'>inde</span> <span class='ocrx_word' id='word_1_128' title='bbox 945 1917 1144 1982; x_wconf 91' lang='lat' dir='ltr'>audiuerunt</span> <span class='ocrx_word' id='word_1_129' title='bbox 1166 1916 1229 1981; x_wconf 87' lang='lat' dir='ltr'>nisi</span> <span class='ocrx_word' id='word_1_130' title='bbox 1250 1925 1395 2003; x_wconf 85' lang='lat' dir='ltr'>tempore</span> <span class='ocrx_word' id='word_1_131' title='bbox 1418 1940 1482 2003; x_wconf 87' lang='lat' dir='ltr'>quo</span> 
     </span>
     <span class='ocr_line' id='line_1_16' title="bbox 372 2024 922 2090; baseline -0.004 -2"><span class='ocrx_word' id='word_1_132' title='bbox 372 2024 512 2089; x_wconf 78' lang='lat' dir='ltr'>Thomas</span> <span class='ocrx_word' id='word_1_133' title='bbox 526 2025 641 2090; x_wconf 78' lang='lat' dir='ltr'>Beeset</span> <span class='ocrx_word' id='word_1_134' title='bbox 656 2024 720 2089; x_wconf 84' lang='lat' dir='ltr'>fuit</span> <span class='ocrx_word' id='word_1_135' title='bbox 734 2024 922 2089; x_wconf 88' lang='lat' dir='ltr'>uicecomes.</span> 
     </span>
    </p>

    <p class='ocr_par' dir='ltr' id='par_1_14' title="bbox 251 2126 1483 2212">
     <span class='ocr_line' id='line_1_17' title="bbox 251 2126 1483 2212; baseline -0.002 -18"><span class='ocrx_word' id='word_1_136' title='bbox 251 2148 324 2209; x_wconf 70' lang='lat'>514,</span> <span class='ocrx_word' id='word_1_137' title='bbox 437 2129 580 2209; x_wconf 76' lang='lat' dir='ltr'>Quidam</span> <span class='ocrx_word' id='word_1_138' title='bbox 600 2129 696 2193; x_wconf 91' lang='lat' dir='ltr'>homo</span> <span class='ocrx_word' id='word_1_139' title='bbox 710 2128 866 2194; x_wconf 89' lang='lat' dir='ltr'>inuentus</span> <span class='ocrx_word' id='word_1_140' title='bbox 881 2127 945 2192; x_wconf 88' lang='lat' dir='ltr'>fuit</span> <span class='ocrx_word' id='word_1_141' title='bbox 960 2126 1083 2191; x_wconf 89' lang='lat' dir='ltr'>occisus</span> <span class='ocrx_word' id='word_1_142' title='bbox 1098 2126 1132 2190; x_wconf 92' lang='lat' dir='ltr'>in</span> <span class='ocrx_word' id='word_1_143' title='bbox 1147 2148 1232 2211; x_wconf 82' lang='lat' dir='ltr'>aqua</span> <span class='ocrx_word' id='word_1_144' title='bbox 1246 2149 1344 2212; x_wconf 87' lang='lat' dir='ltr'>prope</span> <span class='ocrx_word' id='word_1_145' title='bbox 1361 2126 1483 2191; x_wconf 79' lang='lat' dir='ltr'>Steun-</span> 
     </span>
    </p>

    <p class='ocr_par' dir='ltr' id='par_1_15' title="bbox 223 2229 1483 2317">
     <span class='ocr_line' id='line_1_18' title="bbox 223 2229 1483 2317; baseline -0.003 -20"><span class='ocrx_word' id='word_1_146' title='bbox 223 2246 347 2297; x_wconf 69' lang='lat' dir='ltr'>Nortmrt</span> <span class='ocrx_word' id='word_1_147' title='bbox 372 2231 507 2296; x_wconf 81' lang='lat' dir='ltr'>fordiam</span> <span class='ocrx_word' id='word_1_148' title='bbox 529 2240 564 2297; x_wconf 91' lang='lat' dir='ltr'>et</span> <span class='ocrx_word' id='word_1_149' title='bbox 585 2231 717 2317; x_wconf 90' lang='lat' dir='ltr'>quidam</span> <span class='ocrx_word' id='word_1_150' title='bbox 739 2230 892 2295; x_wconf 82' lang='lat' dir='ltr'>dicebant</span> <span class='ocrx_word' id='word_1_151' title='bbox 916 2231 1002 2317; x_wconf 93' lang='lat' dir='ltr'>quod</span> <span class='ocrx_word' id='word_1_152' title='bbox 1026 2229 1082 2294; x_wconf 89' lang='lat' dir='ltr'>ille</span> <span class='ocrx_word' id='word_1_153' title='bbox 1107 2229 1170 2294; x_wconf 80' lang='lat' dir='ltr'>luit</span> <span class='ocrx_word' id='word_1_154' title='bbox 1194 2230 1372 2295; x_wconf 83' lang='lat' dir='ltr'>Rollandus</span> <span class='ocrx_word' id='word_1_155' title='bbox 1395 2230 1483 2294; x_wconf 89' lang='lat' dir='ltr'>filius</span> 
     </span>
    </p>

    <p class='ocr_par' dir='ltr' id='par_1_16' title="bbox 249 2309 1481 2420">
     <span class='ocr_line' id='line_1_19' title="bbox 249 2309 1481 2420; baseline -0.003 -21"><span class='ocrx_word' id='word_1_156' title='bbox 249 2309 319 2350; x_wconf 57' lang='lat' dir='ltr'><em>m</em></span> <span class='ocrx_word' id='word_1_157' title='bbox 373 2334 515 2399; x_wconf 79' lang='lat' dir='ltr'>Simonis</span> <span class='ocrx_word' id='word_1_158' title='bbox 539 2334 580 2399; x_wconf 90' lang='lat' dir='ltr'>de</span> <span class='ocrx_word' id='word_1_159' title='bbox 607 2333 759 2398; x_wconf 90' lang='lat' dir='ltr'>Linduna</span> <span class='ocrx_word' id='word_1_160' title='bbox 784 2342 818 2398; x_wconf 92' lang='lat' dir='ltr'>et</span> <span class='ocrx_word' id='word_1_161' title='bbox 842 2356 939 2420; x_wconf 85' lang='lat' dir='ltr'>super</span> <span class='ocrx_word' id='word_1_162' title='bbox 962 2334 1022 2399; x_wconf 84' lang='lat' dir='ltr'>hoc</span> <span class='ocrx_word' id='word_1_163' title='bbox 1048 2341 1211 2398; x_wconf 88' lang='lat' dir='ltr'>uenerunt</span> <span class='ocrx_word' id='word_1_164' title='bbox 1232 2332 1417 2397; x_wconf 90' lang='lat' dir='ltr'>Willelmus</span> <span class='ocrx_word' id='word_1_165' title='bbox 1441 2330 1481 2395; x_wconf 89' lang='lat' dir='ltr'>de</span> 
     </span>
    </p>

    <p class='ocr_par' dir='ltr' id='par_1_17' title="bbox 373 2434 1482 2524">
     <span class='ocr_line' id='line_1_20' title="bbox 373 2434 1482 2524; baseline -0.002 -24"><span class='ocrx_word' id='word_1_166' title='bbox 373 2436 521 2523; x_wconf 85' lang='lat' dir='ltr'>Ralegha</span> <span class='ocrx_word' id='word_1_167' title='bbox 533 2444 569 2501; x_wconf 89' lang='lat' dir='ltr'>et</span> <span class='ocrx_word' id='word_1_168' title='bbox 583 2436 633 2502; x_wconf 89' lang='lat' dir='ltr'>W.</span> <span class='ocrx_word' id='word_1_169' title='bbox 649 2435 690 2500; x_wconf 86' lang='lat' dir='ltr'>de</span> <span class='ocrx_word' id='word_1_170' title='bbox 705 2434 833 2501; x_wconf 84' lang='lat' dir='ltr'>Insula‘</span> <span class='ocrx_word' id='word_1_171' title='bbox 848 2446 883 2501; x_wconf 89' lang='lat' dir='ltr'>et</span> <span class='ocrx_word' id='word_1_172' title='bbox 898 2437 976 2524; x_wconf 88' lang='lat' dir='ltr'>quia</span> <span class='ocrx_word' id='word_1_173' title='bbox 989 2437 1114 2502; x_wconf 89' lang='lat' dir='ltr'>dictum</span> <span class='ocrx_word' id='word_1_174' title='bbox 1133 2436 1197 2501; x_wconf 84' lang='lat' dir='ltr'>fuit</span> <span class='ocrx_word' id='word_1_175' title='bbox 1212 2436 1299 2522; x_wconf 92' lang='lat' dir='ltr'>quod</span> <span class='ocrx_word' id='word_1_176' title='bbox 1313 2435 1401 2500; x_wconf 89' lang='lat' dir='ltr'>idem</span> <span class='ocrx_word' id='word_1_177' title='bbox 1418 2434 1482 2499; x_wconf 85' lang='lat' dir='ltr'>fuit</span> 
     </span>
    </p>

    <p class='ocr_par' dir='ltr' id='par_1_18' title="bbox 373 2538 1482 2624">
     <span class='ocr_line' id='line_1_21' title="bbox 373 2538 1482 2624; baseline -0.001 -21"><span class='ocrx_word' id='word_1_178' title='bbox 373 2538 551 2603; x_wconf 86' lang='lat' dir='ltr'>Rollandus</span> <span class='ocrx_word' id='word_1_179' title='bbox 572 2561 592 2603; x_wconf 87' lang='lat' dir='ltr'>a</span> <span class='ocrx_word' id='word_1_180' title='bbox 617 2538 810 2623; x_wconf 86' lang='lat' dir='ltr'>quibusdam</span> <span class='ocrx_word' id='word_1_181' title='bbox 837 2548 872 2603; x_wconf 91' lang='lat' dir='ltr'>et</span> <span class='ocrx_word' id='word_1_182' title='bbox 896 2561 918 2603; x_wconf 88' lang='lat' dir='ltr'>a</span> <span class='ocrx_word' id='word_1_183' title='bbox 943 2538 1137 2624; x_wconf 81' lang='lat' dir='ltr'>quibusdem</span> <span class='ocrx_word' id='word_1_184' title='bbox 1164 2561 1229 2603; x_wconf 90' lang='lat' dir='ltr'>non</span> <span class='ocrx_word' id='word_1_185' title='bbox 1254 2538 1414 2603; x_wconf 85' lang='lat' dir='ltr'>miserunt</span> <span class='ocrx_word' id='word_1_186' title='bbox 1440 2538 1482 2602; x_wconf 86' lang='lat' dir='ltr'>ad</span> 
     </span>
    </p>

    <p class='ocr_par' dir='ltr' id='par_1_19' title="bbox 373 2640 1481 2727">
     <span class='ocr_line' id='line_1_22' title="bbox 373 2640 1481 2727; baseline 0 -24"><span class='ocrx_word' id='word_1_187' title='bbox 373 2640 478 2705; x_wconf 90' lang='lat' dir='ltr'>locum</span> <span class='ocrx_word' id='word_1_188' title='bbox 494 2640 551 2704; x_wconf 92' lang='lat' dir='ltr'>ubi</span> <span class='ocrx_word' id='word_1_189' title='bbox 571 2641 639 2727; x_wconf 87' lang='lat' dir='ltr'>ipse</span> <span class='ocrx_word' id='word_1_190' title='bbox 662 2642 809 2727; x_wconf 86' lang='lat' dir='ltr'>sepultus</span> <span class='ocrx_word' id='word_1_191' title='bbox 831 2641 896 2706; x_wconf 86' lang='lat' dir='ltr'>fuit</span> <span class='ocrx_word' id='word_1_192' title='bbox 918 2640 1091 2707; x_wconf 80' lang='lat' dir='ltr'>Ricardum</span> <span class='ocrx_word' id='word_1_193' title='bbox 1115 2640 1156 2705; x_wconf 86' lang='lat' dir='ltr'>de</span> <span class='ocrx_word' id='word_1_194' title='bbox 1179 2640 1328 2705; x_wconf 87' lang='lat' dir='ltr'>Bemake</span> <span class='ocrx_word' id='word_1_195' title='bbox 1351 2662 1481 2705; x_wconf 89' lang='lat' dir='ltr'>corona-</span> 
     </span>
    </p>

    <p class='ocr_par' dir='ltr' id='par_1_20' title="bbox 372 2743 1481 2832">
     <span class='ocr_line' id='line_1_23' title="bbox 372 2743 1481 2832; baseline 0.001 -24"><span class='ocrx_word' id='word_1_196' title='bbox 372 2751 476 2809; x_wconf 85' lang='lat' dir='ltr'>torem</span> <span class='ocrx_word' id='word_1_197' title='bbox 501 2753 536 2810; x_wconf 88' lang='lat' dir='ltr'>et</span> <span class='ocrx_word' id='word_1_198' title='bbox 561 2746 671 2832; x_wconf 86' lang='lat' dir='ltr'>plures</span> <span class='ocrx_word' id='word_1_199' title='bbox 699 2745 779 2811; x_wconf 86' lang='lat' dir='ltr'>alios</span> <span class='ocrx_word' id='word_1_200' title='bbox 808 2754 842 2810; x_wconf 90' lang='lat' dir='ltr'>et</span> <span class='ocrx_word' id='word_1_201' title='bbox 870 2768 945 2810; x_wconf 89' lang='lat' dir='ltr'>cum</span> <span class='ocrx_word' id='word_1_202' title='bbox 977 2746 1098 2811; x_wconf 90' lang='lat' dir='ltr'>eisdem</span> <span class='ocrx_word' id='word_1_203' title='bbox 1114 2753 1232 2809; x_wconf 79' lang='lat' dir='ltr'>&#39;totam</span> <span class='ocrx_word' id='word_1_204' title='bbox 1262 2743 1411 2809; x_wconf 86' lang='lat' dir='ltr'>uillatam</span> <span class='ocrx_word' id='word_1_205' title='bbox 1441 2744 1481 2809; x_wconf 88' lang='lat' dir='ltr'>de</span> 
     </span>
    </p>
   </div>
   <div class='ocr_carea' id='block_1_4' title="bbox 371 2850 1484 3561">
    <p class='ocr_par' dir='ltr' id='par_1_21' title="bbox 371 2850 1484 3561">
     <span class='ocr_line' id='line_1_24' title="bbox 373 2850 1481 2939; baseline 0 -24"><span class='ocrx_word' id='word_1_206' title='bbox 373 2850 499 2916; x_wconf 89' lang='lat' dir='ltr'>Estuna</span> <span class='ocrx_word' id='word_1_207' title='bbox 521 2861 556 2916; x_wconf 87' lang='lat' dir='ltr'>et</span> <span class='ocrx_word' id='word_1_208' title='bbox 578 2852 687 2938; x_wconf 90' lang='lat' dir='ltr'>plures</span> <span class='ocrx_word' id='word_1_209' title='bbox 711 2852 792 2917; x_wconf 88' lang='lat' dir='ltr'>alias</span> <span class='ocrx_word' id='word_1_210' title='bbox 817 2854 948 2918; x_wconf 85' lang='lat' dir='ltr'>uillatas</span> <span class='ocrx_word' id='word_1_211' title='bbox 974 2852 1039 2918; x_wconf 87' lang='lat' dir='ltr'>scil.</span> <span class='ocrx_word' id='word_1_212' title='bbox 1066 2852 1220 2939; x_wconf 88' lang='lat' dir='ltr'>quicquid</span> <span class='ocrx_word' id='word_1_213' title='bbox 1246 2861 1297 2917; x_wconf 91' lang='lat' dir='ltr'>est</span> <span class='ocrx_word' id='word_1_214' title='bbox 1321 2852 1362 2916; x_wconf 90' lang='lat' dir='ltr'>de</span> <span class='ocrx_word' id='word_1_215' title='bbox 1388 2851 1481 2916; x_wconf 85' lang='lat' dir='ltr'>feodo</span> 
     </span>
     <span class='ocr_line' id='line_1_25' title="bbox 371 2954 1482 3043; baseline 0 -24"><span class='ocrx_word' id='word_1_216' title='bbox 371 2955 512 3020; x_wconf 83' lang='lat' dir='ltr'>Abbatis</span> <span class='ocrx_word' id='word_1_217' title='bbox 526 2954 567 3020; x_wconf 88' lang='lat' dir='ltr'>de</span> <span class='ocrx_word' id='word_1_218' title='bbox 587 2956 717 3042; x_wconf 65' lang='lat' dir='ltr'>Burgol</span> <span class='ocrx_word' id='word_1_219' title='bbox 730 2980 770 3021; x_wconf 86' lang='lat' dir='ltr'>ex</span> <span class='ocrx_word' id='word_1_220' title='bbox 784 2966 878 3043; x_wconf 84' lang='lat' dir='ltr'>parte</span> <span class='ocrx_word' id='word_1_221' title='bbox 893 2956 1027 3021; x_wconf 81' lang='lat' dir='ltr'>australi</span> <span class='ocrx_word' id='word_1_222' title='bbox 1045 2956 1123 3020; x_wconf 90' lang='lat' dir='ltr'>uille</span> <span class='ocrx_word' id='word_1_223' title='bbox 1139 2956 1179 3021; x_wconf 92' lang='lat' dir='ltr'>de</span> <span class='ocrx_word' id='word_1_224' title='bbox 1196 2954 1411 3019; x_wconf 82' lang='lat' dir='ltr'>Estaunford⁸</span> <span class='ocrx_word' id='word_1_225' title='bbox 1425 2955 1482 3040; x_wconf 90' lang='lat' dir='ltr'>qui</span> 
     </span>
     <span class='ocr_line' id='line_1_26' title="bbox 372 3058 1482 3145; baseline -0.003 -21"><span class='ocrx_word' id='word_1_226' title='bbox 372 3082 486 3145; x_wconf 88' lang='lat' dir='ltr'>corpus</span> <span class='ocrx_word' id='word_1_227' title='bbox 515 3058 596 3123; x_wconf 92' lang='lat' dir='ltr'>illud</span> <span class='ocrx_word' id='word_1_228' title='bbox 625 3060 772 3124; x_wconf 83' lang='lat' dir='ltr'>fecerunt</span> <span class='ocrx_word' id='word_1_229' title='bbox 797 3058 969 3145; x_wconf 88' lang='lat' dir='ltr'>desepeliri</span> <span class='ocrx_word' id='word_1_230' title='bbox 996 3066 1030 3123; x_wconf 88' lang='lat' dir='ltr'>et</span> <span class='ocrx_word' id='word_1_231' title='bbox 1054 3058 1110 3144; x_wconf 90' lang='lat' dir='ltr'>qui</span> <span class='ocrx_word' id='word_1_232' title='bbox 1135 3080 1245 3123; x_wconf 89' lang='lat' dir='ltr'>omnes</span> <span class='ocrx_word' id='word_1_233' title='bbox 1271 3058 1368 3123; x_wconf 89' lang='lat' dir='ltr'>simul</span> <span class='ocrx_word' id='word_1_234' title='bbox 1397 3058 1482 3121; x_wconf 91' lang='lat' dir='ltr'>bene</span> 
     </span>
     <span class='ocr_line' id='line_1_27' title="bbox 371 3162 1484 3250; baseline -0.003 -22"><span class='ocrx_word' id='word_1_235' title='bbox 371 3163 485 3228; x_wconf 89' lang='lat' dir='ltr'>dicunt</span> <span class='ocrx_word' id='word_1_236' title='bbox 509 3163 595 3250; x_wconf 93' lang='lat' dir='ltr'>quod</span> <span class='ocrx_word' id='word_1_237' title='bbox 620 3163 690 3249; x_wconf 86' lang='lat' dir='ltr'>ipse</span> <span class='ocrx_word' id='word_1_238' title='bbox 720 3174 770 3229; x_wconf 89' lang='lat' dir='ltr'>est</span> <span class='ocrx_word' id='word_1_239' title='bbox 799 3164 978 3230; x_wconf 85' lang='lat' dir='ltr'>Rollandus</span> <span class='ocrx_word' id='word_1_240' title='bbox 1005 3173 1039 3228; x_wconf 93' lang='lat' dir='ltr'>et</span> <span class='ocrx_word' id='word_1_241' title='bbox 1066 3163 1125 3227; x_wconf 88' lang='lat' dir='ltr'>hoc</span> <span class='ocrx_word' id='word_1_242' title='bbox 1151 3162 1266 3227; x_wconf 90' lang='lat' dir='ltr'>uident</span> <span class='ocrx_word' id='word_1_243' title='bbox 1293 3183 1351 3247; x_wconf 90' lang='lat' dir='ltr'>per</span> <span class='ocrx_word' id='word_1_244' title='bbox 1376 3162 1484 3226; x_wconf 88' lang='lat' dir='ltr'>multa</span> 
     </span>
     <span class='ocr_line' id='line_1_28' title="bbox 371 3266 1482 3355; baseline 0 -25"><span class='ocrx_word' id='word_1_245' title='bbox 371 3266 472 3352; x_wconf 78' lang='lat' dir='ltr'>signa,</span> <span class='ocrx_word' id='word_1_246' title='bbox 492 3266 556 3331; x_wconf 88' lang='lat' dir='ltr'>scil.</span> <span class='ocrx_word' id='word_1_247' title='bbox 577 3291 636 3354; x_wconf 88' lang='lat' dir='ltr'>per</span> <span class='ocrx_word' id='word_1_248' title='bbox 657 3268 819 3355; x_wconf 88' lang='lat' dir='ltr'>quandam</span> <span class='ocrx_word' id='word_1_249' title='bbox 842 3290 994 3333; x_wconf 86' lang='lat' dir='ltr'>uerucam</span> <span class='ocrx_word' id='word_1_250' title='bbox 1017 3267 1052 3331; x_wconf 90' lang='lat' dir='ltr'>in</span> <span class='ocrx_word' id='word_1_251' title='bbox 1076 3267 1157 3332; x_wconf 82' lang='lat' dir='ltr'>facie</span> <span class='ocrx_word' id='word_1_252' title='bbox 1183 3274 1218 3331; x_wconf 89' lang='lat' dir='ltr'>et</span> <span class='ocrx_word' id='word_1_253' title='bbox 1237 3288 1296 3352; x_wconf 89' lang='lat' dir='ltr'>per</span> <span class='ocrx_word' id='word_1_254' title='bbox 1319 3266 1482 3352; x_wconf 87' lang='lat' dir='ltr'>quandam</span> 
     </span>
     <span class='ocr_line' id='line_1_29' title="bbox 371 3370 1482 3458; baseline 0 -23"><span class='ocrx_word' id='word_1_255' title='bbox 371 3372 501 3458; x_wconf 83' lang='lat' dir='ltr'>plagam</span> <span class='ocrx_word' id='word_1_256' title='bbox 522 3394 622 3458; x_wconf 88' lang='lat' dir='ltr'>prope</span> <span class='ocrx_word' id='word_1_257' title='bbox 644 3394 758 3437; x_wconf 85' lang='lat' dir='ltr'>nasum</span> <span class='ocrx_word' id='word_1_258' title='bbox 780 3380 815 3437; x_wconf 89' lang='lat' dir='ltr'>et</span> <span class='ocrx_word' id='word_1_259' title='bbox 837 3394 896 3458; x_wconf 90' lang='lat' dir='ltr'>per</span> <span class='ocrx_word' id='word_1_260' title='bbox 917 3372 1017 3458; x_wconf 89' lang='lat' dir='ltr'>pedes</span> <span class='ocrx_word' id='word_1_261' title='bbox 1039 3381 1074 3437; x_wconf 89' lang='lat' dir='ltr'>et</span> <span class='ocrx_word' id='word_1_262' title='bbox 1094 3371 1191 3435; x_wconf 87' lang='lat' dir='ltr'>tibias</span> <span class='ocrx_word' id='word_1_263' title='bbox 1211 3378 1246 3435; x_wconf 90' lang='lat' dir='ltr'>et</span> <span class='ocrx_word' id='word_1_264' title='bbox 1265 3392 1324 3456; x_wconf 87' lang='lat' dir='ltr'>per</span> <span class='ocrx_word' id='word_1_265' title='bbox 1337 3370 1482 3435; x_wconf 88' lang='lat' dir='ltr'>barbam.</span> 
     </span>
     <span class='ocr_line' id='line_1_30' title="bbox 372 3473 1482 3561; baseline 0.002 -23"><span class='ocrx_word' id='word_1_266' title='bbox 372 3474 415 3539; x_wconf 84' lang='lat' dir='ltr'>Et</span> <span class='ocrx_word' id='word_1_267' title='bbox 430 3496 528 3560; x_wconf 87' lang='lat' dir='ltr'>super</span> <span class='ocrx_word' id='word_1_268' title='bbox 542 3474 603 3539; x_wconf 93' lang='lat' dir='ltr'>hoc</span> <span class='ocrx_word' id='word_1_269' title='bbox 622 3474 716 3539; x_wconf 89' lang='lat' dir='ltr'>uenit</span> <span class='ocrx_word' id='word_1_270' title='bbox 737 3475 878 3561; x_wconf 88' lang='lat' dir='ltr'>quedam</span> <span class='ocrx_word' id='word_1_271' title='bbox 902 3474 1019 3539; x_wconf 87' lang='lat' dir='ltr'>Emma</span> <span class='ocrx_word' id='word_1_272' title='bbox 1038 3496 1101 3561; x_wconf 91' lang='lat' dir='ltr'>que</span> <span class='ocrx_word' id='word_1_273' title='bbox 1117 3474 1182 3538; x_wconf 86' lang='lat' dir='ltr'>fuit</span> <span class='ocrx_word' id='word_1_274' title='bbox 1197 3473 1302 3538; x_wconf 84' lang='lat' dir='ltr'>amica</span> <span class='ocrx_word' id='word_1_275' title='bbox 1316 3495 1376 3538; x_wconf 90' lang='lat' dir='ltr'>sua</span> <span class='ocrx_word' id='word_1_276' title='bbox 1390 3484 1426 3539; x_wconf 89' lang='lat' dir='ltr'>et</span> <span class='ocrx_word' id='word_1_277' title='bbox 1441 3476 1482 3540; x_wconf 89' lang='lat' dir='ltr'>de</span> 
     </span>
    </p>
   </div>
   <div class='ocr_carea' id='block_1_5' title="bbox 210 3577 1484 3665">
    <p class='ocr_par' dir='ltr' id='par_1_22' title="bbox 210 3577 1484 3665">
     <span class='ocr_line' id='line_1_31' title="bbox 210 3577 1484 3665; baseline -0.001 -20"><span class='ocrx_word' id='word_1_278' title='bbox 210 3614 354 3654; x_wconf 65' lang='lat' dir='ltr'>oenomao</span> <span class='ocrx_word' id='word_1_279' title='bbox 371 3601 437 3665; x_wconf 93' lang='lat' dir='ltr'>qua</span> <span class='ocrx_word' id='word_1_280' title='bbox 450 3578 539 3643; x_wconf 87' lang='lat' dir='ltr'>idem</span> <span class='ocrx_word' id='word_1_281' title='bbox 560 3578 738 3643; x_wconf 86' lang='lat' dir='ltr'>Rollandus</span> <span class='ocrx_word' id='word_1_282' title='bbox 757 3578 875 3643; x_wconf 88' lang='lat' dir='ltr'>habuit</span> <span class='ocrx_word' id='word_1_283' title='bbox 889 3601 1028 3664; x_wconf 90' lang='lat' dir='ltr'>puerum</span> <span class='ocrx_word' id='word_1_284' title='bbox 1044 3587 1078 3642; x_wconf 91' lang='lat' dir='ltr'>et</span> <span class='ocrx_word' id='word_1_285' title='bbox 1093 3577 1174 3643; x_wconf 90' lang='lat' dir='ltr'>dicit</span> <span class='ocrx_word' id='word_1_286' title='bbox 1188 3577 1223 3642; x_wconf 91' lang='lat' dir='ltr'>in</span> <span class='ocrx_word' id='word_1_287' title='bbox 1238 3578 1380 3643; x_wconf 86' lang='lat' dir='ltr'>ueritate</span> <span class='ocrx_word' id='word_1_288' title='bbox 1396 3580 1484 3665; x_wconf 91' lang='lat' dir='ltr'>quod</span> 
     </span>
    </p>
   </div>
   <div class='ocr_carea' id='block_1_6' title="bbox 208 3662 1485 3802">
    <p class='ocr_par' dir='ltr' id='par_1_23' title="bbox 208 3662 1485 3802">
     <span class='ocr_line' id='line_1_32' title="bbox 208 3662 1485 3802; baseline 0 -55"><span class='ocrx_word' id='word_1_289' title='bbox 208 3662 360 3802; x_wconf 47' lang='lat' dir='ltr'>{ffuffiil</span> <span class='ocrx_word' id='word_1_290' title='bbox 371 3705 440 3769; x_wconf 90' lang='lat' dir='ltr'>1pse</span> <span class='ocrx_word' id='word_1_291' title='bbox 466 3691 517 3747; x_wconf 85' lang='lat' dir='ltr'>est</span> <span class='ocrx_word' id='word_1_292' title='bbox 542 3680 729 3758; x_wconf 88' lang='lat' dir='ltr'>Rollandus,</span> <span class='ocrx_word' id='word_1_293' title='bbox 751 3690 786 3745; x_wconf 90' lang='lat' dir='ltr'>et</span> <span class='ocrx_word' id='word_1_294' title='bbox 811 3681 915 3745; x_wconf 89' lang='lat' dir='ltr'>eciam</span> <span class='ocrx_word' id='word_1_295' title='bbox 937 3682 1077 3767; x_wconf 91' lang='lat' dir='ltr'>quedam</span> <span class='ocrx_word' id='word_1_296' title='bbox 1099 3680 1199 3745; x_wconf 87' lang='lat' dir='ltr'>Alina</span> <span class='ocrx_word' id='word_1_297' title='bbox 1221 3702 1284 3767; x_wconf 91' lang='lat' dir='ltr'>que</span> <span class='ocrx_word' id='word_1_298' title='bbox 1308 3681 1372 3746; x_wconf 87' lang='lat' dir='ltr'>suit</span> <span class='ocrx_word' id='word_1_299' title='bbox 1396 3704 1485 3747; x_wconf 89' lang='lat' dir='ltr'>soror</span> 
     </span>
    </p>
   </div>
   <div class='ocr_carea' id='block_1_7' title="bbox 247 3782 1483 3873">
    <p class='ocr_par' dir='ltr' id='par_1_24' title="bbox 247 3782 1483 3873">
     <span class='ocr_line' id='line_1_33' title="bbox 247 3782 1483 3873; baseline -0.001 -21"><span class='ocrx_word' id='word_1_300' title='bbox 247 3817 320 3868; x_wconf 65' lang='grc' dir='ltr'>[τη]</span> <span class='ocrx_word' id='word_1_301' title='bbox 371 3786 473 3873; x_wconf 84' lang='lat' dir='ltr'>1psiua</span> <span class='ocrx_word' id='word_1_302' title='bbox 501 3784 653 3850; x_wconf 84' lang='lat' dir='ltr'>Rollandi</span> <span class='ocrx_word' id='word_1_303' title='bbox 678 3808 718 3851; x_wconf 82' lang='lat' dir='ltr'>ex</span> <span class='ocrx_word' id='word_1_304' title='bbox 744 3792 838 3871; x_wconf 74' lang='lat' dir='ltr'>parte</span> <span class='ocrx_word' id='word_1_305' title='bbox 863 3784 965 3870; x_wconf 87' lang='lat' dir='ltr'>patris</span> <span class='ocrx_word' id='word_1_306' title='bbox 991 3784 1073 3849; x_wconf 90' lang='lat' dir='ltr'>illud</span> <span class='ocrx_word' id='word_1_307' title='bbox 1098 3784 1186 3849; x_wconf 91' lang='lat' dir='ltr'>idem</span> <span class='ocrx_word' id='word_1_308' title='bbox 1206 3782 1319 3871; x_wconf 71' lang='grc'><strong>1111011.</strong></span> <span class='ocrx_word' id='word_1_309' title='bbox 1364 3785 1483 3851; x_wconf 85' lang='lat' dir='ltr'>Postea</span> 
     </span>
    </p>
   </div>
   <div class='ocr_carea' id='block_1_8' title="bbox 208 3880 1481 3973">
    <p class='ocr_par' dir='ltr' id='par_1_25' title="bbox 208 3880 1481 3973">
     <span class='ocr_line' id='line_1_34' title="bbox 208 3880 1481 3973; baseline 0.002 -13"><span class='ocrx_word' id='word_1_310' title='bbox 208 3880 359 3966; x_wconf 55' lang='lat' dir='ltr'>mma</span> <span class='ocrx_word' id='word_1_311' title='bbox 405 3911 487 3960; x_wconf 73' lang='lat' dir='ltr'>²The</span> <span class='ocrx_word' id='word_1_312' title='bbox 508 3911 612 3961; x_wconf 75' lang='lat' dir='ltr'>ohartm</span> <span class='ocrx_word' id='word_1_313' title='bbox 633 3910 661 3961; x_wconf 81' lang='lat' dir='ltr'>ol</span> <span class='ocrx_word' id='word_1_314' title='bbox 682 3912 754 3973; x_wconf 83' lang='grc'><strong>1217,</strong></span> <span class='ocrx_word' id='word_1_315' title='bbox 779 3914 830 3961; x_wconf 80' lang='lat' dir='ltr'>art.</span> <span class='ocrx_word' id='word_1_316' title='bbox 856 3912 897 3969; x_wconf 81' lang='grc'>12,</span> <span class='ocrx_word' id='word_1_317' title='bbox 950 3909 1157 3961; x_wconf 77' lang='lat' dir='ltr'>Siward&#39;sclaim</span> <span class='ocrx_word' id='word_1_318' title='bbox 1165 3909 1224 3961; x_wconf 85' lang='lat' dir='ltr'>that</span> <span class='ocrx_word' id='word_1_319' title='bbox 1232 3910 1275 3960; x_wconf 85' lang='lat' dir='ltr'>his</span> <span class='ocrx_word' id='word_1_320' title='bbox 1283 3925 1378 3961; x_wconf 81' lang='lat' dir='ltr'>monor</span> <span class='ocrx_word' id='word_1_321' title='bbox 1386 3910 1481 3963; x_wconf 85' lang='lat' dir='ltr'>should</span> 
     </span>
    </p>
   </div>
   <div class='ocr_carea' id='block_1_9' title="bbox 208 3938 1485 4493">
    <p class='ocr_par' dir='ltr' id='par_1_26' title="bbox 208 3938 1485 4493">
     <span class='ocr_line' id='line_1_35' title="bbox 208 3938 1483 4089; baseline 0 -61"><span class='ocrx_word' id='word_1_322' title='bbox 208 3938 359 4059; x_wconf 54' lang='lat' dir='ltr'>Wffffllffi&#39;</span> <span class='ocrx_word' id='word_1_323' title='bbox 372 3976 495 4089; x_wconf 70' lang='lat' dir='ltr'>provided</span> <span class='ocrx_word' id='word_1_324' title='bbox 511 3976 570 4025; x_wconf 86' lang='lat' dir='ltr'>that</span> <span class='ocrx_word' id='word_1_325' title='bbox 586 3975 631 4026; x_wconf 84' lang='lat' dir='ltr'>tho</span> <span class='ocrx_word' id='word_1_326' title='bbox 648 3980 733 4052; x_wconf 29' lang='lat' dir='ltr'>tourn-</span> <span class='ocrx_word' id='word_1_327' title='bbox 750 3975 845 4026; x_wconf 89' lang='lat' dir='ltr'>shonld</span> <span class='ocrx_word' id='word_1_328' title='bbox 867 3976 908 4050; x_wconf 76' lang='lat' dir='ltr'>be¹</span> <span class='ocrx_word' id='word_1_329' title='bbox 949 3975 981 4025; x_wconf 85' lang='lat' dir='ltr'>be</span> <span class='ocrx_word' id='word_1_330' title='bbox 1009 3976 1163 4039; x_wconf 82' lang='lat' dir='ltr'>sufficiently</span> <span class='ocrx_word' id='word_1_331' title='bbox 1190 3976 1368 4039; x_wconf 65' lang='lat' dir='ltr'>representet</span> <span class='ocrx_word' id='word_1_332' title='bbox 1381 3978 1409 4026; x_wconf 87' lang='lat' dir='ltr'>in</span> <span class='ocrx_word' id='word_1_333' title='bbox 1438 3978 1483 4029; x_wconf 78' lang='lat' dir='ltr'>the</span> 
     </span>
     <span class='ocr_line' id='line_1_36' title="bbox 209 4030 1484 4107; baseline 0.003 -18"><span class='ocrx_word' id='word_1_334' title='bbox 209 4030 326 4107; x_wconf 42' lang='lat' dir='ltr'>mla</span> <span class='ocrx_word' id='word_1_335' title='bbox 391 4041 433 4089; x_wconf 88' lang='lat' dir='ltr'>old</span> <span class='ocrx_word' id='word_1_336' title='bbox 454 4055 489 4090; x_wconf 91' lang='lat' dir='ltr'>no</span> <span class='ocrx_word' id='word_1_337' title='bbox 510 4055 582 4089; x_wconf 87' lang='lat' dir='ltr'>mora</span> <span class='ocrx_word' id='word_1_338' title='bbox 603 4040 668 4090; x_wconf 86' lang='lat' dir='ltr'>than</span> <span class='ocrx_word' id='word_1_339' title='bbox 690 4044 763 4091; x_wconf 78' lang='lat' dir='ltr'>truce</span> <span class='ocrx_word' id='word_1_340' title='bbox 784 4056 801 4091; x_wconf 75' lang='lat' dir='ltr'>a</span> <span class='ocrx_word' id='word_1_341' title='bbox 827 4056 898 4104; x_wconf 82' lang='lat' dir='ltr'>year.</span> <span class='ocrx_word' id='word_1_342' title='bbox 949 4046 1046 4105; x_wconf 82' lang='lat' dir='ltr'>county</span> <span class='ocrx_word' id='word_1_343' title='bbox 1061 4046 1136 4091; x_wconf 86' lang='lat' dir='ltr'>court</span> <span class='ocrx_word' id='word_1_344' title='bbox 1152 4042 1206 4091; x_wconf 88' lang='lat' dir='ltr'>and</span> <span class='ocrx_word' id='word_1_345' title='bbox 1227 4042 1337 4092; x_wconf 77' lang='lat' dir='ltr'>sherid&#39;s</span> <span class='ocrx_word' id='word_1_346' title='bbox 1359 4046 1438 4093; x_wconf 89' lang='lat' dir='ltr'>tourn</span> <span class='ocrx_word' id='word_1_347' title='bbox 1462 4044 1484 4093; x_wconf 86' lang='grc'>11</span> 
     </span>
     <span class='ocr_line' id='line_1_37' title="bbox 373 4105 1271 4170; baseline 0.002 -15"><span class='ocrx_word' id='word_1_348' title='bbox 373 4106 455 4155; x_wconf 78' lang='lat' dir='ltr'>There</span> <span class='ocrx_word' id='word_1_349' title='bbox 471 4120 523 4155; x_wconf 83' lang='lat' dir='ltr'>was</span> <span class='ocrx_word' id='word_1_350' title='bbox 539 4120 574 4155; x_wconf 91' lang='lat' dir='ltr'>no</span> <span class='ocrx_word' id='word_1_351' title='bbox 591 4106 691 4155; x_wconf 83' lang='lat' dir='ltr'>similar</span> <span class='ocrx_word' id='word_1_352' title='bbox 706 4106 793 4155; x_wconf 81' lang='lat' dir='ltr'>clauae</span> <span class='ocrx_word' id='word_1_353' title='bbox 809 4106 838 4154; x_wconf 90' lang='lat' dir='ltr'>in</span> <span class='ocrx_word' id='word_1_354' title='bbox 854 4106 899 4157; x_wconf 83' lang='lat' dir='ltr'>the</span> <span class='ocrx_word' id='word_1_355' title='bbox 949 4107 1008 4155; x_wconf 77' lang='lat' dir='ltr'>tour</span> <span class='ocrx_word' id='word_1_356' title='bbox 1018 4105 1124 4169; x_wconf 77' lang='lat' dir='ltr'>knights</span> <span class='ocrx_word' id='word_1_357' title='bbox 1135 4107 1271 4170; x_wconf 79' lang='lat' dir='ltr'>appeared.</span> 
     </span>
     <span class='ocr_line' id='line_1_38' title="bbox 372 4170 1414 4236; baseline 0.003 -16"><span class='ocrx_word' id='word_1_358' title='bbox 372 4171 488 4220; x_wconf 82' lang='lat' dir='ltr'>charters</span> <span class='ocrx_word' id='word_1_359' title='bbox 499 4170 528 4220; x_wconf 80' lang='lat' dir='ltr'>of</span> <span class='ocrx_word' id='word_1_360' title='bbox 543 4171 607 4220; x_wconf 79' lang='grc'><strong>1215</strong></span> <span class='ocrx_word' id='word_1_361' title='bbox 617 4170 671 4221; x_wconf 76' lang='lat' dir='ltr'>and</span> <span class='ocrx_word' id='word_1_362' title='bbox 684 4170 754 4219; x_wconf 86' lang='grc'><strong>1216.</strong></span> <span class='ocrx_word' id='word_1_363' title='bbox 788 4170 823 4220; x_wconf 79' lang='lat' dir='ltr'>So</span> <span class='ocrx_word' id='word_1_364' title='bbox 841 4184 897 4232; x_wconf 85' lang='lat' dir='ltr'>per-</span> <span class='ocrx_word' id='word_1_365' title='bbox 981 4170 1332 4236; x_wconf 74' lang='lat' dir='ltr'>⁴Probablyuujusticesin</span> <span class='ocrx_word' id='word_1_366' title='bbox 1345 4188 1414 4235; x_wconf 76' lang='lat' dir='ltr'>cyre.</span> 
     </span>
     <span class='ocr_line' id='line_1_39' title="bbox 371 4234 1206 4299; baseline -0.001 -14"><span class='ocrx_word' id='word_1_367' title='bbox 371 4235 439 4298; x_wconf 86' lang='lat' dir='ltr'>hapa</span> <span class='ocrx_word' id='word_1_368' title='bbox 455 4235 501 4285; x_wconf 85' lang='lat' dir='ltr'>the</span> <span class='ocrx_word' id='word_1_369' title='bbox 516 4236 602 4297; x_wconf 80' lang='lat' dir='ltr'>imore</span> <span class='ocrx_word' id='word_1_370' title='bbox 617 4236 693 4285; x_wconf 78' lang='lat' dir='ltr'>make</span> <span class='ocrx_word' id='word_1_371' title='bbox 708 4250 725 4285; x_wconf 77' lang='lat' dir='ltr'>a</span> <span class='ocrx_word' id='word_1_372' title='bbox 742 4234 896 4297; x_wconf 69' lang='grc'><strong>0110111010-</strong></span> <span class='ocrx_word' id='word_1_373' title='bbox 980 4236 991 4268; x_wconf 79' lang='lat'>⁸</span> <span class='ocrx_word' id='word_1_374' title='bbox 1008 4235 1206 4299; x_wconf 82' lang='lat' dir='ltr'>Peterborough.</span> 
     </span>
     <span class='ocr_line' id='line_1_40' title="bbox 371 4300 1485 4353; baseline 0 -2"><span class='ocrx_word' id='word_1_375' title='bbox 371 4302 440 4351; x_wconf 79' lang='lat' dir='ltr'>take.</span> <span class='ocrx_word' id='word_1_376' title='bbox 980 4300 1109 4351; x_wconf 68' lang='lat' dir='ltr'>‘Baeton</span> <span class='ocrx_word' id='word_1_377' title='bbox 1131 4302 1179 4351; x_wconf 87' lang='lat' dir='ltr'>lies</span> <span class='ocrx_word' id='word_1_378' title='bbox 1205 4316 1221 4353; x_wconf 82' lang='lat' dir='ltr'>a</span> <span class='ocrx_word' id='word_1_379' title='bbox 1249 4301 1317 4351; x_wconf 85' lang='lat' dir='ltr'>little</span> <span class='ocrx_word' id='word_1_380' title='bbox 1346 4302 1425 4352; x_wconf 81' lang='lat' dir='ltr'>south</span> <span class='ocrx_word' id='word_1_381' title='bbox 1454 4303 1485 4352; x_wconf 84' lang='grc'>01</span> 
     </span>
     <span class='ocr_line' id='line_1_41' title="bbox 403 4364 1089 4429; baseline 0.003 -14"><span class='ocrx_word' id='word_1_382' title='bbox 403 4368 414 4398; x_wconf 82' lang='lat'>²</span> <span class='ocrx_word' id='word_1_383' title='bbox 431 4365 530 4428; x_wconf 80' lang='lat' dir='ltr'>snpply</span> <span class='ocrx_word' id='word_1_384' title='bbox 535 4367 628 4429; x_wconf 66' lang='grc'><strong>010010.</strong></span> <span class='ocrx_word' id='word_1_385' title='bbox 949 4364 1089 4417; x_wconf 71' lang='lat' dir='ltr'>sumforc</span> 
     </span>
     <span class='ocr_line' id='line_1_42' title="bbox 403 4430 897 4493; baseline 0.004 -14"><span class='ocrx_word' id='word_1_386' title='bbox 403 4430 414 4464; x_wconf 79' lang='lat'><strong>³</strong></span> <span class='ocrx_word' id='word_1_387' title='bbox 424 4431 584 4493; x_wconf 79' lang='lat' dir='ltr'>Apparently</span> <span class='ocrx_word' id='word_1_388' title='bbox 589 4430 611 4479; x_wconf 82' lang='lat' dir='ltr'>it</span> <span class='ocrx_word' id='word_1_389' title='bbox 620 4432 773 4493; x_wconf 74' lang='lat' dir='ltr'>waapartof</span> <span class='ocrx_word' id='word_1_390' title='bbox 783 4430 897 4481; x_wconf 82' lang='lat' dir='ltr'>Bicbard</span> 
     </span>
    </p>
   </div>
   <div class='ocr_carea' id='block_1_10' title="bbox 0 0 1676 5217">
    <p class='ocr_par' dir='ltr' id='par_1_27' title="bbox 0 0 1676 5217">
     <span class='ocr_line' id='line_1_43' title="bbox 0 0 1676 5217; baseline 0 1"><span class='ocrx_word' id='word_1_391' title='bbox 0 0 1676 5217; x_wconf 95' lang='lat' dir='ltr'> </span> 
     </span>
    </p>
   </div>
  </div>
 </body>
</html>
