3342 5217
22 532 23 535 Ἴ
449 466 578 515 unsrun
600 465 673 514 sun
696 465 847 527 ramur,
868 466 932 515 an.
959 454 1054 527 1219,
1076 468 1140 517 aa
1162 455 1190 516 3.
1328 453 1369 515 23

20 555 55 615 ῃ

70 590 78 642 ¹
151 637 203 700 25.
330 632 443 698 Assisa
478 634 570 699 uenit
607 634 811 721 recognitum
846 636 875 701 si
903 637 1043 702 Thomas
1070 637 1112 702 de
1142 636 1249 703 Wilne
1278 644 1372 723 pater
1407 648 1492 697 Notas-

265 736 365 801 Alani
386 737 444 822 qui
460 736 545 803 inira
563 746 686 803 etatem
709 747 759 805 est
781 738 845 804 fuit
867 739 998 805 seisitus
1018 740 1054 804 in
1074 740 1236 806 dominico
1256 762 1315 805 suo
1332 746 1371 804 ut

265 839 307 905 de
322 840 414 905 feodo
428 841 469 906 de
483 841 619 907 dimidia
633 850 783 907 aaruoata
797 850 882 907 terre
897 866 971 907 eum
992 845 1201 930 pertinenciis
1214 846 1249 909 in
1263 844 1372 909 Wilne

266 950 326 1007 ete
353 941 406 1007 die
428 951 487 1007 ete.
511 951 545 1007 et
568 944 594 1007 si
617 952 675 1009 eta
699 966 797 1029 quam
824 954 944 1009 terram
968 946 1125 1032 Magister
1146 948 1308 1012 Robertus
1330 946 1372 1011 de

268 1047 514 1111 Neuilla'tenet
536 1048 593 1133 qui
614 1048 707 1113 uenit
729 1058 763 1113 et
785 1048 866 1114 dieit
891 1050 978 1136 quod
999 1049 1040 1115 de
1062 1050 1175 1116 eadem
1199 1059 1285 1115 terra
1308 1050 1372 1114 fuit

266 1150 423 1236 placitum
452 1151 487 1215 in
510 1151 599 1215 ouria
621 1152 744 1217 domini
770 1152 872 1238 Regis
896 1153 1056 1219 Johannis
1079 1155 1165 1219 inter
1188 1154 1371 1241 predictum
1384 1164 1490 1252 ffl-

266 1255 423 1321 Thomam
444 1266 478 1321 et
497 1257 672 1322 Ricardum
693 1258 733 1322 de
755 1258 901 1323 Mariseis
918 1268 998 1324 tune
1018 1282 1187 1345 personam
1208 1258 1371 1346 prebende

265 1359 354 1424 illius
368 1360 416 1423 ita
435 1360 520 1445 quod
540 1360 629 1425 idem
648 1361 789 1425 Thomas
809 1362 902 1426 uenit
922 1362 957 1426 in
977 1364 1099 1427 curiam
1121 1371 1156 1427 et
1178 1364 1209 1428 ei
1230 1361 1372 1428 reddidit

266 1470 385 1526 terram
414 1462 504 1527 illam
532 1472 571 1527 ut
600 1464 652 1529 ius
680 1464 843 1550 prebende
867 1488 925 1530 sue
948 1474 983 1531 et
1008 1467 1092 1532 bene
1114 1468 1261 1532 defendit
1285 1467 1372 1553 quod

266 1587 433 1650 nunquam
462 1566 526 1630 fuit
555 1566 631 1631 inde
661 1568 790 1632 seisitus
814 1576 853 1632 ut
876 1568 917 1633 de
941 1570 1034 1634 feodo
1060 1578 1095 1635 et
1119 1570 1195 1635 inde
1219 1570 1312 1656 ponit
1335 1592 1370 1634 se

265 1691 363 1754 super
397 1670 536 1734 iuratam
574 1678 608 1735 et
644 1672 717 1735 ideo
753 1673 906 1758 procedat
941 1674 1049 1751 assisa,
1082 1683 1132 1739 set
1169 1675 1301 1761 ponitur
1336 1674 1372 1738 in

265 1781 447 1858 respectum
462 1775 610 1860 usquein
625 1783 691 1840 tres
706 1778 903 1861 septimanas
918 1788 991 1863 post
1005 1780 1124 1843 festum
1141 1780 1171 1844 S.
1188 1780 1210 1845 J
1211 1780 1260 1843 oh.
1277 1778 1370 1843 Babt.

267 1897 324 1960 pro
353 1875 481 1941 defectu
502 1878 740 1964 recognitorum
762 1880 840 1964 quia
862 1880 971 1944 nullus
993 1881 1086 1945 uenit
1108 1889 1142 1945 et
1164 1880 1237 1945 ideo
1262 1902 1373 1944 omnes

266 1977 510 2043 atthaehientur
539 1987 573 2043 et
609 1980 787 2045 uieeeomes
823 1992 966 2067 apponat
996 1991 1046 2046 tot
1075 1990 1109 2047 et
1138 1983 1221 2046 tales
1249 1990 1308 2046 etc.
1339 1990 1374 2045 et

266 2082 432 2145 sciendum
462 2081 547 2167 quod
571 2081 631 2146 hee
660 2084 759 2147 assisa
784 2086 917 2170 ponitur
940 2085 1027 2171 apud
1050 2084 1374 2149 westmonasterium

265 2207 324 2270 pro
354 2184 504 2249 libertate
533 2184 691 2249 baronum
719 2186 760 2250 de
790 2188 947 2251 seaeoario
976 2188 1034 2273 qui
1062 2210 1127 2252 non
1151 2188 1272 2254 debent
1295 2188 1375 2252 alibi

267 2288 443 2374 placitare¹.

204 2436 212 2451 .
331 2392 492 2457 Radulfus
527 2392 568 2456 de
605 2393 772 2458 Eeleshale
802 2395 923 2481 optulit
959 2418 993 2459 se
1023 2403 1140 2481 quarto
1176 2396 1230 2460 die
1259 2418 1374 2460 uersus
1489 2436 1495 2449 ·

269 2495 405 2559 balliuos
434 2495 572 2561 Comitis
596 2496 757 2560 Warenne
781 2496 821 2561 de
851 2497 941 2561 euria
964 2498 1006 2562 de
1032 2498 1309 2585 Cunningeburgo
1333 2498 1374 2561 de

267 2600 386 2684 placito
407 2599 493 2685 quod
516 2598 650 2664 haberet
672 2621 779 2664 eoram
802 2601 988 2666 iusticiariis
1011 2624 1069 2687 per
1093 2611 1233 2687 quatuor
1254 2602 1376 2667 milites

266 2712 325 2767 eta
356 2702 523 2767 recordum
552 2701 592 2766 de
623 2702 750 2787 loquela
779 2725 844 2788 que
874 2703 938 2767 fuit
966 2704 1003 2767 in
1032 2704 1145 2768 eadem
1174 2704 1265 2769 curia
1288 2704 1376 2769 inter

267 2804 445 2869 Radulfum
460 2803 643 2889 predictum
657 2813 827 2890 petentem
842 2813 877 2869 et
888 2806 1068 2871 Robertum
1083 2806 1125 2871 de
1136 2806 1375 2871 Wintewurthe

266 2914 435 2971 tenentem
457 2906 497 2971 de
518 2930 567 2972 xv.
583 2908 713 2973 bouatis
734 2916 819 2973 terre
842 2932 917 2974 eum
938 2910 1147 2996 pertinenciis
1167 2910 1203 2974 in
1224 2910 1376 2975 Dautona

268 3012 354 3076 unde
384 3008 529 3075 duellum
558 3011 739 3087 uadiatum,
769 3022 931 3077 armatum
961 3022 997 3077 et
1032 3036 1218 3099 percussum
1248 3014 1312 3077 fuit
1340 3014 1375 3077 in

266 3116 381 3181 eadem
405 3115 493 3179 curia
516 3125 550 3180 et
578 3115 665 3180 unde
691 3115 764 3180 finis
788 3117 893 3180 faetus
916 3115 979 3180 fuit
1005 3115 1091 3179 inter
1116 3138 1170 3179 eos
1193 3116 1227 3178 in
1251 3117 1377 3201 prefata

267 3220 357 3285 curia
371 3220 428 3305 qui
442 3219 516 3284 finis
529 3242 595 3284 non
614 3228 747 3284 tenetur
767 3219 873 3284 eidem
894 3219 1035 3283 Radulfo
1049 3227 1089 3284 ut
1107 3220 1189 3284 dicit
1208 3228 1242 3283 et
1262 3242 1375 3285 uersus

268 3324 448 3389 Robertum
469 3323 511 3387 de
531 3322 769 3387 Wintewurthe
791 3321 832 3385 de
853 3321 973 3407 placito
993 3321 1079 3407 quod
1102 3328 1186 3385 esset
1204 3321 1375 3385 auditurus

266 3428 434 3493 reeoidum
449 3428 530 3492 illud
545 3435 579 3491 et
594 3427 635 3491 de
650 3427 795 3513 predicto
810 3426 874 3490 fine
894 3448 1104 3512 responsurus
1124 3434 1183 3489 ete.
1205 3435 1240 3489 et
1260 3425 1375 3490 balliui

267 3556 332 3597 non
353 3539 514 3596 uenerunt
529 3538 587 3595 eta
604 3552 663 3595 nec
681 3531 802 3595 milites
818 3553 892 3594 eum
912 3528 1042 3594 reeordo
1062 3552 1122 3593 nee
1137 3529 1300 3593 Robertus
1314 3537 1373 3593 etc.

267 3642 301 3697 et
330 3634 509 3698 uieeeomes
537 3632 707 3697 mandauit
736 3632 822 3718 quod
852 3631 934 3696 illud
963 3639 1151 3716 preceperat
1175 3630 1308 3695 Matheo
1333 3631 1374 3695 de

269 3738 408 3823 Shepele
437 3737 610 3803 senescallo
640 3737 777 3803 Comitis
805 3744 840 3801 et
869 3736 942 3801 aliis
977 3735 1109 3800 balliuis
1145 3734 1186 3799 de
1215 3734 1306 3799 auria
1333 3734 1375 3799 de

269 3840 521 3926 Ouningeburgo
547 3848 581 3904 et
603 3839 689 3925 quod
711 3838 874 3903 Robertus
899 3836 1116 3903 summonitus
1139 3836 1204 3900 fuit
1227 3844 1262 3899 et
1287 3855 1373 3899 sum·

268 3944 405 4009 municio
420 3951 541 4009 testata
555 3951 605 4007 est
620 3950 655 4007 et
668 3942 742 4007 ideo
762 3940 1000 4006 consideratum
1019 3948 1070 4005 est
1090 3938 1176 4025 quod
1196 3938 1375 4003 uieeeomes

268 4046 426 4111 attaehiet
450 4046 588 4111 balliuos
616 4044 759 4131 predicte
789 4043 877 4108 curie
906 4042 993 4129 quod
1022 4043 1089 4107 sint
1111 4064 1132 4107 a
1155 4040 1208 4105 die
1238 4041 1270 4106 S.
1300 4041 1372 4106 Joh.

268 4150 303 4215 in
325 4160 391 4216 tres
412 4151 608 4236 septimanas
630 4157 689 4213 ete
705 4155 739 4212 et
762 4148 809 4213 ibi
831 4148 973 4212 habeant
994 4146 1163 4211 reeordum
1185 4145 1225 4209 de
1248 4146 1376 4231 loquela

303 4344 311 4376 ι
329 4344 425 4395 Master
436 4344 532 4395 Robert
546 4344 645 4394 Neville
660 4344 691 4401 is,
704 4343 717 4392 1
736 4358 795 4405 sup·
847 4344 931 4391 ecstor
942 4340 1026 4417 sould
1037 4341 1068 4390 be
1079 4340 1158 4390 taken
1170 4337 1199 4386 in
1211 4338 1255 4387 the
1266 4343 1377 4402 eountry

272 4410 618 4536 afflat
848 4403 1332 4469 Μὴ
