3342 5217
448 421 683 484 mensurum,
705 424 768 473 nn.
794 411 888 486 1230,
910 426 974 474 ss
999 412 1134 475 14-15.
1281 409 1346 476 363

303 593 348 659 Et
368 592 445 680 quie
464 593 535 680 ipso
554 593 688 682 Agatha
709 602 830 660 sectam
852 595 1002 681 producit
1023 597 1238 662 sufficientem
1260 598 1347 684 quod

238 698 287 763 ita
308 699 372 763 fuit
393 698 506 763 dotata
528 707 562 764 et
585 698 675 764 Prior
696 699 821 764 nullom
841 708 963 765 sectam
983 700 1133 786 producit
1152 701 1238 788 quod
1252 702 1349 767 aliter

239 810 322 866 esset
338 801 451 866 dotata
466 811 500 866 et
514 801 615 866 nichil
631 802 711 867 dicit
726 811 838 867 contre
854 811 976 868 sectum
993 803 1084 868 illam
1100 803 1347 870 Consideretum

239 914 288 971 est
303 905 389 992 quod
404 905 536 993 Agatha
550 907 755 992 recuperauit
770 907 922 973 seisinam
937 931 1029 974 susm
1045 918 1079 974 et
1095 910 1186 974 Prior
1200 919 1260 977 ete.

179 1060 186 1074 .
304 1009 489 1098 ¹Philippus
517 1011 558 1077 de
588 1012 679 1077 Bello
710 1011 833 1099 Campo
863 1014 987 1079 dimisit
1015 1014 1039 1079 J
1040 1037 1131 1080 osceo
1156 1015 1281 1082 Juueni
1306 1015 1347 1082 ds
1451 1045 1470 1074 ι

239 1114 406 1180 Londonie
427 1115 607 1180 manerium
630 1138 726 1180 suum
748 1116 789 1181 de
812 1117 975 1182 Hershnm
997 1141 1071 1182 cum
1091 1126 1174 1205 pert.
1188 1118 1224 1183 in
1245 1118 1347 1197 feodo,

239 1218 418 1282 tenendum
440 1218 480 1284 de
503 1241 540 1283 eo
563 1227 597 1284 et
619 1218 792 1284 heredibus
814 1219 882 1284 suis
903 1219 1066 1286 reddendo
1088 1221 1163 1286 inde
1190 1243 1249 1306 per
1273 1244 1345 1287 enn.

240 1345 342 1387 unum
358 1344 417 1408 per
430 1323 603 1388 calcarium
623 1323 852 1389 deauratorum
873 1325 927 1390 uel
947 1325 1002 1412 xij.
1017 1325 1088 1390 den.
1105 1326 1251 1392 faciendo
1271 1327 1347 1393 inde

238 1425 431 1491 forinsecum
447 1426 620 1492 seruicium
635 1427 700 1493 scil.
712 1428 735 1514 j.
752 1428 867 1493 militis
887 1451 945 1514 pro
965 1430 1054 1495 omni
1074 1431 1216 1496 seruicio.
1262 1431 1346 1497 Con-

239 1527 325 1593 cedit
345 1529 447 1594 eciam
468 1528 555 1594 idem
576 1529 711 1595 Joseeus
733 1553 791 1617 pro
813 1553 848 1595 se
871 1539 905 1595 et
927 1530 1100 1597 heredibus
1122 1532 1189 1597 suis
1212 1532 1348 1619 quodsi

239 1631 326 1698 idem
356 1631 527 1720 Philippus
556 1633 610 1698 uel
640 1632 775 1699 heredes
804 1633 855 1698 sui
884 1633 965 1699 non'
998 1634 1200 1700 reddiderint
1231 1635 1262 1700 ei
1293 1637 1347 1702 uel

238 1736 411 1803 heredibus
440 1737 507 1802 suis
536 1737 692 1803 ducentas
722 1761 845 1803 marcas
874 1761 955 1825 quas
979 1738 1067 1804 idem
1094 1740 1228 1806 Josceus
1256 1740 1348 1807 dedit

239 1841 385 1928 predicto
408 1840 558 1927 Philippo
579 1863 638 1928 pro
658 1840 804 1928 predicto
823 1842 968 1907 manerio
987 1865 1008 1907 e
1027 1843 1109 1908 festo
1125 1844 1220 1909 Omn.
1236 1843 1345 1910 Senot

240 1967 325 2011 enno
346 1943 440 2033 regni
461 1945 561 2031 Regis
583 1945 625 2010 Η
648 1968 697 2009 xv.
722 1945 757 2009 in
780 1967 884 2011 unum
907 1968 1030 2011 annum
1056 1946 1142 2031 quod
1164 1947 1347 2033 predictum

239 2049 419 2114 manerium
444 2055 629 2113 reuertatur
654 2047 826 2133 adipsum
850 2048 1038 2136 Philippum
1061 2058 1096 2114 et
1117 2049 1252 2115 heredes
1273 2073 1347 2116 suos

239 2154 349 2240 quiete
364 2153 404 2218 de
419 2153 489 2239 ipso
503 2152 527 2217 J
527 2175 620 2218 osceo
634 2161 669 2218 et
683 2153 857 2219 heredibus
872 2153 940 2218 suis
954 2152 1186 2240 inperpetuum
1202 2153 1281 2219 etc⁸

180 2310 187 2324 .
303 2256 418 2322 ⁴Alina.
433 2279 496 2343 que
511 2257 575 2322 fuit
590 2279 671 2322 uxor
684 2257 843 2322 Willelmi
857 2258 916 2323 filii
931 2259 1110 2324 Boldewini
1129 2260 1215 2346 petit
1234 2282 1348 2325 uersus
1388 2264 1486 2313 '‘⁰⁸⁰⁸'‘

239 2361 463 2449 Augustinum
478 2361 679 2447 prepositum
699 2360 740 2425 de
761 2359 795 2424 N
796 2360 985 2449 otingehsm
1004 2361 1214 2427 medietatem
1235 2361 1344 2428 dimid

239 2489 299 2532 scr.
315 2475 401 2532 terre
416 2489 490 2532 cum
506 2475 586 2552 pert.
597 2466 632 2531 in
647 2465 681 2530 N
683 2465 872 2554 otingehem
887 2474 926 2530 ut
940 2466 1051 2531 dotem
1065 2489 1157 2532 suem
1172 2466 1259 2531 unde
1274 2475 1333 2532 ete

306 2570 350 2634 Et
363 2569 569 2656 Augustinus
584 2568 676 2634 uenit
691 2577 726 2633 et
740 2568 821 2633 dicit
835 2569 922 2654 quod
936 2592 1001 2634 non
1021 2569 1120 2635 debet
1139 2570 1215 2635 inde
1235 2569 1345 2636 dotem
1359 2578 1511 2676 meg&

238 2674 359 2740 habere
374 2674 451 2761 quis
465 2683 539 2760 post
554 2682 692 2738 mortem
706 2672 846 2759 predicti
860 2672 1018 2738 Willelmi
1037 2674 1102 2738 uiri
1120 2674 1172 2739 sui
1192 2675 1256 2739 fuit
1275 2674 1346 2762 ipss
1358 2673 1501 2760 ffffll‘·

238 2779 274 2844 in
288 2779 407 2844 seisina
421 2779 461 2844 de
477 2778 591 2844 eedem
606 2787 694 2843 tenu
713 2786 751 2842 ut
771 2777 812 2842 de
833 2777 909 2842 dote
929 2799 989 2842 sue
1008 2786 1042 2843 et
1063 2786 1177 2865 posteo
1195 2778 1345 2845 uendidit
1358 2766 1492 2860 wil&

238 2885 270 2951 ei
286 2885 375 2950 illem
390 2884 602 2950 medietatem
623 2892 658 2949 et
678 2883 761 2948 bene
781 2882 929 2948 concedit
949 2882 1035 2970 quod
1055 2884 1168 2949 dotnta
1186 2883 1263 2948 inde
1281 2883 1346 2948 fuit
1358 2860 1502 2994 ffiffid

239 2999 300 3056 er·
1358 2999 1510 3088 seusu

306 3094 350 3159 Et
378 3093 478 3158 Alina
506 3093 589 3158 bene
618 3091 765 3157 defendit
795 3090 882 3178 quod
910 3111 1078 3176 nunquam
1108 3089 1173 3155 fuit
1200 3090 1278 3156 inde
1310 3089 1344 3156 in
1358 3093 1497 3180 fflffldoeggff

238 3199 363 3265 seisine
409 3198 453 3263 Et
468 3198 546 3285 quie
560 3197 630 3284 ipse
645 3197 745 3263 nichil
761 3195 904 3262 ostendit
919 3195 1005 3283 quod
1020 3205 1105 3260 esset
1124 3196 1160 3261 in
1178 3197 1297 3263 seisina
1310 3207 1346 3263 et
1358 3187 1510 3330 μ’,ῃζῗὲῗὲ

239 3303 326 3390 quod
355 3303 387 3369 ei
416 3302 567 3368 uendidit
596 3311 631 3368 et
660 3302 737 3388 quis
765 3301 834 3387 ipse
864 3301 1029 3389 cognoscit
1057 3301 1144 3387 quod
1172 3301 1248 3367 inde
1282 3281 1498 3399 firitiiiiu'ffiim-

241 3409 363 3486 dotata,
379 3408 627 3475 consideratum
642 3416 693 3473 est
708 3407 794 3494 quod
808 3406 880 3492 ipso
894 3413 1062 3492 recuperet
1082 3405 1233 3470 seisinsm
1253 3429 1345 3472 suam
1358 3377 1435 3425 Μ’

239 3520 274 3578 et
288 3510 495 3599 Augustinus
509 3511 544 3575 in
559 3509 782 3575 misericordis.

180 3665 188 3680 .
304 3615 482 3680 ‘Robertus
507 3613 623 3701 Turgis
647 3621 681 3678 et
704 3612 804 3677 Alina
828 3633 910 3675 uxor
935 3609 1007 3675 eius
1032 3619 1067 3675 et
1094 3610 1232 3677 Matillis
1260 3635 1348 3678 soror
1392 3625 1478 3666 sulm

238 3715 342 3804 ipsius
365 3717 463 3782 Aline
489 3738 547 3802 per
570 3715 710 3780 eundem
734 3713 915 3779 Robertum
941 3712 1084 3798 positum
1111 3713 1179 3779 loco
1203 3713 1346 3800 ipserum

238 3827 359 3908 petunt
388 3841 502 3885 uersus
528 3818 698 3884 Eudonem
724 3816 764 3882 de
790 3816 955 3902 Aumbely
981 3816 1062 3881 duas
1086 3825 1196 3903 portes
1215 3817 1240 3904 j.
1265 3818 1345 3906 uirg.

239 3933 326 3991 terre
347 3946 422 3990 cum
442 3929 522 4010 pert
539 3921 574 3986 in
594 3920 769 3986 Rumeseis
788 3928 828 3985 ut
847 3919 899 3984 ius
918 3919 1062 4006 ipserum
1077 3919 1174 3984 Aline
1188 3927 1223 3986 et
1238 3921 1347 3987 Matil-

239 4028 314 4096 lidis
325 4037 385 4096 etc
398 4026 486 4093 unde
497 4025 630 4112 quidem
642 4024 800 4090 Riserdus
810 4032 905 4110 pater
915 4023 1059 4110 ipsarum
1070 4023 1135 4089 fuit
1145 4024 1275 4090 seisitus
1286 4034 1345 4092 etc

272 4200 431 4250 ¹hm.lt.
850 4195 1036 4246 *salso

272 4265 350 4315 'uon
368 4262 518 4322 interliued;
546 4263 567 4314 it
588 4263 612 4313 is
633 4266 681 4314 not
698 4262 726 4312 in
745 4263 769 4312 A
851 4261 1159 4311 'Thsoolleotorssems
1174 4275 1210 4311 on
1225 4260 1272 4312 the
1288 4265 1346 4313 out·

239 4330 294 4384 sud
304 4329 399 4381 should
410 4329 441 4381 be
451 4329 568 4380 omitted.
818 4326 881 4377 look
902 4326 943 4376 lor
963 4341 1035 4377 orsos
1055 4326 1171 4390 showing
1189 4326 1235 4378 the
1252 4327 1346 4393 imper.

272 4395 284 4430 ⁸
300 4395 366 4446 This
379 4395 403 4446 is
417 4410 434 4446 s
448 4399 579 4458 mortgsgs
596 4393 710 4445 enrolled
730 4394 770 4443 lor
820 4396 897 4443 tsnoe
907 4393 936 4441 ol
946 4391 1088 4455 producing
1099 4392 1184 4443 uouit.

238 4463 324 4514 better
335 4461 456 4523 secudu.
854 4458 865 4490 ⁸
880 4458 911 4520 A.
924 4472 959 4509 m.
972 4458 1010 4508 14.
