3342 5217
345 375 408 438 290
552 383 785 445 monimum,
806 382 872 432 sn.
897 338 976 435 ltl9⁹
998 350 1144 425 ³129,
1166 354 1214 411 st
1230 356 1353 441 1344,

345 558 501 624 Stoctone
523 553 566 620 ad
589 578 687 642 quam
717 554 842 641 capelle
865 530 934 618 illel
978 523 1009 588 E
1046 523 1205 638 partirer
1224 544 1257 598 ⁰3
1287 565 1339 622 est
1366 569 1400 640 jn
1426 591 1515 662 sem

344 661 385 726 de
409 659 522 725 ecdem
546 658 670 745 capella
692 666 731 722 ut
754 657 795 723 de
821 679 861 721 ea
884 622 941 743 del
1006 707 1011 718 .
1035 661 1130 742 qu!J
1147 639 1279 750 Pefoellst
1307 660 1372 737 duo
1400 625 1535 769 bigami?

345 761 481 850 singulis
495 761 589 828 annis
602 760 733 825 nomine
748 760 912 846 pensionis
927 764 938 835 t
1019 753 1116 824 mdo
1134 731 1202 802 dlffll
1222 758 1311 826 quod
1330 788 1447 867 capena
1462 823 1503 867 no

346 872 442 928 uacet
465 872 515 928 set
541 862 663 928 uicaria
685 862 773 928 illius
796 842 944 947 capellel
1022 861 1136 928 solum
1157 857 1214 932 ΡΝ
1235 865 1338 937 morte
1362 829 1523 971 cul-udas

347 967 469 1032 Thcmc
485 990 542 1053 qur
556 967 620 1031 furt
634 987 775 1031 ursanus
790 964 945 1047 eiusdemt
1031 950 1160 1053 repelle.
1203 939 1250 1018 Et
1267 980 1384 1055 profert
1397 1013 1508 1072 mm

347 1071 430 1136 bone
456 1070 610 1136 memorie
631 1070 762 1135 Seffridi
780 1050 1021 1157 quondanffi,
1080 1055 1193 1152 &copi
1214 1053 1427 1164 Cleostoemssr
1443 1129 1502 1192 que

347 1179 488 1238 testatur
502 1172 589 1258 quod
603 1171 690 1236 idem
706 1171 884 1256 Episcopus
982 1169 1039 1235 isit
1066 1213 1084 1232 Α
1156 1169 1284 1245 homan]
1302 1188 1440 1268 clericum
1457 1210 1497 1273 ad

347 1285 539 1364 perpetuam
553 1277 707 1342 niceriam
727 1276 850 1363 capelle
870 1275 911 1340 ds
932 1292 938 1341 1
983 1073 1296 1370 rdlegPngque
1315 1307 1362 1362 ffit
1378 1310 1491 1389 mpeffi

348 1378 480 1444 ecclesie
506 1378 546 1442 de
574 1378 730 1444 Stoctona
751 1377 794 1442 sd
819 1399 912 1464 prese
939 1376 1100 1442 tacienem
1124 1369 1296 1448 Godefirui
1322 1384 1488 1475 pffimflb„
1514 1433 1549 1448 ..

349 1481 480 1548 ecclesie
504 1481 546 1548 de
569 1483 726 1548 Stoctone
754 1482 795 1549 de
824 1504 894 1547 asse
989 1481 1109 1546 Prioris
1137 1491 1172 1547 et
1201 1479 1400 1563 conuentus
1431 1505 1465 1570 S.

349 1583 513 1649 Pancracii
548 1585 589 1649 de
626 1585 737 1652 Leues
773 1583 941 1718 reddendrp
971 1583 1048 1648 inde
1081 1605 1215 1670 persone
1248 1593 1386 1662 ecclesie
1421 1604 1464 1668 de

349 1687 505 1754 Stoctona
540 1687 676 1775 singulis
712 1687 805 1752 annis
842 1685 1091 1765 du01bisancia
1117 1687 1247 1754 nomine
1285 1700 1462 1779 pensionis,

348 1791 474 1856 Profert
488 1790 590 1855 eciam
605 1799 727 1855 certem
742 1789 900 1854 Willelmi
915 1776 1035 1955 Tueris
1049 1791 1090 1854 de
1105 1790 1216 1855 Lewes
1230 1815 1296 1878 que
1316 1807 1462 1870 testatur

349 1893 436 1980 quod
464 1893 551 1958 idem
580 1893 671 1959 Prior
699 1894 855 1958 concessit
884 1901 919 1957 et
946 1893 1153 1958 confirmauit
1182 1894 1307 1963 Thome
1343 1903 1460 1970 clerico

349 1999 506 2084 capellam
535 1997 576 2062 de
606 1997 828 2083 Lerdingtona
855 2005 895 2061 ut
918 1965 1137 2061 hertinentem
1159 1997 1202 2062 ad
1224 2000 1394 2069 ecclesiam
1416 2007 1459 2073 de

244 2109 247 2118 ’
351 2102 506 2167 Stoctona
533 2100 576 2165 ad
598 2101 808 2186 ,peticionem
846 2061 1014 2199 ucho-id
1049 2122 1185 2185 persone
1221 2101 1263 2167 de
1300 2104 1459 2174 Stoctonc

272 2193 275 2204 ⁸
348 2227 480 2270 assensu
496 2203 627 2270 Saffridi
643 2202 852 2269 cicestrensis
868 2203 915 2287 Ep
923 2201 1020 2287 lscopi
1030 2202 1214 2268 habendam
1229 2213 1265 2269 et
1279 2209 1456 2275 tenendam

349 2308 455 2394 qneed
477 2308 605 2372 uiueret
625 2329 683 2393 per
701 2306 882 2392 predictam
903 2306 1093 2391 pensionem
1114 2316 1150 2372 et
1171 2308 1246 2374 ideo
1266 2310 1348 2376 dicit
1369 2315 1456 2398 quod

348 2411 472 2498 capella
486 2411 543 2476 illa
556 2433 620 2475 non
636 2417 739 2474 necet.

415 2514 458 2578 Et
473 2512 566 2577 Eudo
581 2511 661 2577 dicit
676 2511 767 2598 quod!
777 2511 902 2597 capella
917 2535 983 2576 non
997 2513 1141 2598 pertinet
1162 2514 1206 2580 ed
1225 2516 1393 2582 ecclesiam
1413 2518 1455 2584 de

350 2619 508 2686 Stoctcna
522 2626 557 2682 et
571 2617 657 2704 quod
671 2639 736 2681 non
751 2617 852 2681 estin
866 2609 975 2702 aliquo
990 2616 1138 2683 subiecta
1159 2619 1305 2704 predicte
1320 2622 1454 2687 ecclesie

346 2723 410 2789 nisi
438 2723 543 2788 solum
571 2722 607 2786 in
635 2721 783 2808 predicta
810 2719 974 2808 pensione,
1003 2728 1038 2785 et
1063 2719 1124 2784 hoc
1149 2721 1232 2786 bene
1261 2729 1356 2808 petet
1377 2723 1457 2809 quia

346 2818 520 2912 aliquando
535 2823 599 2888 fuit
614 2822 780 2888 contencio
795 2822 883 2887 inter
896 2822 1004 2908 ipsum
1019 2831 1054 2886 et
1068 2822 1212 2888 Priorem
1226 2824 1268 2888 de
1288 2823 1399 2890 Lewes
1418 2826 1456 2891 in

347 2928 436 2994 curia
458 2926 581 2992 domini
606 2925 706 3013 Regis
734 2947 793 3012 per
815 2925 949 2990 assisam
979 2926 1096 2990 ultime
1125 2915 1377 3010 presenticionis
1405 2927 1457 2992 ite

347 3031 434 3118 quod
449 3029 523 3096 linis
537 3031 642 3096 fectus
656 3029 720 3094 fuit
734 3029 821 3094 inter
835 3051 890 3093 eos
904 3029 940 3093 in
954 3029 1067 3094 eedem
1082 3029 1173 3094 curia
1187 3053 1273 3095 anno
1288 3039 1349 3095 etc.
1364 3032 1456 3116 apud

347 3135 458 3200 Lewes
472 3157 578 3200 coram
594 3133 648 3200 Β)
663 3134 807 3199 Roffensi
828 3134 986 3220 Episcopo
1000 3141 1036 3199 et
1058 3133 1152 3198 sociis
1172 3133 1254 3198 suis·
1274 3142 1309 3199 et
1332 3136 1456 3220 profert

346 3239 572 3327 cirographum
587 3238 674 3326 quod
694 3245 837 3302 testetur
858 3238 944 3324 quod
966 3237 1130 3324 predictus
1152 3239 1245 3304 Prior
1264 3239 1457 3326 recognouit

347 3343 595 3409 eduocecionem
610 3341 754 3428 predicte
769 3342 902 3407 ecclesie
917 3343 958 3408 de
973 3342 1271 3428 Lerdingtoneesse
1285 3343 1338 3409 ius
1351 3343 1457 3430 ipsius

349 3446 501 3522 Eudonis,
516 3446 700 3512 habendam
714 3453 749 3512 et
769 3446 944 3511 tenendam
960 3447 1066 3511 eidem
1081 3447 1210 3512 Eudoni
1225 3455 1261 3512 et
1280 3447 1457 3516 heredibus

348 3549 423 3628 suis,
438 3549 600 3615 reddendo
619 3548 696 3614 inde
720 3549 891 3614 annuatim
911 3549 991 3614 duos
1014 3549 1131 3614 solidos
1154 3550 1257 3615 Priori
1278 3550 1319 3616 de
1342 3553 1456 3620 Lewes

349 3662 408 3720 etc
453 3655 498 3718 Et
512 3653 687 3739 requisitus
702 3653 731 3718 si
751 3675 896 3739 unquam
918 3661 991 3738 post
1012 3653 1112 3718 finem
1134 3653 1228 3718 illum
1250 3656 1458 3740 presenteuit

348 3779 517 3843 personam
540 3755 581 3821 ad
608 3755 744 3821 eundem
768 3756 936 3821 ecclesiam
960 3756 1001 3820 de
1023 3756 1244 3844 Lerdingtona
1265 3757 1346 3823 dicit
1366 3761 1458 3844 quod

349 3884 414 3926 non
428 3861 506 3947 quia
519 3858 685 3945 predictus
700 3859 841 3924 Thomas
861 3859 925 3923 fuit
946 3870 1124 3945 perpetuus
1143 3859 1284 3924 uicarius
1307 3860 1457 3928 eiusdem

348 3965 481 4031 ecclesie
495 3973 530 4030 et
544 3964 587 4029 od
601 3963 796 4050 peticionem
812 3963 915 4049 ipsius
928 3963 1080 4050 Episcopi
1091 3963 1239 4050 permisit
1250 3987 1326 4029 cum
1341 3973 1459 4032 tenere

348 4078 420 4134 tote
436 4069 508 4134 uita
529 4091 595 4134 sua
651 4069 696 4134 Et
718 4069 796 4154 quie
817 4067 981 4155 predictus
1004 4067 1197 4133 Godefridus
1219 4067 1302 4133 obiit
1322 4068 1460 4138 seisitus

347 4173 388 4238 de
410 4173 556 4258 predicte
577 4173 702 4259 capella
717 4179 755 4237 ut
776 4171 962 4258 pertinente
985 4171 1028 4236 ed
1043 4171 1209 4236 ecclesiam
1233 4171 1273 4236 de
1295 4173 1462 4242 Stoctona

380 4346 387 4378 ¹
405 4347 434 4394 Α.
448 4345 477 4396 Ι),
494 4344 664 4394 nat-1145.
954 4342 965 4373 ⁸
982 4341 1091 4404 ityreos
1103 4341 1224 4391 lere-s.

378 4413 389 4442 Ἰ
406 4409 536 4462 Benedict.
