3342 5217
195 491 339 548 rcrrrrrr
352 495 447 545 rrmr
461 493 534 544 rro
549 493 749 544 meremor
765 481 1192 557 rrrr‚en.1229‚r.r.la
1233 481 1296 550 279
1365 462 1368 468 ’

192 670 269 736 dere
293 677 407 735 contre
430 691 484 735 eos
510 677 545 734 et
566 676 680 735 contra
699 675 821 734 sectam
843 668 986 754 ipsorum
1007 667 1092 733 sicut
1113 668 1203 734 curia
1223 690 1297 734 con·

192 769 417 857 siderauerici

259 879 304 943 Ec
327 877 404 964 quia
426 877 536 963 capeio
566 877 642 940 hinc
670 876 746 941 inde
777 875 908 963 cognite
935 883 987 940 est
1015 883 1050 939 et
1078 896 1136 962 pro
1164 875 1300 941 semicio
1350 901 1424 952 [ooo]

194 1005 307 1049 eorum
327 990 362 1047 εὴ
381 982 421 1048 de
443 982 579 1046 seruicio
601 981 692 1046 nulle
705 981 744 1045 fit
766 980 892 1045 mencio
913 980 949 1044 in
970 980 1063 1044 breui
1084 979 1147 1044 nisi
1168 988 1299 1046 tantum

192 1090 234 1154 de
257 1088 380 1153 iniusta.
400 1085 590 1152 derencione
610 1094 645 1150 et
665 1083 862 1150 ebduecione
884 1093 977 1149 extra
998 1085 1199 1162 eomitcrum,
1215 1085 1300 1151 con-

191 1192 371 1260 sideratum
401 1199 451 1255 est
475 1189 562 1277 quod
584 1186 768 1254 Willelmus
789 1188 944 1253 defendat
966 1209 1000 1254 sc
1022 1189 1111 1274 xijm‘.
1136 1211 1244 1267 manu,
1266 1200 1301 1255 εὴ

192 1295 307 1361 ueniat
321 1315 395 1358 curn
411 1293 482 1378 lege
497 1315 518 1356 a
531 1292 584 1358 die
600 1299 658 1358 etc

192 1617 388 1688 PLACITA
425 1619 482 1685 ET
517 1619 674 1686 ASSISE
712 1619 807 1684 TAM
846 1619 908 1683 DE
948 1617 1135 1683 I'I'INERE
1172 1621 1299 1687 GOMI-

206 1749 212 1756 ·
281 1723 428 1789 TATUS
455 1721 793 1788 MIDDELSSEXIE
816 1721 915 1788 CUM
937 1721 1146 1788 ESSONIIS
1168 1722 1301 1804 QUAM

282 1821 475 1889 PLACITA
526 1821 588 1887 DE
639 1821 794 1887 BANOO
844 1819 944 1888 OUM
986 1821 1197 1887 ESSONIIS
1239 1822 1301 1886 DE

281 1921 491 1986 TERMINO
523 1921 554 1986 S.
585 1919 851 1985 TRINITATIS
878 1919 1012 1985 ANNO
1047 1918 1191 1986 REGNI
1227 1921 1300 1986 RE-

283 2025 358 2092 GIS
389 2024 484 2090 XIIJ
494 2025 511 2090 ¹.

124 2294 132 2307 .
260 2241 457 2308 Laurencius
480 2240 676 2306 Lorimeriuo
697 2239 798 2326 peciit
820 2241 856 2304 in
877 2241 1034 2306 comitatu
1057 2265 1170 2308 uersus
1191 2243 1301 2308 Ricar-

192 2347 275 2412 dum
295 2347 335 2412 dc
356 2344 510 2410 Museche
533 2342 617 2428 xxvj.
638 2365 699 2408 aer.
721 2351 806 2407 terre
829 2367 904 2409 cum
926 2352 1007 2430 pero
1022 2343 1058 2409 in
1076 2345 1240 2410 Hemdun'
1254 2346 1303 2411 ita

193 2447 283 2538 quod
304 2449 391 2514 idem
413 2446 570 2512 Ricarduo
599 2446 709 2532 posuit
737 2469 772 2512 oc
802 2447 838 2511 in
867 2469 1018 2534 magnam
1047 2448 1179 2514 assisam
1208 2449 1301 2517 Doni

194 2555 297 2642 Regis
316 2565 351 2618 ct
371 2562 485 2638 postea
505 2551 691 2616 conuicium
714 2551 869 2638 estquod
888 2551 975 2617 idern
993 2551 1150 2618 Ricardue
1169 2561 1220 2619 est
1241 2553 1305 2620 uil-

195 2659 290 2725 lenus
306 2656 467 2724 Gileberri
480 2656 520 2721 de
536 2655 701 2721 Hemdun'
716 2663 751 2720 et
765 2655 839 2721 ideo
853 2655 930 2721 inde
944 2655 1014 2721 sine
1029 2656 1091 2735 die,
1106 2665 1141 2722 εὴ
1155 2665 1303 2744 preterea

194 2763 284 2828 idem
299 2761 457 2828 Ricardus
475 2759 628 2847 cognouir
647 2781 753 2826 coram
767 2759 953 2826 iusticieriis
967 2760 1053 2847 quod
1079 2761 1220 2826 uillenuo
1239 2762 1303 2826 suit

196 2875 232 2934 εὴ
261 2867 335 2932 ideo
363 2871 529 2930 remaneat
558 2863 657 2929 ercisc
678 2863 764 2928 inter
786 2886 840 2929 eos
862 2871 896 2928 et
918 2863 1116 2930 Lourcncius
1137 2865 1303 2951 perquirat

196 2995 232 3038 sc
245 2993 359 3038 uersus
375 2967 578 3035 Gilebertum
593 2968 621 3033 si
635 2967 783 3034 uoluerit.

85 3091 140 3151 ·’,
263 3074 375 3140 Assisa
388 3073 481 3138 uenit
501 3071 707 3159 recognitum
726 3072 754 3138 si
768 3071 934 3138 walterus
948 3071 1036 3137 filius
1058 3069 1188 3138 Osberti
1209 3080 1304 3158 pater

197 3176 330 3243 Ricardi
344 3176 404 3241 filii
418 3175 556 3240 walteri
571 3175 635 3240 fuit
650 3175 780 3242 scisitus
794 3175 829 3240 in
844 3173 1005 3241 dominico
1019 3197 1078 3240 suo
1096 3183 1136 3240 ut
1155 3174 1196 3241 de
1211 3176 1303 3242 feodo

196 3281 240 3347 de
264 3280 351 3365 xviij.
374 3302 435 3345 aer.
460 3289 545 3344 terre
575 3303 649 3345 cum
678 3288 758 3366 perc
781 3281 817 3344 in
838 3279 954 3345 Akene
976 3280 1029 3345 die
1051 3289 1110 3346 etc
1134 3288 1168 3346 et
1190 3281 1218 3346 si
1243 3289 1303 3347 etc

197 3386 307 3466 Quem
324 3393 442 3450 terram
458 3384 531 3449 Ilde
545 3383 588 3448 fil’
604 3383 752 3471 Thurgis'
769 3391 803 3448 et
820 3383 926 3450 Alicio
938 3406 1020 3448 uxor
1033 3384 1104 3448 eius
1118 3391 1232 3449 tenent
1247 3383 1304 3470 qui

198 3489 340 3556 ueniunt
365 3494 400 3552 εὴ
425 3485 540 3552 dicuni
569 3487 655 3572 quod
684 3488 783 3553 assisa
811 3510 877 3552 non
906 3488 1004 3552 debet
1027 3509 1124 3572 super
1146 3509 1200 3552 eoo
1228 3487 1304 3553 inde

198 3591 374 3679 procedere
398 3589 476 3677 quie
496 3589 559 3675 ipsi
582 3596 697 3654 tenent
719 3590 853 3656 terciam
883 3599 1009 3678 partem
1038 3591 1127 3656 illius
1156 3599 1241 3656 terre
1270 3591 1305 3656 in

197 3697 310 3762 dotem
332 3694 435 3780 ipsius
456 3693 560 3758 Alicio
586 3715 627 3757 ex
650 3693 734 3758 dono
765 3693 946 3760 Salomonis
969 3695 1000 3760 le
1026 3693 1186 3780 Fronceyo
1208 3695 1305 3780 primi

197 3800 264 3865 uiri
279 3797 331 3865 sui
345 3807 380 3863 εὴ
394 3798 475 3862 duee
490 3805 599 3884 peries
613 3795 648 3860 in
663 3795 810 3862 custodie
823 3820 898 3863 cum
913 3797 1078 3863 Wimcrca
1092 3805 1127 3863 εὴ
1143 3796 1306 3864 cristiana

196 3903 329 3969 filiabus
344 3907 379 3966 εὴ
394 3899 566 3964 heredibus
580 3897 681 3984 ipsius
705 3899 885 3965 Salomonis
905 3901 962 3987 qui
982 3909 1059 3966 sunt
1079 3900 1163 3966 infre
1182 3909 1305 3967 etatem
1318 3925 1457 3984 ccccmo·

198 4013 237 4071 εὴ
258 4004 346 4069 unde
368 4011 462 4089 pater
482 4001 624 4088 ipsarum
647 4002 729 4067 obiit
753 4003 884 4068 scisitus
908 4014 947 4069 ut
971 4001 1011 4070 de
1037 4003 1137 4069 feodo.
1182 4003 1226 4069 Et
1248 4005 1305 4070 Ri-
1318 3977 1470 4106 ffiff?

196 4107 316 4175 cardus
330 4107 413 4172 bene
434 4104 596 4194 cognoscit
611 4107 697 4192 quod
712 4129 777 4171 una
794 4106 895 4172 hebet
914 4114 1036 4172 etatem
1059 4115 1093 4172 ct
1108 4108 1211 4173 altera
1223 4109 1308 4176 infre
1319 4116 1467 4199 amm

1320 4206 1471 4247 muido

235 4261 276 4310 ¹1
300 4275 412 4323 suppose
437 4261 496 4311 that
521 4260 566 4311 the
588 4261 729 4312 Middleeer
780 4262 827 4312 the
849 4277 908 4326 cyre
929 4276 1001 4312 cerco
1022 4261 1089 4312 heve
1115 4277 1151 4313 no
1178 4262 1308 4326 marginal
1320 4253 1401 4294 ‘⁰⁰⁶⁰'-

196 4325 730 4390 EyremheldctWectminsrercndin
780 4341 876 4388 venue;
898 4327 960 4392 they
981 4327 1016 4378 cll
1036 4327 1132 4391 belong
1152 4331 1181 4378 to
1197 4327 1305 4380 Middlc-

199 4399 269 4444 term
282 4392 344 4441 time
360 4390 414 4440 end
430 4390 489 4442 chet
505 4407 578 4442 cccco
593 4394 623 4442 dc
640 4393 729 4443 itincre
783 4408 836 4444 sex.

197 4457 379 4510 oudonem
396 4458 473 4507 bauco
489 4456 554 4507 thur
570 4471 642 4508 came
659 4471 729 4520 upon
813 4457 890 4508 ²fleo
910 4457 954 4507 Br.
977 4457 997 4507 1.
1021 4458 1069 4507 422
1090 4457 1116 4508 b.
1157 4457 1213 4509 'l'he
1233 4459 1308 4521 perol

198 4521 398 4574 thocemeroll.
434 4521 527 4572 Irwill
545 4523 654 4573 beroen
671 4521 730 4573 thar
781 4521 894 4574 demum.
