3342 5217
428 430 663 499 monimum,
686 433 750 484 nn.
775 420 954 497 laeana
979 421 1116 492 16-17.
1259 424 1323 489 669

219 603 361 669 militare
384 610 420 669 et
442 603 508 669 fuit
527 602 658 669 seisilus
678 601 719 669 de
739 602 876 669 seruicio
896 612 932 671 el
949 605 1101 693 homagio
1120 628 1178 673 suo
1192 606 1247 673 die
1261 628 1325 694 quc

219 705 308 772 obiit.

284 809 329 873 Et
354 808 495 874 Thomas
519 808 613 874 uenit
638 817 673 874 et
699 807 846 874 defendit
871 809 923 875 ius
948 832 1052 888 suum,
1076 818 1111 875 et
1135 810 1327 905 dicitquod

218 912 352 999 quidam
374 913 538 978 Robertuc
559 913 647 978 filius
666 912 825 1000 Harding’
841 913 987 978 feoffauil
1002 913 1043 979 de
1057 936 1127 979 una
1139 914 1227 1001 hyda
1240 923 1326 980 terre

217 1014 381 1101 quendam
405 1016 521 1101 Elyam
541 1016 674 1081 fratrem
694 1038 800 1093 suum,
814 1015 872 1101 qui
892 1016 1001 1081 tenuit
1017 1017 1240 1082 terramillam
1255 1024 1327 1083 tote

217 1118 290 1183 uita
312 1140 374 1184 cua
397 1117 438 1182 de
464 1117 535 1203 ipso
564 1117 709 1183 lieberto
733 1140 792 1204 per
816 1117 991 1183 capicium
1017 1118 1167 1198 militare,
1192 1127 1227 1185 ct
1252 1126 1328 1206 poci

217 1221 359 1287 eundem
379 1220 496 1306 Elyam
510 1220 695 1285 Willelmus
713 1219 801 1284 filius
819 1219 923 1306 ipsius
938 1220 1018 1305 Elye
1033 1220 1074 1285 de
1089 1220 1245 1287 Mauricio
1259 1220 1326 1285 filio

217 1322 319 1409 ipsius
334 1321 480 1399 Robcrti‚
493 1329 529 1387 et
542 1329 617 1408 post
631 1321 740 1407 ipsum
755 1321 958 1386 Willelmum
975 1321 1080 1387 filium
1096 1322 1186 1410 Elye,
1200 1322 1326 1390 Willel·

217 1447 291 1490 mus
306 1425 392 1490 filius
407 1424 553 1506 eiusdem
570 1424 726 1490 Willelmi
745 1423 897 1489 simililer
914 1445 973 1511 per
987 1424 1160 1491 semicium
1174 1425 1326 1501 militare,

218 1535 253 1593 el
274 1528 362 1593 unde
385 1528 466 1594 dicit
489 1527 577 1613 quod
598 1526 662 1593 iste
686 1526 784 1614 Elycn
809 1534 921 1592 tenere
945 1526 1063 1592 debeat
1088 1526 1129 1592 de
1153 1527 1327 1615 heredibus

217 1630 321 1718 ipsius
336 1630 496 1708 Mauricii,
511 1630 630 1717 etipse
646 1630 786 1696 Thomas
800 1629 881 1696 dicit
895 1629 983 1717 quod
997 1629 1144 1717 predicta
1162 1632 1327 1697 occasione

217 1742 269 1799 eat
290 1734 326 1800 in
347 1734 466 1799 aeisina
487 1733 528 1799 de
549 1732 697 1820 predicta
717 1732 866 1799 custodia
887 1740 972 1799 terre
992 1740 1027 1799 el
1046 1733 1182 1813 heredis,
1197 1743 1232 1801 et
1246 1735 1327 1803 dicit

218 1836 305 1924 quod
334 1837 470 1903 heredes
492 1836 598 1924 ipsine
620 1836 757 1902 Rcberti
779 1858 908 1923 semper
929 1836 1064 1902 fuerunt
1086 1837 1123 1903 in
1144 1838 1262 1903 seisinc
1284 1838 1326 1904 de

218 1940 363 2027 predicto
383 1941 534 2028 homagio
554 1948 589 2006 et
608 1940 746 2006 seruicia
759 1940 863 2027 ipciue
876 1941 959 2027 Elye
974 1948 1009 2007 et
1023 1940 1181 2007 heredum
1194 1964 1326 2007 suorum

120 2052 127 2062 '
218 2044 259 2111 de
280 2044 400 2111 herede
421 2045 457 2110 in
478 2044 642 2124 heredem,
655 2052 691 2110 el
709 2046 745 2110 in
764 2044 884 2111 aeisina
903 2044 967 2110 fuit
988 2044 1042 2109 dic
1064 2066 1128 2131 quo
1142 2044 1328 2111 willelmus

217 2157 312 2235 pater
324 2148 463 2236 predicti
478 2148 559 2235 Elye
574 2149 631 2234 qui
645 2170 733 2214 nunc
747 2157 798 2215 eal
812 2148 902 2215 obiia

284 2254 328 2319 Ec
342 2252 454 2319 Abbaa
473 2253 568 2318 uenit
586 2261 622 2319 ei
636 2253 718 2319 dicit
732 2252 819 2341 qued
833 2252 984 2319 cmlodia
994 2252 1139 2338 pertinel
1153 2250 1196 2317 ud
1209 2251 1326 2337 ipsum

218 2358 297 2443 quia
321 2357 454 2445 quidem
477 2358 663 2423 willelmus
692 2357 897 2424 Camerarius
923 2359 1070 2424 leoffeuil
1093 2356 1134 2423 de
1161 2364 1248 2424 terra
1269 2356 1327 2421 illa

217 2461 350 2527 domum
381 2462 422 2526 de
453 2460 683 2548 Kingeswude,
705 2468 741 2525 et
762 2460 813 2525 ita
840 2460 927 2547 qnod
946 2461 1117 2547 ¹predictus
1142 2460 1327 2526 Willelmus

217 2569 345 2628 teneret
359 2561 401 2628 de
415 2585 463 2642 ac,
477 2571 512 2628 et
532 2563 602 2648 ipsc
621 2562 687 2627 fuic
706 2560 757 2627 in¹
772 2561 909 2628 seruicio
928 2561 1031 2648 ipm'us
1045 2561 1203 2628 Willelmi
1223 2562 1329 2648 patris

216 2666 319 2753 ipsius
334 2666 415 2752 Elye
430 2666 488 2752 qui
505 2674 556 2731 eat
575 2665 662 2731 inira
679 2674 803 2732 etatem
824 2688 884 2752 per
896 2666 950 2752 vij.
966 2688 1066 2731 annos
1087 2674 1166 2731 ante
1187 2674 1327 2731 mortem

216 2768 319 2855 ipsius
347 2768 512 2846 willelmi,
539 2774 574 2832 et
598 2767 648 2832 ia
672 2768 759 2854 quod
788 2791 874 2834 anno
904 2776 938 2834 el
968 2769 1021 2835 die
1051 2790 1116 2856 quo
1141 2770 1328 2835 Willelmus

217 2871 300 2937 obiit
320 2869 326 2959 Ι
344 2870 408 2937 fiu'c
431 2869 501 2956 ipse
524 2869 559 2934 in
582 2870 703 2936 aeiaina
724 2870 766 2935 de
789 2871 926 2937 seruicio
945 2893 1012 2948 suc,
1033 2879 1068 2936 ec
1087 2871 1164 2937 inde
1183 2871 1277 2957 ponit
1290 2893 1325 2936 ee

217 2996 316 3061 super
344 2974 493 3039 iuratam
550 2974 595 3038 Ec
623 2972 699 3038 ideo
726 2982 918 3060 preceptum
947 2980 999 3037 eal
1026 2972 1211 3038 uicecomiti
1239 2973 1326 3060 qued

217 3098 324 3141 coram
347 3074 534 3141 iusticiariia
557 3076 600 3141 ad
622 3075 760 3161 primam
784 3075 917 3141 mairam
937 3082 998 3139 eiu
1019 3074 1132 3140 uenire
1152 3075 1251 3139 faciat
1269 3075 1325 3161 xij.

217 3179 275 3266 qui
288 3179 396 3266 ipsum
412 3179 569 3244 Thomam
583 3180 678 3245 nulla
690 3180 851 3245 affinitate
866 3180 1039 3267 adtingunt
1054 3186 1089 3244 et
1103 3178 1145 3243 ad
1158 3200 1325 3265 recognos-

216 3282 356 3350 cendum
370 3291 431 3347 etc
446 3283 475 3347 si
489 3282 656 3369 predictus
676 3283 815 3349 Thomas
834 3304 920 3347 anno
940 3290 974 3347 et
994 3281 1047 3347 die
1062 3303 1126 3367 quc
1140 3281 1228 3346 idem
1243 3282 1325 3346 Wil-

217 3384 355 3451 lelmue¹
370 3384 452 3449 obiit
466 3385 531 3449 fuit
545 3384 580 3449 in
595 3385 714 3451 seisina
732 3385 774 3451 de
794 3384 931 3450 seruicia
950 3383 1052 3470 ipsius
1066 3382 1224 3448 Willelmi
1243 3392 1278 3449 ct
1297 3384 1326 3449 si

217 3486 287 3575 ipae
312 3487 501 3553 Willelmua
523 3511 669 3575 unquam
698 3489 764 3555 fuit
788 3488 825 3554 in
850 3487 968 3553 seisina
991 3486 1032 3553 de
1056 3486 1203 3552 custodia
1223 3486 1325 3572 ipsius

218 3592 377 3657 Willelmi
398 3591 477 3657 dum
499 3592 564 3657 fuit
585 3592 670 3657 infra
689 3591 836 3670 etatcm⁸,
852 3600 891 3657 ut
910 3590 999 3656 idem
1014 3590 1154 3655 Thomna
1168 3589 1256 3667 dicit,
1270 3590 1325 3654 uel
1381 3586 1385 3591 ’

217 3696 247 3765 si
260 3695 427 3782 predictus
441 3696 555 3763 Abbas
568 3705 648 3763 tunc
662 3697 727 3763 fuit
740 3698 777 3763 in
796 3696 915 3763 ceieina
933 3692 1112 3761 secundum
1132 3692 1218 3779 quod
1237 3691 1327 3758 idem

218 3798 330 3867 Abbae
344 3798 432 3865 dicia

160 3966 168 3982 ‚
283 3899 440 3966 ‘Iaabella
462 3923 527 3987 que
552 3902 616 3968 fuit
642 3926 724 3968 uxor
746 3900 878 3967 Ricerdi
901 3898 962 3965 sub
986 3898 1082 3962 Mure
1104 3898 1190 3984 petit
1213 3919 1327 3963 uersus
1401 3916 1448 3947 τοι

217 4003 400 4071 Rebertum
423 4004 541 4070 Sekole
563 4005 697 4071 terciam
718 4014 847 4091 panem
866 4002 943 4069 dim.
958 4000 1039 4087 uirg.
1055 4007 1140 4065 terre
1155 4022 1230 4065 cum
1244 4012 1325 4085 pera

217 4106 253 4171 in
269 4106 430 4172 Siculone
444 4114 483 4171 ut
497 4106 608 4172 dotem
623 4130 715 4173 suam
730 4115 791 4174 etc

250 4260 261 4293 ¹
278 4258 378 4323 Supply
386 4261 482 4311 ericum
493 4262 531 4323 de,
544 4261 577 4311 B.
797 4253 967 4315 Camerarius,
981 4254 1100 4303 willelmi
1112 4256 1139 4303 lo
1150 4251 1265 4303 william
1277 4268 1325 4304 son

250 4323 394 4375 'william
404 4325 581 4378 conclEliac.
796 4323 825 4371 cl
838 4319 920 4370 Elius.
949 4316 1249 4375 Scethererdietabcve
1261 4318 1325 4370 (lece

249 4388 261 4423 ⁸
279 4389 329 4447 Sic,
346 4390 377 4439 B.
411 4389 558 4453 Scamingly
573 4390 602 4441 in
621 4390 676 4442 thir
694 4390 747 4442 laet
797 4387 855 4437 850.
1046 4395 1049 4400 “

217 4454 304 4505 clauae
319 4454 455 4505 willelmae
466 4455 546 4506 relcra
562 4466 590 4507 tc
600 4457 746 4508 willelmus
827 4451 840 4484 ⁴
855 4450 935 4501 B.'m.
948 4450 972 4499 ³.
