3342 5217
380 431 444 492 208
683 419 820 502 sussen,
843 436 909 490 tn.
933 425 1027 502 1227,
1049 443 1113 490 sn.
1136 427 1187 492 11.

379 616 430 681 ius
444 615 474 680 J.
492 615 711 680 Battoniensis
726 614 876 700 Episcopi
891 623 926 678 et
941 613 1074 679 ecclesie
1088 636 1146 678 sue
1161 611 1333 678 Wellensis
1347 619 1382 675 et
1396 610 1487 675 illam

380 720 412 785 ei
425 719 613 806 recognocit
627 718 866 804 inperpetuum.

323 878 330 893 .
446 822 658 910 ¹Dyemendc
687 845 749 908 que
779 821 844 885 fuit
872 843 954 885 uxor
979 819 1111 884 Ricardi
1134 819 1239 883 Lucet
1255 817 1348 904 'petit
1373 839 1487 881 uersus

282 939 308 969 ⁰¹¹
380 927 580 992 Herbertum
612 924 774 992 Clericum
804 923 1016 988 medietatem
1046 945 1089 987 cc
1118 943 1265 986 acrarum
1294 928 1380 984 terre
1411 941 1487 984 cum

378 1040 458 1119 pert.
486 1032 520 1095 in
543 1031 789 1117 Dungemereys
811 1037 851 1094 ut
874 1028 984 1093 dotem
1010 1050 1112 1104 susm,
1133 1025 1221 1091 unde
1244 1024 1409 1110 predictus
1430 1022 1489 1087 Ri-

379 1136 493 1202 ccrdus
508 1143 567 1200 etc.

444 1238 489 1303 Et
518 1237 699 1301 Herbertus
728 1234 822 1300 uenit
851 1243 886 1300 et
914 1233 995 1298 dicit
1024 1232 1111 1320 quod
1136 1255 1201 1297 non
1230 1238 1339 1318 potest
1367 1238 1488 1294 terram

380 1341 504 1417 lucrari,
519 1339 573 1404 uel
594 1339 736 1426 perdere,
752 1339 829 1425 quic
849 1360 914 1402 non
937 1345 1029 1402 tenet
1050 1336 1141 1401 illam
1162 1335 1225 1400 nisi
1247 1335 1289 1400 cd
1310 1333 1489 1399 terminum

380 1443 420 1508 de
439 1442 569 1508 Abbcte
591 1440 631 1505 de
654 1441 754 1517 Bello,
776 1449 810 1505 et
833 1440 917 1504 bene
941 1440 1105 1526 cognoscit
1135 1439 1221 1525 quod
1249 1437 1408 1502 Ricardus
1435 1438 1490 1501 uir

381 1567 458 1610 suus
473 1543 554 1608 obiit
569 1543 698 1608 scisitus
713 1551 747 1607 ct
762 1565 868 1628 nuper
884 1542 976 1618 obiit,
989 1550 1025 1606 et
1046 1541 1216 1606 iusticiarii
1235 1540 1490 1605 concordantur‘

381 1649 467 1735 quod
487 1647 573 1712 idem
593 1647 751 1712 Ricardus
773 1669 887 1732 purum
910 1655 987 1711 ente
1010 1653 1147 1710 mortem
1169 1667 1262 1709 suum
1283 1645 1491 1730 recupemmt

381 1749 614 1816 terramillam
638 1771 751 1814 uersus
772 1748 913 1812 eundem
938 1749 1113 1825 Abbctem,
1138 1756 1174 1812 et
1198 1748 1271 1812 ideo
1296 1756 1489 1834 preceptum

383 1863 433 1920 est
448 1853 630 1919 uicecomiti
645 1852 731 1939 quod
746 1853 865 1918 hebere
880 1853 978 1918 faciet
998 1853 1105 1918 eidem
1125 1852 1317 1939 Dyamunde
1336 1851 1490 1916 seisinam

382 1979 474 2021 suem
496 1956 537 2021 de
559 1954 756 2020 medietate⁸
778 1955 882 2020 tocius
911 1963 996 2020 terre
1026 1955 1113 2020 unde
1143 1955 1301 2020 Ricardus
1328 1955 1383 2018 uir
1410 1976 1491 2018 suus

383 2059 465 2124 obiit
484 2059 613 2124 seisitus
632 2067 671 2122 ut
691 2059 732 2123 do
754 2057 856 2136 feodo,
879 2066 914 2122 et
937 2058 1023 2143 quod
1046 2059 1159 2123 Abbas
1181 2067 1426 2123 summoneatur
1448 2058 1490 2122 ad

382 2163 640 2250 respondendum
656 2185 719 2248 quo
734 2170 877 2227 ucrsnto
892 2161 1046 2228 deforcist
1061 2162 1235 2228 heredibus
1254 2162 1343 2228 illius
1357 2162 1491 2228 Ricardi

383 2274 502 2332 terram
520 2267 609 2331 illum
625 2289 722 2352 quem
742 2265 830 2330 idem
848 2265 1006 2330 Ricardus
1026 2288 1131 2352 nuper
1150 2266 1354 2351 recuperauit
1376 2289 1491 2332 uersus

384 2369 523 2435 eundem
547 2369 712 2433 Abbetem
733 2367 769 2432 in
791 2367 881 2432 curie
901 2367 1026 2433 domini
1051 2367 1151 2454 Regis
1175 2391 1282 2433 coram
1304 2368 1492 2437 iusticia-iis

381 2482 466 2560 aput
479 2473 812 2538 westmonasterium.

448 2575 580 2640 *Abbas
599 2575 629 2640 S.
646 2575 748 2638 Marie
769 2573 810 2638 de
832 2574 975 2638 Eborsco
996 2575 1197 2639 attachietus
1212 2575 1275 2640 fuit
1296 2575 1338 2640 sd
1359 2598 1493 2661 respon-

324 2712 330 2724 ·
383 2677 526 2744 dendum
549 2677 707 2742 Nicholco
730 2676 771 2742 de
795 2677 995 2743 Estuteuilla
1016 2701 1115 2764 quare
1137 2702 1202 2744 non
1224 2687 1316 2745 tenet
1337 2680 1370 2744 ei
1391 2680 1491 2745 finem

384 2785 506 2848 factum
529 2782 563 2846 in
585 2783 674 2847 curie
696 2783 788 2848 Dom.
811 2783 844 2848 J.
862 2782 962 2869 Regis
984 2805 1090 2848 coram
1112 2783 1298 2848 iusticiariis
1319 2784 1387 2848 suis
1408 2792 1492 2870 aput

384 2884 593 2973 Wyntoniem
614 2885 700 2950 inter
722 2884 830 2970 ipsum
852 2885 1017 2950 Abbatem
1039 2893 1207 2972 petentem
1230 2896 1265 2951 et
1295 2887 1492 2953 Nicholeum

383 2991 425 3055 dc
450 2989 649 3056 Estoteuille
677 2999 804 3075 patrem
831 2989 970 3075 predicti
999 2991 1150 3056 Nicholsi
1180 2992 1272 3057 cuius
1300 2991 1393 3056 heres
1422 2993 1492 3078 ipse

384 3103 435 3160 est
458 3103 626 3160 tenentem
651 3094 887 3160 decommum
915 3095 1003 3160 bosci
1031 3103 1067 3160 et
1096 3103 1228 3182 pasture
1256 3096 1298 3162 de
1327 3098 1493 3176 Hemone,

385 3199 585 3286 Spauntona‚
601 3207 635 3262 et
655 3197 834 3262 Ferendele
855 3197 942 3263 unde
962 3198 1197 3285 cyrographum
1219 3209 1278 3266 etc
1294 3200 1382 3266 unde
1403 3201 1493 3269 idem

385 3303 563 3368 Nicholeus
593 3301 742 3388 queritur
769 3302 857 3387 quod
885 3301 1012 3367 desicut
1041 3303 1130 3370 idem
1158 3305 1271 3371 Abbas
1299 3330 1365 3371 non
1393 3307 1494 3373 debet

384 3408 503 3472 habere
524 3406 586 3470 nisi
606 3427 811 3470 communem
833 3405 881 3470 ibi
902 3405 943 3471 de
963 3407 1080 3472 boscho
1102 3407 1144 3473 cd
1165 3408 1345 3475 ardendum
1367 3420 1402 3476 et
1424 3412 1492 3476 edi-

385 3509 547 3575 ficandum
577 3518 612 3574 εὴ
641 3531 846 3574 communem
875 3509 1071 3574 animalibus
1100 3512 1167 3578 suis
1195 3521 1230 3578 et
1264 3514 1375 3600 porcis,
1403 3515 1492 3583 idem

385 3615 497 3679 Abbas
511 3613 627 3680 uendit
641 3622 676 3678 et
690 3613 830 3678 destruit
845 3613 977 3678 boscum
997 3615 1046 3679 ita
1060 3615 1147 3702 quod
1161 3615 1374 3683 deterioratos
1392 3629 1443 3684 est
1457 3630 1494 3686 et

385 3718 634 3804 dampnificatus
648 3717 689 3782 ed
704 3717 885 3782 uelcncium
900 3719 941 3783 xl.
958 3718 1027 3784 libr.
1073 3719 1117 3783 Et
1132 3720 1243 3785 Abbes
1258 3721 1351 3786 uenit
1362 3730 1397 3786 et
1407 3723 1493 3788 bene

386 3821 549 3910 cognoscit
563 3821 660 3886 finem
681 3820 783 3898 illum,
800 3830 850 3886 set
870 3844 934 3886 non
954 3822 1053 3888 debet
1071 3823 1114 3888 cd
1128 3825 1228 3889 finem
1247 3826 1341 3890 illum
1361 3849 1494 3913 respon·

387 3925 463 3991 dere
485 3925 562 4011 quio
585 3924 763 3991 Nicholous
786 3933 881 4010 poter
902 3925 1005 4011 ipsius
1033 3927 1186 3994 Nicbolai
1208 3928 1266 4014 qui
1293 3929 1393 3994 finem
1415 3931 1494 3996 fecit

387 4031 527 4096 eundem
556 4031 654 4096 finem
685 4038 797 4115 postea
821 4029 950 4107 defecit,
976 4031 1054 4117 quic
1077 4032 1147 4118 ipse
1172 4033 1306 4098 accessit
1328 4033 1371 4098 cd
1397 4035 1493 4101 Dom.

388 4136 512 4222 Regem
536 4143 571 4199 εὴ
592 4141 723 4198 tuntum
745 4133 823 4198 fecit
848 4157 923 4200 cum
952 4135 1046 4203 Dom.
1077 4138 1168 4224 Rege
1197 4137 1284 4224 quod
1312 4138 1495 4224 inpetrauit

386 4239 429 4305 ab
447 4261 485 4303 eo
500 4237 586 4324 quod
600 4236 837 4323 perambulatio
857 4238 950 4304 lieret
969 4239 1057 4304 inter
1078 4248 1198 4304 tenum
1217 4241 1319 4327 ipsius
1340 4239 1495 4308 Nicholai
1614 4292 1615 4299 κ

419 4401 428 4433 ¹
445 4400 477 4450 B.
489 4415 524 4451 m.
537 4399 553 4448 6
564 4399 589 4450 d.
712 4437 715 4442 .
998 4401 1137 4452 ²Observc
1148 4401 1193 4453 the
1204 4402 1315 4454 Kentish
1325 4403 1420 4454 doner.

419 4465 430 4498 ²
446 4467 617 4524 recordantur,
630 4465 660 4515 B.
999 4468 1010 4499 ⁴
1026 4467 1057 4516 B.
1069 4482 1104 4516 m.
1116 4467 1166 4517 fid.
1453 4462 1459 4474 ’
