3342 5217
333 142 452 209 Olaner
472 141 612 207 Thomas
634 141 674 207 de
697 141 860 207 Sotsordia
879 149 913 207 et
933 142 990 207 alii
1004 142 1113 228 plures
1127 164 1202 207 cum
1217 142 1264 207 eis
1279 150 1441 206 uenerunt

331 246 373 313 ad
387 247 519 312 domum
534 246 637 333 ipsius
652 246 784 312 Radulfi
799 247 859 311 tali
874 246 927 313 die
942 246 1002 311 tali
1017 246 1096 312 hora
1110 247 1169 313 tali
1186 247 1253 313 loco
1267 255 1302 312 et
1313 246 1440 311 exulta-

331 362 451 417 uerunt
480 351 576 417 eum¹
603 360 637 416 et
663 352 830 440 fregerunt
856 362 891 417 et
919 353 954 417 in
984 353 1142 419 roboriam
1172 350 1383 419 abtulerunt¹
1409 351 1440 414 ei

330 466 461 522 tantum
490 456 555 521 scil.
583 457 665 522 tales
693 479 744 522 res
773 457 859 522 tanti
889 458 996 544 precii,
1026 466 1060 523 et
1089 458 1175 545 quod
1204 459 1264 523 hoc
1294 458 1440 523 iecemnt

329 561 481 648 nequiter
505 570 540 626 et
561 560 597 625 in
622 561 741 627 felonia
765 562 860 627 offert
886 562 1098 629 dismcionare
1124 585 1319 650 percorpus
1342 583 1439 626 suum

329 689 443 731 uersus
465 664 605 731 eundem
628 664 749 730 talem⁸
763 666 849 731 sicut
871 666 961 731 curia
982 665 1243 742 considerauerit,
1257 673 1307 730 set
1325 686 1440 729 reuera

330 794 393 836 non
416 770 479 835 fuit
502 779 581 835 tunc
603 771 637 835 in
660 770 756 835 domo
777 771 836 836 illa
854 793 914 837 nec
932 770 1018 836 uidit
1033 770 1191 835 roboriam
1206 778 1240 835 et
1255 770 1283 835 si
1297 770 1358 834 hoc
1373 792 1438 833 non

328 876 448 941 sufficit
463 875 555 941 Serio
569 874 702 961 quidam
717 874 862 939 seruiens
882 874 984 960 ipsius
1004 874 1134 939 Radulfi
1158 874 1211 939 cui
1233 873 1438 939 commiserat

328 978 461 1043 domum
483 1000 575 1042 suam
597 975 842 1043 custodiendam
865 977 1009 1062 appellat
1032 976 1172 1042 eundem
1193 976 1373 1042 Hemicum
1396 975 1437 1041 de

329 1084 442 1149 eodem
457 1092 491 1148 et
506 1081 593 1169 quod
612 1081 750 1147 abstulit
770 1081 801 1145 ei
815 1081 850 1145 in
866 1080 923 1145 illa
938 1080 1063 1145 roheria
1077 1080 1160 1147 tales
1174 1104 1225 1146 res
1240 1082 1314 1147 talis
1329 1080 1439 1167 precii,

329 1197 364 1253 ct
379 1188 435 1274 qui
450 1188 510 1253 hoc
525 1187 619 1252 offert
634 1195 695 1252 etc.

165 1298 316 1394 &mm
396 1292 439 1355 Et
454 1290 616 1355 Hem-icus
631 1290 724 1354 uenit
739 1298 774 1353 et
788 1288 935 1354 defendit
955 1289 1113 1354 roboriam
1130 1298 1164 1354 et
1180 1298 1287 1354 totum
1302 1300 1337 1352 et
1352 1286 1438 1372 petit

166 1393 218 1432 ium.

328 1395 391 1460 sibi
405 1394 534 1460 allocari
548 1395 634 1480 quod
649 1394 736 1459 idem
752 1394 913 1459 liedulfus
928 1394 1091 1481 cognoscit
1107 1392 1193 1480 quod
1208 1415 1272 1457 non
1287 1392 1439 1456 interfuit

328 1521 387 1563 nec
409 1499 470 1563 hoc
491 1498 577 1563 uidit
600 1520 660 1563 nec
685 1496 841 1563 audiuit⁴.
888 1499 932 1563 Et
955 1497 996 1562 de
1023 1496 1156 1563 Serlone
1182 1495 1262 1561 dicit
1288 1496 1440 1560 similiter

328 1600 414 1688 quod
429 1624 469 1666 ex
484 1623 548 1687 quo
563 1600 650 1667 idem
666 1601 825 1667 Radulius
846 1602 934 1688 prius
950 1612 984 1667 et
999 1601 1221 1689 principaliter
1235 1622 1310 1666 enm
1325 1602 1436 1687 appel·

328 1705 375 1770 lat
393 1706 433 1771 de
454 1706 624 1792 principali
644 1705 770 1771 roberia
793 1729 859 1771 non
884 1706 1015 1771 uidetur
1039 1706 1070 1770 ei
1093 1704 1179 1791 quod
1203 1704 1294 1771 Serlo
1317 1704 1437 1770 habere

328 1811 429 1896 possit
455 1833 568 1877 uersus
593 1834 668 1876 eum
696 1812 870 1897 appellum.
931 1812 975 1877 Et
995 1811 1116 1885 ,eodem
1146 1810 1241 1876 modo
1270 1810 1438 1897 respondit

328 1934 441 1978 uersus
455 1904 551 1979 alios⁶
565 1921 600 1980 et
615 1914 701 2001 petit
716 1914 780 1979 sibi
794 1914 924 1980 alloeari
939 1914 1025 2001 quod
1039 1914 1149 1979 nullus
1164 1935 1275 1980 eorum
1293 1936 1436 2000 unquam

328 2040 383 2082 eos
408 2017 589 2105 appellauit
614 2018 649 2081 in
675 2018 833 2083 comitatu
865 2018 918 2083 uel
948 2018 1027 2083 alibi
1057 2026 1116 2082 etc,
1163 2018 1207 2081 Et
1236 2016 1345 2083 intrat
1392 2017 1436 2081 Et

328 2143 444 2186 uerum
459 2121 534 2186 uult
548 2120 654 2187 dicere
670 2130 730 2187 etc.
806 2135 812 2145 ·

394 2225 438 2289 Et
453 2224 603 2311 quiahoc
618 2226 780 2311 cognoscit
795 2235 829 2290 et
845 2248 908 2291 non
925 2225 1069 2311 loquitur
1083 2225 1124 2291 de
1145 2224 1218 2291 nisu
1241 2225 1295 2290 uel
1317 2224 1433 2291 auditu

328 2338 362 2394 et
391 2338 540 2415 preterea
568 2328 678 2393 nullus
706 2329 945 2416 appellancium
973 2351 1115 2415 unquam
1142 2329 1243 2394 Henr'
1267 2352 1433 2415 nunquam

328 2432 418 2519 prius
439 2432 706 2519 appellauerunt⁷
722 2432 971 2499 consideratum
987 2443 1036 2499 est
1057 2433 1144 2518 quod
1166 2432 1247 2499 illud
1259 2432 1434 2520 'appellum

328 2535 456 2601 nullum
470 2545 506 2601 et
521 2535 593 2601 ideo
609 2535 687 2602 ete.⁸

272 2706 278 2721 ,
392 2638 575 2705 ⁹Rohertus
604 2638 644 2704 de
671 2639 752 2706 (hec
777 2641 994 2706 summonitus
1018 2640 1082 2705 fuit
1108 2640 1149 2705 sd
1174 2640 1433 2728 respondendum

233 2769 246 2796 ο
266 2785 271 2796 ·
329 2744 555 2808 Bartholomeo
570 2744 610 2809 de
626 2744 707 2811 (hec
722 2745 763 2810 de
778 2746 897 2832 placito
913 2746 999 2832 quod
1018 2747 1189 2832 permittat
1209 2769 1284 2812 eum
1305 2769 1435 2834 presen-

328 2857 397 2913 tare
423 2848 582 2933 ydoneam
607 2872 776 2936 personam
802 2851 844 2917 ad
871 2852 1037 2917 ecclesiam
1061 2852 1101 2918 de
1129 2852 1312 2940 Elmigham
1322 2852 1344 2885 ¹⁰
1370 2876 1434 2940 que

328 2961 423 3019 uacat
448 2963 483 3019 et
508 2953 550 3019 ad
574 2976 666 3019 suam
691 2965 818 3041 spectat
844 2957 1052 3023 donacionem
1079 2966 1148 3035 etc,
1172 2968 1206 3024 et
1233 2958 1319 3024 unde
1345 2959 1432 3025 idem

327 3056 573 3123 Bartholomeus
596 3059 739 3124 ostendit
762 3060 850 3145 quod
872 3060 971 3127 debet
995 3071 1180 3147 presentare
1202 3062 1243 3129 ad
1266 3064 1432 3131 ecclesiam

359 3278 456 3329 ¹Gorr.
486 3288 510 3326 er
536 3280 631 3327 donnum
653 3295 724 3328 arram
746 3283 853 3329 asculta-
939 3282 1029 3331 fi‘l'his
1041 3284 1129 3333 marks
1137 3299 1171 3333 an
1181 3285 1313 3334 omission.
1343 3285 1433 3349 Henry

327 3345 467 3400 aemath
482 3344 511 3391 B.
906 3348 1027 3410 proceeds
1048 3354 1075 3398 to
1095 3352 1163 3398 state
1182 3349 1239 3399 that
1262 3350 1346 3413 Ralph
1371 3352 1431 3400 took

358 3408 369 3438 ¹
386 3410 457 3457 Gorr.
480 3412 509 3457 in
529 3412 626 3458 roboria
645 3413 669 3459 ei
686 3412 852 3469 abstulerant,
906 3426 978 3474 away
990 3413 1103 3475 Heniy's
1114 3414 1179 3472 wite,
1196 3415 1254 3464 that
1268 3415 1336 3464 aiter
1351 3416 1433 3478 living

326 3474 356 3521 A.
379 3473 467 3523 Fullcr
478 3474 573 3523 details
584 3473 612 3523 in
622 3476 653 3523 A.
665 3475 695 3523 B.
906 3478 968 3526 with
980 3478 1065 3540 Ralph
1078 3478 1123 3528 she
1134 3494 1207 3529 came
1219 3479 1283 3529 back
1299 3484 1327 3529 to
1343 3481 1435 3545 Heni-y

358 3538 369 3569 ³
385 3541 488 3587 eandem
499 3541 645 3596 Henrr'cum,
658 3541 687 3589 A.
700 3540 730 3588 Β.
906 3541 1025 3604 bringing
1036 3544 1083 3593 her
1093 3544 1192 3593 clothes
1203 3544 1266 3595 with
1281 3542 1335 3602 her,
1348 3546 1433 3595 which

357 3603 368 3635 ⁴
385 3603 440 3652 The
450 3604 565 3667 appellor
575 3608 646 3653 mast
658 3605 736 3667 speak
747 3605 774 3654 oi
784 3605 854 3656 what
905 3607 928 3655 is
940 3607 984 3656 the
996 3608 1092 3671 alleged
1102 3609 1217 3672 robbery.
1239 3610 1268 3658 A.
1281 3610 1311 3658 Β.

326 3667 359 3717 he
373 3668 481 3718 himself
498 3669 546 3721 bas
562 3684 622 3719 seen
640 3684 669 3718 or
684 3670 772 3721 heard.
807 3672 849 3722 Br.
937 3671 948 3703 ⁷
967 3673 1038 3722 Gerr.
1058 3690 1168 3738 usquam
1191 3678 1271 3737 ipram
1292 3676 1434 3727 Hemican

326 3732 344 3781 i.
357 3734 413 3782 141.
905 3740 1104 3801 appellavimus
1116 3739 1147 3789 A.
1159 3739 1190 3789 Β.

359 3798 370 3830 ⁶
387 3798 470 3848 'l'here
488 3811 531 3848 are
546 3803 597 3850 two
616 3799 785 3851 subordinate
808 3816 851 3863 ap·
937 3802 948 3835 ⁸
964 3802 1434 3865 Ralphandhissellowsareamaroed

326 3862 429 3924 pallore,
443 3864 501 3913 who
516 3864 632 3914 however
648 3866 681 3915 do
696 3871 744 3915 not
761 3866 852 3928 appeal
903 3866 956 3917 and
966 3868 1041 3918 make
1053 3870 1103 3918 fine
1114 3868 1177 3919 with
1186 3870 1337 3923 fivemarks.
1351 3872 1384 3921 A.
1394 3872 1423 3922 B.

326 3928 416 3989 chry
427 3928 475 3978 but
490 3930 552 3992 only
563 3930 675 3995 Henry’s
690 3931 852 3983 aocmsories.
936 3932 947 3966 ⁹
964 3933 995 3982 A.
1007 3948 1042 3983 m.
1056 3934 1125 3992 10d;
1144 3934 1175 3983 B.
1188 3948 1223 3983 m.
1236 3934 1283 3996 td.

326 3992 356 4046 Δ.
368 3992 398 4043 Β.
937 3996 958 4029 ¹⁰
975 4000 1162 4065 Helmirrqham,
1175 3999 1204 4051 A.
