3342 5217
508 479 656 540 ramur,
680 479 744 530 An.
770 467 863 540 1222,
886 480 947 529 an
972 468 1000 531 6.
1244 468 1306 529 159

202 664 346 725 warauto
357 655 397 719 de
412 654 488 720 dote
504 664 563 720 eto.
580 655 696 742 'ipsius
706 655 867 742 Margarie
878 655 986 720 uxoris
996 654 1147 720 Walteri¹
1163 664 1197 719 et
1212 677 1309 740 super

203 757 263 822 hoc
278 758 341 824 fuit
357 760 409 825 lex
425 760 571 846 predicta
590 760 730 825 uadiata
777 759 821 824 Et
842 759 906 845 ipsi
928 759 1116 824 defecerunt
1137 759 1180 823 ad
1202 759 1307 845 legem
1319 769 1467 856 gfflffi

203 845 391 942 faciendam,
420 873 455 930 et
484 864 557 931 ideo
587 863 834 932 consideratum
864 870 915 928 est
944 862 1031 948 quod
1059 862 1245 927 willelmus
1273 863 1446 958 etfflffffg

203 965 365 1053 Margaria
390 975 468 1032 eant
491 967 567 1032 inde
591 967 661 1032 siue
687 966 740 1032 dic
767 967 808 1032 de
834 965 911 1031 dote
937 965 995 1030 illa
1019 974 1055 1030 et
1080 964 1244 1030 Walterus
1273 957 1464 1042 etiaim

202 1068 365 1156 Margaria
386 1070 530 1135 habeant
552 1070 618 1134 tale
639 1090 827 1155 recuperare
846 1067 942 1154 quale
958 1066 1077 1132 habere
1090 1067 1258 1133 debebunt
1272 1073 1307 1132 et
1319 1049 1469 1190 ἓξὲξ

201 1169 268 1235 sint
283 1170 317 1234 in
332 1171 550 1237 misericordia
564 1170 642 1258 quia
656 1192 721 1234 non
736 1177 813 1234 sunt
828 1169 906 1234 etc’
1319 1194 1434 1228 mam
1443 1193 1465 1230 e

267 1273 393 1340 masia
422 1275 515 1341 uene
544 1275 749 1362 magnaura
778 1273 806 1338 si
834 1273 1019 1338 wilermus
1048 1272 1178 1336 rmssu
1207 1245 1471 1368 maffia

200 1377 306 1443 auca
326 1386 361 1443 a
382 1377 552 1443 uturum
574 1378 615 1442 aa
638 1377 876 1443 autumant
897 1385 933 1441 a
953 1374 1135 1440 auunculus
1149 1373 1306 1440 wilelmi
1318 1340 1463 1466 3:⁹30}ss

200 1479 241 1545 de
256 1480 430 1568 Kyntona⁴
443 1489 502 1547 etc
520 1481 584 1546 fuit
603 1481 733 1546 saisitus
750 1479 786 1543 in
801 1479 961 1543 dominico
976 1500 1034 1543 suo
1048 1487 1088 1543 ut
1102 1478 1143 1543 de
1157 1478 1250 1543 feodo
1263 1478 1305 1543 de
1318 1468 1470 1564 mm

195 1584 220 1668 j.
243 1585 374 1670 uirgata
397 1592 482 1650 terre
506 1607 580 1650 cum
606 1582 816 1670 pertinenciis
839 1582 875 1646 in
899 1582 1051 1646 Mertona
1075 1581 1129 1646 dio
1153 1604 1218 1669 qua
1241 1582 1305 1646 iter
1317 1561 1450 1694 {efflei}

199 1707 295 1748 suum
310 1693 370 1750 eto.
387 1685 444 1750 ubi
466 1693 525 1751 eto.
542 1707 640 1773 quam
663 1693 782 1750 terram
805 1683 896 1748 Prior
916 1683 957 1748 de
980 1683 1192 1750 Ohaucumba
1213 1691 1305 1748 tenet
1356 1717 1427 1756 wm.

199 1789 257 1875 qui
272 1789 403 1855 uocauit
417 1791 493 1856 inde
513 1790 556 1855 ad
570 1798 750 1855 warantum
772 1789 952 1854 Robertum
974 1789 1015 1854 de
1038 1789 1227 1856 Chacumba
1248 1790 1305 1876 qui
1318 1780 1464 1866 Nfflffi*

1316 1837 1441 1923 leaenam

199 1894 231 1959 ei
256 1895 479 1960 warantizauit
508 1903 543 1960 et
572 1895 704 1961 uocauit
730 1895 805 1959 inde
831 1895 874 1959 ad
899 1903 1079 1959 warantum
1102 1894 1303 1959 Willelmum
1315 1925 1457 2024 wiem-

198 2001 322 2079 Baeeet,
337 2000 394 2087 qui
417 1999 582 2086 respondit
604 2008 716 2064 contra
730 2007 911 2063 warantum
930 1998 1016 2063 siout
1030 2005 1124 2083 patet
1137 1997 1173 2062 in
1187 1997 1303 2062 ultimo
1315 2015 1468 2109 mma·

198 2105 305 2170 rotulo
327 2104 368 2169 de
389 2103 492 2168 Warr'
512 2104 552 2168 dc
575 2103 692 2168 itinere
715 2102 803 2188 apud
822 2102 935 2178 Warr’,
956 2100 1043 2166 unde
1066 2100 1303 2166 consideratum
1316 2110 1457 2200 mmm

198 2215 250 2272 est
264 2206 351 2292 quod
365 2228 430 2271 non
445 2205 633 2271 warentizet
654 2213 766 2270 contra
787 2204 921 2270 heredes
943 2204 1080 2290 predicti
1094 2204 1251 2269 Willelmi
1265 2227 1303 2270 eo
1316 2200 1466 2293 ffffllsslg

199 2311 288 2397 quod
310 2311 497 2376 continetur
522 2311 557 2374 in
583 2318 673 2375 carta
695 2309 822 2374 Amioie
848 2309 962 2373 matris
987 2308 1125 2395 predicti
1146 2293 1463 2380 willelmil'tffltl‘

199 2415 315 2479 Bauect
330 2414 416 2500 quod
430 2414 515 2500 ipee⁶
529 2421 649 2478 terram
664 2413 754 2478 illam
766 2411 900 2477 dederat
912 2412 1046 2498 Hugoni
1055 2411 1141 2497 patri
1152 2409 1303 2497 predicti'
1315 2387 1459 2472 lffi'ffl*

1335 2491 1372 2518 um
1380 2481 1441 2519 tutuo

197 2518 328 2583 anano*
343 2518 433 2583 auo
448 2519 518 2583 iure
533 2517 690 2584 hereum
710 2517 849 2603 preerat
863 2516 1021 2583 wurumi
1037 2516 1166 2581 wasser
1180 2524 1215 2581 a
1230 2516 1303 2581 ua
1315 2479 1439 2618 iffi

197 2622 347 2708 capiatur
360 2622 460 2687 assisa
473 2645 587 2688 uersus
602 2621 786 2708 predictum
801 2622 989 2686 Robertum.
1327 2631 1410 2668 W

262 2725 431 2791 Juratorea
453 2726 568 2792 dicunt
590 2727 677 2814 quod
699 2726 864 2812 predictus
881 2726 1065 2792 Willelmue
1088 2726 1216 2790 Trussel
1238 2725 1302 2790 iter
1314 2713 1441 2799 fflff

195 2829 335 2914 arripuit
364 2851 476 2893 uersus
506 2838 626 2893 terram
655 2837 801 2893 sanctam
831 2836 905 2914 post
933 2828 1172 2893 coronacionem
1201 2828 1302 2914 Regis
1314 2806 1465 2909 gffiff'

196 2921 330 2996 Ricardi
351 2939 386 2996 et
408 2940 487 2996 tuno
509 2931 618 2996 tenuit
640 2939 759 2996 terram
780 2931 871 2994 illam
886 2931 921 2994 in
936 2930 1028 2995 feodo
1043 2931 1126 2995 etin
1141 2930 1301 2995 dominico
1313 2917 1443 3011 33⁹2?ssoe

197 3041 234 3098 ct
258 3042 380 3098 terram
405 3034 495 3098 illam
521 3033 658 3098 tradidit
682 3033 807 3098 duobus
832 3031 1017 3098 hominibus
1040 3033 1083 3097 ad
1106 3033 1232 3097 firmam
1258 3033 1300 3097 ad
1313 3010 1433 3096 mam

198 3138 377 3202 terminum
399 3139 500 3203 trium
522 3159 680 3202 annorum
701 3146 735 3202 et
755 3136 923 3202 licenciam
937 3137 1026 3223 cepit
1039 3137 1096 3201 de‘
1110 3136 1221 3200 amicis
1235 3135 1303 3201 auia

196 3249 233 3306 et
247 3240 312 3304 iter
326 3237 478 3327 arripuit⁹
497 3249 556 3305 etc
603 3241 647 3306 Et
661 3249 775 3326 postea
796 3261 874 3306 uero
895 3262 952 3306 sex
976 3239 1163 3304 ebdomadis
1186 3238 1303 3324 elapsis

231 3443 270 3476 Η
287 3443 631 3509 interlinedbyannotator3
641 3445 726 3496 notin
775 3446 807 3496 ed
825 3447 853 3498 0.
872 3447 904 3496 B.
919 3446 951 3496 R.
966 3446 1014 3496 No.
1036 3446 1079 3504 10,
1090 3444 1138 3495 but
1151 3444 1302 3507 catalogned

222 3545 229 3560 .
775 3527 805 3561 aa
820 3513 869 3561 No.
888 3513 927 3560 14.
945 3510 1000 3561 The
1013 3526 1072 3561 caea
1086 3509 1109 3559 ia
1125 3525 1161 3559 on
1175 3511 1269 3560 memb.
1286 3511 1302 3559 3

230 3575 242 3606 ¹
257 3583 376 3625 marum
384 3577 509 3638 prosecuti
519 3581 575 3634 etc..
586 3576 616 3625 Β.
777 3577 858 3642 dore.)
882 3575 1062 3640 Immediately
1083 3576 1150 3625 after
1168 3573 1222 3625 thia
1238 3574 1300 3624 cita-
1357 3597 1362 3608 ·

230 3639 288 3690 ²13.
302 3655 337 3688 m.
350 3643 374 3690 5.
777 3642 843 3700 tion,
863 3643 978 3691 Braoton
996 3641 1111 3691 remarks
1131 3640 1190 3690 that
1212 3639 1242 3688 in
1262 3655 1300 3689 re

229 3704 317 3754 *And
342 3705 371 3754 oi
393 3705 489 3756 several
515 3705 590 3755 other
617 3720 726 3769 persona
776 3707 877 3769 ceiving
894 3707 1004 3768 homage
1026 3721 1075 3756 one
1096 3719 1156 3768 may
1172 3705 1302 3768 expraaaly

195 3769 373 3819 namedinB.
775 3770 881 3821 exclude
890 3776 1029 3834 warranty,
1045 3769 1098 3820 and
1114 3770 1174 3820 that
1185 3769 1300 3819 Williarn

228 3834 404 3884 ⁶Thisisan
417 3834 561 3898 important
572 3839 641 3884 note.
670 3835 726 3885 The
775 3836 876 3886 Brewar
901 3837 946 3886 did
973 3835 1028 3886 thia
1052 3834 1081 3884 in
1102 3849 1165 3885 man
1204 3835 1233 3885 oi
1257 3834 1300 3884 hia

194 3899 508 3962 maehaanothinginit
519 3901 598 3950 about
609 3899 725 3950 William
775 3901 898 3951 chartera.
932 3900 996 3950 Thia
1012 3901 1026 3950 1
1042 3903 1150 3950 cannot
1164 3851 1212 3950 lut
1222 3898 1300 3948 think

197 3965 306 4022 Brewcr,
324 3979 340 4014 a
356 3963 434 4028 judge
451 3965 504 4015 and
525 3968 668 4015 naaman
686 3966 724 4016 fa·
774 3981 791 4015 a
807 3970 877 4017 moat
893 3965 1005 4028 striking
1019 3965 1192 4015 coincidence.
1216 3965 1252 4014 Aa
1272 3969 1299 4014 to

195 4043 273 4078 moue
290 4028 318 4078 in
335 4029 377 4078 hia
393 4029 451 4093 day.
486 4031 549 4079 Now
565 4030 686 4088 Bracton,
704 4032 723 4080 f.
774 4031 875 4080 Brewer
895 4046 936 4080 aec
961 4031 1039 4088 Foaa3
1066 4032 1100 4080 he
1120 4030 1180 4079 died
1201 4045 1218 4080 a
1239 4045 1300 4094 very

196 4095 247 4144 390
257 4095 282 4152 b,
293 4094 357 4144 citae
368 4095 422 4143 thia
433 4109 490 4144 case
502 4099 529 4144 to
540 4095 669 4144 illustrate
680 4095 724 4145 the
774 4097 818 4146 old
828 4111 891 4146 man
902 4095 931 4144 in
941 4097 1012 4146 1226.

195 4159 314 4208 doctrine
331 4159 389 4209 that
406 4175 455 4210 ono
471 4173 521 4210 can
537 4161 666 4223 expraady
682 4175 723 4210 ex·
806 4161 817 4192 ⁶
834 4161 877 4210 Sic
888 4161 917 4210 Β.

195 4229 254 4286 cept
264 4224 363 4273 certain
372 4240 479 4287 persons
487 4226 554 4274 irom
563 4229 723 4288 awarranty.
806 4225 841 4275 ⁷?
853 4227 954 4275 Roberti
966 4227 996 4275 dc
1009 4226 1178 4276 Ohcaoumta

195 4289 248 4352 (He
265 4289 720 4353 citeatheoaaelromtheeyrorolt
805 4291 866 4339 ⁸at
880 4295 929 4340 not
945 4293 983 4348 de,
995 4291 1026 4339 B.
1059 4290 1101 4340 He
1116 4290 1179 4345 took
1189 4289 1258 4340 leave
1273 4291 1303 4339 oi

195 4355 232 4402 Aa
246 4353 298 4403 will
316 4355 346 4404 ba
361 4369 421 4404 seen
436 4354 480 4405 the
494 4355 571 4417 point
586 4355 666 4405 about
679 4355 724 4404 tha
774 4355 816 4404 hia
827 4355 934 4405 friends.

195 4424 328 4482 warranty
346 4435 399 4469 was
420 4420 524 4469 dacided
541 4423 570 4470 at
589 4420 722 4469 Warwiok.
807 4421 1245 4484 lummpereqriucciommmcm,
1257 4420 1287 4468 B.

195 4483 722 4548 Theeyrcrolliapreaervedandiatioket-

195 3511 219 3559 B
