3342 5217
418 412 484 481 690
647 420 881 493 nemum,
903 426 976 483 ul..
992 416 1090 497 1224,
1108 429 1172 481 sm
1194 418 1290 483 8-9.

417 610 531 689 postca
550 602 681 688 quando
693 602 880 669 Willelmus
901 602 1019 681 habuit
1040 610 1165 669 etatem
1185 611 1220 669 ct
1240 602 1358 671 habuit
1373 604 1520 671 ecisimm

417 703 461 773 <le
482 715 572 772 terra
589 729 651 773 sne
669 707 829 773 concessit
850 706 920 792 ipse
942 706 1049 773 eidem
1072 707 1211 795 Hugoni
1235 716 1355 775 terram
1377 708 1468 777 illam
1490 717 1522 773 et

415 809 491 895 plus
504 809 537 874 ei
549 809 698 896 promisit
711 817 747 875 ct
760 808 804 875 de
816 810 931 877 eedem
946 816 1034 875 terre
1050 809 1154 895 capit¹
1169 810 1357 897 homagium
1377 834 1475 881 suum
1488 818 1520 879 ct

416 914 479 979 hoc
498 915 594 979 offert
614 914 925 1000 dinacionarc’per
943 936 1058 1000 corpus
1080 913 1249 983 cuiusdam
1271 914 1365 981 liberi
1385 914 1522 982 hominis

416 1016 469 1081 sui
497 1017 634 1082 Robcrti
661 1017 781 1083 Rusecl
807 1016 865 1104 qui
889 1016 950 1081 hoc
972 1016 1068 1081 offert
1092 1015 1307 1089 dinacionare
1329 1038 1388 1103 per
1410 1039 1523 1103 corpus

319 1172 325 1177 .
417 1122 514 1187 suum
528 1123 614 1189 sicut
626 1122 683 1188 ille
693 1122 762 1209 qui
777 1120 930 1189 interfuit
949 1120 1007 1187 ubi
1021 1120 1207 1187 Willelmus
1228 1121 1317 1207 cepit
1338 1121 1521 1208 homagium

417 1222 564 1289 ciusdem
596 1223 749 1311 Hugonis
778 1222 872 1309 'apud
890 1222 1173 1295 [Kinebautonam
1206 1221 1243 1292 in
1275 1223 1366 1297 curia
1396 1224 1435 1291 G.
1463 1223 1521 1289 filii

418 1326 544 1416 Petril
590 1335 593 1342 ⁴

483 1432 529 1497 Et
542 1430 696 1499 Werinus
709 1430 797 1516 petit
815 1428 879 1498 sibi
898 1428 1029 1497 allocari
1050 1428 1137 1515 quod
1158 1428 1246 1495 idem
1268 1429 1432 1497 Rcbertus
1453 1450 1520 1516 cog·

418 1535 526 1603 noscit
535 1535 720 1621 ingressum
731 1532 916 1619 predictum
931 1540 967 1599 et
980 1534 1066 1607 bene
1084 1532 1232 1601 defendit
1251 1534 1338 1621 quod
1356 1552 1518 1621 nunquam

418 1639 611 1706 willelmus.
623 1638 711 1724 cepit
731 1638 921 1725 homagium
943 1638 1088 1705 eiusdem
1111 1638 1264 1725 Hugcnis
1285 1660 1345 1705 nec
1364 1638 1455 1705 aliud
1472 1636 1520 1703 ius

417 1741 472 1807 uel
487 1741 667 1828 ingressum
681 1740 814 1805 habuit⁸
833 1761 893 1827 per
912 1739 1097 1826 predictum
1120 1739 1283 1807 Comitem
1303 1740 1384 1807 dum
1398 1740 1518 1805 Willel-

417 1853 492 1911 mus
517 1844 582 1910 luit
605 1844 691 1911 inire
715 1852 839 1911 etatem
865 1844 960 1914 etin
989 1844 1137 1911 custodia
1165 1852 1202 1911 et
1229 1844 1317 1931 quod
1344 1866 1410 1910 non
1439 1842 1518 1929 cepit

417 1944 605 2032 homagium
630 1966 726 2013 suum
749 1966 809 2009 nec
830 1943 921 2009 aliud
945 1943 997 2009 ius
1022 1944 1122 2010 habet
1147 1945 1244 2011 offert
1268 1944 1442 2011 defendere
1466 1964 1518 2029 per

416 2068 531 2135 corpus
553 2048 720 2116 cuiusdam
743 2046 838 2114 liberi
860 2046 1000 2113 hominis
1023 2045 1076 2111 sui
1098 2046 1248 2113 Geufiidi
1264 2046 1328 2133 qui
1348 2047 1409 2113 hoo
1430 2045 1517 2111 offert

417 2158 477 2217 etc
492 2159 527 2217 et
546 2152 641 2217 offert
662 2150 755 2217 Dom.
771 2148 857 2236 Regi
871 2172 901 2213 v.
915 2170 1040 2215 marces
1060 2170 1118 2235 pro
1139 2148 1290 2215 habenda
1311 2148 1388 2215 inde
1410 2148 1515 2215 iurata

416 2254 462 2321 Et
483 2254 646 2321 Robertus
665 2254 760 2321 uenit
780 2262 895 2340 postca
914 2262 950 2319 ct
969 2254 1064 2339 ponit
1080 2276 1115 2319 se
1129 2274 1228 2341 super
1240 2254 1383 2321 iuratam
1397 2254 1437 2319 de
1451 2252 1515 2317 iuro

415 2358 505 2426 etde
519 2358 674 2446 ingressu.
719 2358 764 2425 Et
777 2358 851 2423 ideo
870 2358 930 2423 liat
943 2358 1020 2425 inde
1035 2358 1143 2425 iurata
1156 2367 1194 2425 et
1206 2358 1320 2425 ueniat
1333 2359 1369 2423 in
1384 2357 1514 2424 crastino

416 2461 451 2528 S.
471 2462 607 2527 Martini
626 2461 669 2527 cd
687 2461 979 2549 recognoscendum
1001 2462 1033 2529 si
1051 2462 1217 2548 predictus
1238 2462 1340 2549 Hugo
1361 2461 1450 2529 aliud
1469 2461 1514 2523 ius

414 2566 469 2631 uel
490 2566 591 2631 ulium
613 2566 794 2653 ingressum
816 2566 934 2633 hebuit
953 2567 989 2631 in
1010 2575 1130 2633 terram
1144 2568 1236 2633 illam
1251 2567 1315 2633 nisi
1329 2590 1388 2653 per
1401 2565 1513 2654 predio

414 2676 488 2735 tum
510 2669 713 2736 Willelmum
734 2670 899 2737 Comitem
919 2670 1068 2739 Arundel
1089 2672 1258 2739 custodem
1280 2672 1438 2739 Willelmi
1458 2678 1512 2735 etc.

415 2772 494 2840 dum
508 2773 595 2839 idem
605 2773 790 2841 Willelmus
800 2774 865 2841 leit
879 2774 964 2841 inire
977 2782 1102 2841 etatem
1116 2782 1151 2841 et
1166 2775 1201 2843 in
1215 2774 1364 2841 custodia
1378 2774 1509 2841 eiusdem

416 2876 554 2946 comitis
569 2885 629 2943 etc.

480 2979 585 3045 ⁴Prior
618 2980 659 3047 de
696 2980 844 3059 Bomine,
873 2982 1050 3047 Geruasius
1085 2981 1214 3069 Blcyn⁵,
1244 2981 1409 3062 Robertus
1435 2978 1510 3045 filius

414 3084 573 3151 Willelmi
595 3092 633 3153 et
655 3085 822 3150 Johanncs
845 3084 932 3151 filius
955 3084 1087 3151 Ricardi
1110 3085 1168 3173 qui
1191 3084 1365 3151 constituti
1388 3086 1509 3151 fuerunt

413 3187 584 3257 iusticiarii
596 3190 639 3255 ad
652 3189 785 3258 assisam
798 3211 884 3258 noue
898 3188 1070 3261 disscisine¹
1084 3190 1275 3276 capiendam
1295 3190 1384 3257 inter
1396 3186 1508 3255 Willcl·

414 3314 506 3357 mum
533 3292 576 3359 de
601 3292 667 3357 Ros
692 3300 728 3357 et
755 3292 788 3359 S.
809 3292 973 3379 quondam
1001 3292 1232 3359 Exoniensem⁸
1254 3292 1448 3379 Episcopum
1473 3286 1507 3351 de

414 3401 602 3461 tenemento
622 3394 659 3461 in
680 3395 804 3480 hegu-
822 3394 1015 3461 summoniti
1035 3395 1170 3461 fuerunt
1194 3394 1237 3461 ad
1262 3394 1443 3461 laciendum
1465 3410 1505 3455 re-

413 3496 546 3564 cordum
560 3496 691 3564 illudet
704 3497 767 3583 ipsi
782 3497 874 3563 Prior
892 3506 927 3563 et
947 3497 1124 3565 Geruasius
1143 3505 1179 3563 et
1198 3498 1362 3567 Robertus
1383 3495 1506 3563 ueniunt

414 3610 450 3668 ct
468 3601 677 3669 recordantur
698 3601 785 3688 quod
804 3600 893 3669 idem
908 3602 1093 3667 Willelmus
1107 3600 1149 3669 de
1163 3602 1229 3670 Ros
1244 3600 1338 3669 tulit*
1354 3622 1455 3669 coram
1467 3596 1506 3661 cis
1609 3660 1610 3684 p

410 3728 472 3792 per
489 3713 679 3792 preceptum
698 3706 791 3773 Dom.
808 3705 909 3794 Regis
923 3728 1022 3793 super
1036 3706 1069 3773 S.
1084 3706 1301 3773 Exonicnsem
1316 3706 1504 3793 Episcopum,
1608 3712 1609 3717 ’

414 3807 607 3875 Gaulridum
628 3806 670 3874 de
690 3808 724 3874 lc
744 3808 903 3895 Pomeray
924 3818 959 3875 et
980 3809 1090 3895 plures
1111 3809 1192 3875 alios
1212 3808 1255 3875 de
1276 3802 1503 3877 tenementoin

413 3912 616 3998 Treueligcn,
641 3919 677 3979 et
704 3912 768 3999 ipsi
796 3913 839 3981 ad
867 3912 955 3981 diem
981 3914 1077 3979 illum
1100 3934 1208 3979 coram
1233 3912 1281 3979 eis
1305 3912 1502 3981 constitutum

413 4014 617 4100 presentibus
653 4016 798 4102 predicto
834 4016 991 4083 Gaulrido
1028 4026 1063 4083 et
1100 4016 1250 4083 omnibus
1283 4016 1357 4083 eliis
1385 4016 1502 4097 excepto
1604 4060 1605 4070 η

414 4116 571 4203 Episcopo
592 4127 748 4204 ceperunt
773 4118 906 4185 assisam
930 4119 1019 4184 illam
1046 4126 1081 4184 et
1106 4117 1293 4183 adiudicata
1315 4118 1380 4185 luit
1401 4112 1501 4181 essina
1602 4132 1604 4224 s

446 4261 722 4389 :gogoeseptstffle
743 4330 772 4381 in
794 4345 812 4381 ιι
832 4330 891 4383 urit
913 4331 942 4381 ol
1023 4264 1384 4393 :glomigtffitmk

414 4392 727 4521 enfyslpii'yffl'je
929 4411 932 4418 ¹
1022 4392 1431 4523 :Qssiniiiffiyia
