3342 5217
181 142 369 228 calumpnia
404 139 507 228 ipsius
542 141 679 208 Roberti
714 150 750 208 et
783 142 940 209 heredum
969 166 1111 221 suorum,
1143 151 1177 210 et
1206 143 1294 211 idem

183 245 347 311 Robertus
372 243 445 309 war’
470 252 594 311 cartam
622 268 714 311 suam
745 268 852 312 coram
875 246 1062 312 iusticiariis
1083 246 1149 311 illis
1169 246 1293 314 eisdem
1346 246 1354 255 '

183 349 348 414 monachis
369 371 443 414 cum
466 349 617 415 omnibus
633 358 715 436 pert.
729 350 799 415 suis
820 358 881 416 etc
926 350 1053 416 Profert
1074 350 1177 415 eciam
1192 351 1292 437 quod·

182 449 259 516 dam
279 450 515 537 cyrographum
530 452 652 517 facturn
672 451 708 517 in
729 452 819 517 curia
833 452 927 517 Dom.
944 453 986 518 H.
1004 452 1113 539 Regis,
1128 452 1186 539 qui
1206 476 1294 519 nunc

182 559 241 630 eat,
255 552 343 617 inter
356 551 534 617 Ricardum
548 553 589 618 de
605 554 701 619 Estre
714 562 884 640 petentem
907 562 942 619 et
957 554 1133 641 Hugonem
1148 554 1292 621 Priorem

182 656 223 721 de
249 656 503 722 Bermundeseia
527 656 758 722 deforciantem
783 656 826 722 de
856 657 1070 723 aduocacione
1099 658 1222 744 capelle
1251 658 1293 724 de

182 759 366 839 Bihehulle‚
380 781 443 845 que
457 760 625 846 pertinens
646 767 697 826 est
718 768 759 825 ut
773 759 855 825 dicit
868 760 911 826 ad
926 761 1048 826 dictam
1066 762 1242 840 eeclesiam,
1257 770 1293 829 et

182 864 270 951 quod
290 871 431 928 testatur
450 862 537 950 quod
560 864 648 929 idem
672 862 831 929 Ricardus
850 864 977 930 remisit
998 872 1032 930 et
1055 865 1205 952 quietum
1227 867 1291 932 cla-

181 968 287 1033 mauit
302 966 343 1033 de
357 989 392 1032 se
407 974 441 1032 et
455 966 629 1032 heredibus
644 967 711 1033 suis
725 967 789 1054 ipsi
804 967 907 1033 Priori
921 975 956 1033 et
970 968 1206 1035 successoribus
1226 969 1293 1035 suis

181 1070 412 1156 inperpetuum
434 1076 542 1134 totum
566 1068 618 1133 ius
640 1078 675 1135 et
697 1071 851 1136 clamium
879 1071 966 1157 quod
991 1071 1108 1137 habuit
1132 1072 1168 1136 in
1193 1072 1292 1138 aduo-

181 1174 310 1239 cacione
338 1173 484 1260 predicte
512 1173 635 1258 capelle
665 1181 735 1250 etc,
764 1182 799 1239 et
828 1174 908 1239 dicit
937 1173 1024 1260 quod
1052 1174 1220 1240 «Iohannes
1249 1174 1291 1241 de

182 1278 303 1342 Briwes
331 1284 425 1363 pater
450 1275 552 1361 ipsius
577 1275 714 1342 Roberti
737 1276 795 1363 qui
821 1298 953 1362 presens
979 1278 1043 1342 fuit
1066 1277 1195 1364 quando
1219 1278 1294 1343 finis

182 1382 287 1447 factus
308 1380 371 1446 init
392 1389 428 1445 ct
451 1381 554 1446 eciam
577 1379 793 1447 iusticiarius¹
817 1382 882 1446 fuit
905 1382 940 1446 in
966 1383 1164 1470 cyrographo
1187 1383 1291 1447 norni-

182 1494 288 1564 natus,
312 1493 349 1551 et
373 1508 438 1550 non
462 1486 614 1572 apposuit
640 1486 793 1551 clamium
819 1508 926 1563 sunm,
948 1492 984 1551 et
1009 1487 1094 1572 petit
1117 1486 1292 1552 iudicium¹

183 1590 336 1656 clamium
350 1612 417 1655 non
429 1590 589 1676 apposuit.
635 1588 726 1676 Dicit
741 1588 843 1653 eciam
859 1587 945 1674 quod
960 1588 1092 1674 quidam
1107 1589 1292 1654 Willelmus

181 1694 222 1759 de
249 1693 432 1782 Moretoign
457 1694 566 1759 tenuit
587 1692 623 1758 in
643 1692 805 1757 dominico
829 1714 889 1757 suo
914 1700 954 1757 ut
980 1691 1021 1758 de
1045 1692 1137 1757 feodo
1163 1701 1198 1759 et
1221 1692 1292 1757 iure

180 1798 361 1862 manerium
397 1798 439 1862 de
476 1797 605 1884 Staples
638 1820 713 1862 cum
746 1796 960 1862 aduocacione
990 1796 1122 1862 ecclesie
1153 1804 1189 1861 et
1217 1818 1292 1861 cum

181 1900 331 1966 omnibus
359 1900 431 1966 aliis
460 1907 540 1986 pert
566 1900 642 1979 suis,
668 1908 703 1965 et
727 1898 818 1986 ipse⁸
843 1900 1024 1965 manerium
1053 1900 1135 1965 illud
1162 1900 1227 1964 fuit
1255 1900 1292 1965 in

181 2026 281 2069 manu
317 2027 376 2070 sua
415 2004 507 2070 dedit
545 2004 791 2070 aduocationem
831 2003 920 2069 illius
956 2003 1089 2069 ecclesie
1126 2003 1292 2070 monachis

182 2107 223 2173 de
246 2107 507 2187 Bermundeseia,
531 2116 565 2172 et
587 2116 759 2194 postquam
781 2107 963 2172 manerium
985 2106 1068 2173 illud
1089 2107 1204 2173 datum
1228 2108 1294 2173 fuit

181 2210 327 2297 predicto
357 2210 500 2276 Roberto
525 2233 588 2275 auo
610 2211 703 2276 uenit
725 2210 814 2275 idem
837 2210 1001 2275 Robertus
1025 2218 1060 2275 et
1088 2211 1293 2277 confirmauit

182 2314 304 2381 eisdem
325 2313 491 2379 monachis
512 2313 634 2380 donum
659 2314 748 2383 illud,
763 2336 822 2400 per
844 2321 965 2379 cartam
989 2337 1082 2379 suam
1100 2338 1198 2401 quam
1220 2338 1294 2402 pro-

183 2420 248 2485 fert
277 2426 312 2483 et
338 2441 401 2505 que
431 2425 573 2483 testatur
597 2417 683 2504 quod
712 2416 800 2482 idern
826 2416 990 2482 Robertus
1015 2440 1072 2503 pro
1099 2419 1204 2483 salute
1234 2442 1294 2485 sua

183 2529 219 2588 et
243 2530 481 2587 antecessorum
506 2528 542 2586 et
564 2543 782 2587 successorum
804 2543 935 2587 suorum
958 2521 1102 2608 presenti
1122 2530 1211 2587 carta
1234 2545 1294 2589 sua

183 2626 389 2692 confirmauit
425 2624 620 2690 monasterio
657 2625 689 2690 S.
725 2623 905 2690 Saluatoris
941 2624 982 2688 de
1020 2624 1294 2691 Bermundeseia⁴

184 2729 307 2795 ibidem
338 2729 398 2794 deo
427 2728 645 2793 seruientibus
674 2728 845 2795 eeclesiam
863 2727 904 2793 de
927 2728 1041 2814 Staple
1067 2728 1121 2793 et⁵
1143 2730 1293 2795 omnibus

183 2840 219 2898 et
240 2832 376 2919 singulis
397 2830 439 2896 ad
468 2854 541 2896 eam
571 2830 812 2918 pertinentibus
840 2854 938 2918 quarn
967 2832 1020 2896 uir
1045 2832 1181 2899 illustris
1211 2833 1293 2898 Wil-

183 2937 300 3003 lelmus
322 2935 459 3001 Morton'
490 2936 605 3003 Oomes
635 2959 693 3022 per
713 2943 836 3001 cartam
863 2959 955 3001 suam
985 2935 1107 3003 eisdem
1136 2939 1293 3005 concessit

183 3049 219 3107 et
240 3039 452 3118 confirmauit,
472 3046 507 3104 et
532 3039 624 3104 dedit
645 3047 680 3105 et
702 3039 906 3104 confirmauit
930 3039 961 3105 ei
983 3064 1083 3106 unam
1103 3040 1183 3129 uirg.
1209 3049 1293 3108 terre

184 3168 282 3233 quam
310 3144 473 3210 Robertus
502 3144 662 3231 presbiter
690 3144 730 3209 de
762 3142 937 3210 (lhedena‘
960 3144 1069 3209 tenuit
1098 3144 1233 3210 liberam
1259 3153 1295 3211 et

184 3247 329 3335 quietam
365 3247 407 3313 de
444 3247 533 3313 omni
568 3246 704 3312 seculari
732 3246 877 3324 sauneio,
906 3254 1042 3332 excepto
1071 3248 1203 3312 murdro
1232 3256 1292 3313 etc

183 3352 309 3417 Profert
345 3350 447 3417 eciam
483 3359 605 3416 cartam
640 3352 906 3437 cyrographatam
935 3350 1072 3415 Roberti
1100 3349 1141 3416 de
1171 3352 1292 3417 Briwes

182 3466 217 3539 et
240 3456 399 3524 Johannis
420 3454 481 3519 filii
502 3454 553 3519 sui
575 3475 638 3541 que
660 3453 821 3519 testatur'
839 3475 893 3518 eos
915 3452 1041 3518 dedisse
1063 3451 1100 3516 in
1120 3475 1235 3538 puram
1254 3460 1289 3517 et

183 3570 375 3649 perpetuam
395 3559 602 3625 elemosinam
621 3559 812 3645 concoxisse
829 3557 961 3624 ecclesie
980 3557 1017 3623 B.
1035 3557 1126 3623 Petri
1143 3566 1179 3622 et
1196 3557 1292 3622 Pauli

216 3717 713 3783 ²Heseematohaveaatedaaiuatica
794 3716 973 3768 ”Gerr-eum·

184 3788 265 3840 about
276 3788 349 3837 1209.
384 3786 430 3836 See
441 3786 515 3838 Fosa.
796 3782 808 3814 ⁸
824 3782 880 3831 The
890 3781 977 3844 places
986 3794 1029 3829 are
1041 3778 1131 3841 Stapla
1146 3779 1291 3843 Fitzpaine,

217 3853 229 3886 ¹
245 3850 346 3915 supply
356 3852 460 3901 demat.
764 3846 917 3896 Bickenhall
930 3843 982 3894 and
993 3841 1116 3893 Cheddon
1127 3844 1270 3907 Fitzpaine.

218 3918 229 3950 ⁸
246 3916 346 3979 supply
356 3917 467 3979 quaudo.
795 3910 807 3943 l
823 3910 903 3961 What
912 3910 1010 3959 follows
1018 3908 1041 3957 is
1048 3907 1167 3969 obscum
1183 3910 1295 3974 perhaps

218 3981 526 4045 ‘Supplyctmonoctr‘a
764 3975 848 4026 words
858 3974 999 4027 havabeen
1011 3975 1071 4024 lost.
