3342 5217
385 394 448 456 502
593 400 914 466 cicumcisio.
940 389 1033 464 1231,
1055 403 1118 452 Aru
1143 391 1280 453 15-16.

384 576 561 645 secundum
588 574 840 641 conuencionem
861 574 952 639 illam
973 580 1009 639 et
1031 574 1117 660 quod
1139 574 1255 639 reddat
1276 574 1307 638 ei
1329 575 1498 661 arreragiis

383 679 412 745 si
426 677 510 765 que¹
526 678 557 743 ei
572 684 678 741 uretro
693 684 780 741 sunt.

288 800 301 815 ¹
327 845 335 859 ,
449 781 593 868 Loquele
621 780 708 844 inter
737 778 880 843 Priorem
917 778 958 843 de
995 778 1146 842 Mertoue
1181 786 1216 842 et
1252 777 1424 841 Deccnum
1460 788 1499 843 et

298 906 326 936 “-
384 886 575 973 Capitulum
601 885 632 951 S.
654 884 749 949 Pauli
771 883 937 948 Londonie
960 882 1002 947 de
1026 882 1166 968 quedam
1189 882 1327 968 piscaria
1347 892 1499 947 remanet

384 990 454 1055 sine
473 989 527 1053 die
542 987 620 1074 quio
639 986 730 1050 Prior
748 986 828 1050 alibi
848 984 1025 1071 assumpsit
1044 984 1195 1050 habitum
1213 983 1379 1070 religionis
1386 986 1406 1049 ¹.
1452 985 1498 1048 Et

384 1116 459 1159 cum
495 1093 578 1158 alius
611 1091 703 1157 Prior
730 1092 829 1157 fuerit
859 1098 987 1155 creatus
1016 1098 1050 1154 et
1080 1089 1186 1153 fectus
1214 1098 1498 1154 resummoneatur

384 1197 520 1282 loquela

449 1299 696 1365 Bartholomeus
725 1298 766 1363 de
796 1299 830 1363 la
853 1299 941 1362 Hose
968 1297 1177 1361 athachiatus
1200 1296 1265 1361 fuit
1293 1296 1336 1361 ed
1364 1319 1496 1382 respon·

384 1402 527 1467 dendum
556 1402 681 1468 Abbati
710 1398 751 1467 de
781 1402 873 1467 Bello
903 1401 1008 1465 Loco⁸
1037 1423 1136 1486 quere
1171 1423 1236 1465 non
1265 1401 1344 1465 fecit
1373 1408 1497 1465 sectam

384 1508 427 1572 ed
445 1506 450 1593 Ι
470 1508 592 1573 curium
622 1504 725 1593 ipsius
753 1507 895 1571 Abbatis
924 1504 964 1571 de
995 1505 1197 1582 Ferendum,
1225 1513 1260 1569 et
1289 1505 1377 1569 unde
1408 1503 1496 1569 idem

385 1612 496 1677 Abbes
524 1634 583 1697 per
610 1618 813 1675 attornatum
839 1632 935 1674 suum
962 1608 1044 1675 dicit
1068 1610 1155 1695 quod
1181 1630 1256 1673 cum
1282 1610 1404 1673 hebeat
1428 1631 1498 1673 me·

385 1714 511 1780 nerium
541 1714 582 1779 de
608 1713 803 1779 Ferendune
832 1736 873 1778 ex
896 1713 980 1778 douo
1005 1714 1098 1778 Dom.
1118 1714 1220 1799 Regis
1244 1736 1320 1778 oum
1344 1713 1498 1778 omnibus

385 1816 593 1903 pertinenciis
608 1816 683 1896 sule,
695 1826 729 1882 et
745 1839 819 1882 oum
834 1817 921 1882 idem
934 1817 1182 1883 Bartholomeus
1196 1840 1324 1904 semper
1338 1816 1496 1904 quamdiu

384 1920 565 1985 manerium
595 1918 677 1984 illud
703 1919 768 1983 fuit
789 1920 824 1983 in
846 1942 945 1984 manu
969 1919 1069 2007 Regis
1090 1928 1126 1984 et
1147 1921 1250 1985 eciam
1271 1944 1331 2007 per
1352 1922 1497 1987 multum

385 2032 515 2110 tempus
529 2032 701 2111 postquem
717 2025 781 2089 fuit
795 2025 830 2089 in
850 2046 948 2088 manu
971 2046 1031 2088 sus
1049 2023 1174 2090 solebat
1188 2027 1292 2091 facere
1312 2035 1438 2091 sectum
1455 2026 1497 2090 ad

385 2129 507 2193 curium
530 2128 570 2193 de
594 2128 788 2193 Ferenduna
810 2127 940 2213 quando
962 2128 1045 2193 latro
1068 2127 1115 2192 ibi
1138 2136 1223 2193 esset
1245 2127 1442 2193 iudicandus
1462 2138 1497 2192 et

385 2232 513 2317 quondo
524 2232 623 2296 breue
635 2232 727 2296 Dom.
741 2231 841 2317 Regis
855 2230 902 2307 ibi
917 2238 1002 2295 esset
1016 2230 1057 2296 de
1069 2230 1174 2295 recto⁴
1185 2254 1243 2317 pro
1253 2230 1497 2296 afforciamento

384 2335 481 2413 curie,
503 2335 590 2399 idem
615 2337 863 2401 Bartholomeus
885 2335 1049 2400 subtraxit
1074 2358 1109 2401 se
1132 2336 1197 2400 iem
1222 2358 1280 2421 per
1305 2344 1374 2399 tres
1394 2356 1497 2399 annos

384 2438 471 2503 unde
493 2437 708 2504 deterioratos
735 2446 785 2504 est
811 2446 872 2503 etc
897 2445 932 2502 et
957 2438 1033 2502 inde
1057 2438 1207 2523 producit
1227 2446 1359 2503 sectam
1404 2438 1497 2502 Dicit

384 2540 487 2605 eciem
509 2542 611 2627 quod⁵
633 2542 775 2607 bellicus
799 2542 901 2627 ipsius
924 2542 1066 2606 Abbatis
1090 2542 1203 2607 uenire
1228 2542 1312 2607 solet
1334 2541 1437 2606 semel
1459 2542 1496 2605 in

383 2666 468 2709 enno
495 2645 582 2733 apud
611 2644 819 2731 Iugeleshum
849 2644 891 2709 ed
920 2654 1041 2708 terram
1066 2645 1172 2730 ipsius
1201 2644 1425 2709 Bartholomei
1453 2644 1496 2708 ed

383 2745 567 2811 faciendum
598 2746 705 2811 uisum
735 2746 775 2811 de
802 2747 911 2811 frenco
933 2746 1041 2833 plegio
1063 2752 1098 2811 et
1120 2747 1148 2811 si
1173 2746 1393 2813 misericordis
1418 2746 1495 2810 inde

383 2850 570 2933 proueniret
599 2849 685 2935 quod
714 2848 783 2933 ipse
809 2850 922 2914 Abbus
952 2850 1088 2914 baberet
1116 2850 1367 2915 misericordiam
1395 2850 1495 2928 illem,

383 2951 470 3016 idem
501 2952 747 3017 Bartholomeus
776 2975 841 3017 nou
869 2952 1034 3038 permittit
1059 2954 1166 3039 ipsum
1198 2953 1359 3019 bellinum
1389 2954 1495 3017 facere

384 3056 491 3121 uisum
513 3057 554 3120 de
576 3056 684 3121 frenco
710 3056 817 3143 plegio
843 3079 903 3121 nec
928 3056 1161 3121 misericordius
1183 3057 1414 3142 prouenieutes
1435 3056 1494 3121 he·

383 3159 468 3234 bere,
482 3158 570 3223 uude
585 3157 799 3224 deterioratus
814 3167 864 3223 est
879 3167 938 3223 etc
955 3168 989 3223 et
1004 3158 1080 3223 inde
1095 3158 1245 3244 producit
1259 3168 1389 3224 sectum.

448 3262 642 3327 Lambertus
675 3262 761 3326 filius
796 3262 955 3327 Beruurdi
987 3262 1102 3327 eodem
1137 3263 1233 3329 modo
1265 3262 1497 3328 othecbiatus⁸

382 3364 424 3428 ad
446 3364 705 3450 respondendum
726 3364 832 3430 eidem
855 3365 980 3430 Abbati
999 3388 1098 3451 quere
1119 3388 1185 3430 non
1207 3366 1285 3431 fecit
1306 3376 1429 3431 sectam
1450 3365 1495 3430 ad

382 3467 560 3552 predictam
582 3467 705 3532 curiam
729 3467 769 3531 de
793 3467 996 3544 Ferenduna,
1011 3476 1046 3532 et
1068 3468 1155 3533 unde
1174 3468 1263 3533 idem
1282 3467 1395 3533 Abbes
1411 3467 1495 3532 dicit

382 3572 560 3657 quodcum
583 3572 702 3636 babeat
724 3573 906 3636 manerium
929 3572 1010 3637 illud
1031 3596 1105 3637 cum
1128 3581 1208 3659 pert.
1224 3573 1266 3638 de
1286 3574 1370 3639 dono
1392 3572 1495 3659 Regis

381 3675 413 3740 J.
428 3674 606 3739 secundum
622 3674 708 3760 quod
722 3675 907 3760 predictum
922 3685 973 3741 est
988 3685 1023 3741 et
1042 3676 1129 3741 idem
1150 3677 1346 3741 Lsmbertus
1365 3698 1495 3762 semper

381 3776 463 3841 solet
485 3778 588 3841 fecere
614 3786 735 3842 sectam
765 3778 807 3841 ad
835 3778 1016 3863 predictam
1046 3779 1168 3843 curiam
1194 3780 1236 3844 de
1262 3779 1429 3865 quindeno
1457 3778 1493 3843 in

381 3880 579 3966 quindenam
605 3880 734 3965 quando
757 3880 915 3966 placitum
942 3882 989 3945 ibi
1012 3890 1107 3960 esset,
1128 3883 1216 3947 idem
1239 3882 1436 3947 lambertus
1458 3905 1494 3947 se

414 4012 492 4063 ¹Sic.
958 4014 1003 4064 the
1017 4030 1123 4064 mauors
1139 4014 1169 4065 ol
1182 4014 1331 4078 Furingdon
1343 4014 1398 4065 sud
1408 4013 1492 4077 ingle-

413 4076 780 4128 1Ηίεηιιιιιιείε(ὶῑιοεειιιᾱ
802 4078 838 4127 he
859 4078 909 4128 hus
959 4078 1242 4131 shnmwr'llbetound.

382 4142 485 4192 become
506 4157 523 4191 a
549 4142 692 4193 cistercien
718 4147 747 4194 ut
773 4142 907 4194 Beeulieu.
991 4144 1241 4195 ‘Whenewritol
1256 4144 1326 4209 right
1343 4160 1398 4195 uss
1415 4148 1444 4196 to
1460 4144 1492 4195 be

381 4210 450 4259 Anu.
475 4208 547 4257 Mon.
570 4208 619 4259 vol.
642 4210 666 4267 2,
687 4222 713 4271 p.
737 4209 795 4267 310,
815 4209 865 4260 vol
884 4210 908 4266 3,
960 4208 1035 4259 tried.

382 4288 407 4335 p.
422 4274 476 4321 128.
992 4274 1120 4337 ⁶Supply
1130 4289 1186 4324 cum
1198 4274 1228 4339 (2)

414 4336 574 4386 ³Besulieu.
609 4338 655 4387 See
673 4338 784 4388 Monest.
811 4337 861 4387 vol.
884 4340 908 4388 5.
993 4338 1177 4402 ⁶Supp15m.

383 4416 407 4462 p.
428 4401 482 4463 683,
496 4402 578 4451 where
596 4402 663 4463 King
680 4402 773 4451 John's
789 4407 866 4463 grant
883 4404 912 4452 ol
