3342 5217
363 314 427 377 648
666 321 808 382 unm,
829 318 895 369 nn.
920 306 1014 382 1234,
1036 320 1100 370 nu
1124 308 1175 371 18.

427 498 473 561 Et
502 495 660 582 Magister
685 494 834 581 Rogerus
864 515 922 589 pro
951 493 1098 579 predicto
1128 494 1246 559 herede
1275 494 1357 560 dicit
1386 494 1478 581 quod

361 600 486 665 nullum
507 619 713 663 communem
730 597 779 661 ibi
799 595 919 661 habere
938 595 1060 661 debent
1081 619 1140 661 nec
1161 597 1224 661 fuit
1246 598 1332 663 idem
1349 598 1427 663 uda
1441 600 1479 663 in
1610 670 1611 673 Ἴ

361 704 481 770 seisins
495 702 536 767 de
550 702 666 766 eadem
676 700 815 787 piscaria
825 722 911 765 anno
922 699 1021 764 et-die
1033 722 1098 785 quo
1109 701 1197 765 idem
1208 702 1395 767 Willelmus
1409 704 1478 767 fuit

362 806 461 871 uiuus
472 813 507 868 et
522 810 670 867 mortuus
684 802 863 867 secundum
876 800 1161 887 quodprediotum
1173 812 1231 880 est,
1244 812 1279 867 et
1293 805 1375 869 dicit
1386 806 1478 891 quod

362 912 448 975 infin
461 908 683 973 molendinum
698 907 740 971 de
755 906 960 992 Pipermelne
976 913 1011 969 et
1026 902 1283 992 Langefordiem,
1299 908 1388 973 unde
1402 910 1476 995 ipse

363 1013 526 1101 cognoscit
542 1010 629 1098 quod
643 1011 768 1076 nullam
784 1031 991 1074 communem
1006 1009 1126 1073 habere
1141 1009 1249 1086 debet,
1262 1011 1407 1095 piscatus
1423 1022 1476 1078 est

363 1120 418 1183 ille
434 1140 492 1203 per
506 1116 575 1181 uim
595 1116 775 1181 secundum
790 1114 877 1200 quod
892 1113 1076 1199 predictum
1099 1123 1150 1179 est
1170 1123 1205 1179 et
1224 1114 1301 1179 inde
1321 1117 1417 1201 ponit
1440 1140 1475 1181 se

362 1244 460 1307 super
488 1220 637 1307 patriam.
683 1221 726 1284 Et
755 1220 829 1284 ideo
859 1226 1049 1304 preceptum
1079 1227 1130 1283 est
1164 1218 1350 1285 uiceoomiti
1385 1222 1476 1307 quod

363 1324 485 1391 corum¹
501 1333 535 1389 et
550 1324 739 1389 custodibus
753 1322 948 1408 placitorum
968 1338 1082 1387 corone
1104 1323 1278 1388 conuenire
1301 1324 1400 1389 faciat
1415 1326 1474 1411 xij.

363 1431 405 1496 de
419 1431 556 1506 uisneto,
571 1437 606 1493 et
625 1450 684 1515 per
703 1449 815 1491 eorum
835 1436 1074 1493 sacramentnm
1090 1426 1193 1492 etesi
1215 1427 1381 1513 predictus
1398 1429 1476 1494 Ads

364 1534 428 1599 fuit
442 1534 477 1598 in
492 1532 611 1598 seisina
624 1531 665 1596 de
676 1531 792 1596 eedem
802 1531 941 1616 piscaria
952 1532 1049 1596 simul
1064 1554 1139 1595 cnm
1150 1532 1296 1618 predicto
1306 1532 1475 1598 Willelmo

363 1638 450 1703 inter
485 1636 668 1723 predictum
703 1635 927 1700 molendinum
961 1636 1001 1700 de
1036 1636 1241 1722 Pipermelne
1270 1636 1475 1702 ascendendo

362 1764 466 1827 usque
488 1739 531 1804 nd
552 1738 775 1803 molendinum
797 1738 900 1824 ipsius
922 1738 1004 1815 Ade,
1019 1745 1053 1803 et
1075 1738 1104 1803 si
1125 1738 1212 1802 idem
1235 1738 1311 1803 Ads
1327 1738 1474 1824 piscatus

363 1844 407 1910 sit
421 1844 457 1908 ui
471 1850 506 1908 et
525 1841 531 1929 Ι
549 1841 648 1906 ermis
662 1842 749 1906 inter
762 1841 986 1907 molendinum
1007 1842 1190 1928 predictum
1210 1841 1251 1907 de
1267 1842 1473 1927 Pipermelne

362 1945 585 2014 descendendo
595 1968 698 2033 usque
710 1946 750 2011 sd
763 1946 1019 2032 Longefordiom,
1029 1947 1083 2010 uel
1095 1969 1169 2025 non,
1178 1954 1213 2011 et
1224 1946 1473 2033 inquisicionem

363 2053 478 2119 mittet
491 2050 533 2115 nd
548 2050 636 2115 diem
650 2058 709 2114 etc
726 2071 785 2134 per
800 2050 927 2114 litteras
942 2058 976 2114 et
991 2072 1050 2136 per
1063 2050 1144 2115 duos
1159 2058 1220 2117 etc.

428 2154 613 2220 Willelmus
642 2153 735 2216 Huse
764 2151 806 2217 de
836 2152 1046 2217 Wellefordia
1079 2153 1296 2218 summonitus
1330 2154 1396 2219 fuit
1429 2155 1473 2221 nd

267 2274 313 2303 ⁰¹¹⁹·
363 2258 600 2324 ostendendum
622 2278 686 2343 quo
708 2263 851 2321 wnrnnto
875 2278 908 2320 se
927 2264 1020 2320 tenet
1043 2256 1078 2319 in
1098 2280 1165 2321 uns
1187 2258 1267 2345 uirg.
1287 2266 1373 2323 terre
1395 2283 1471 2325 cum

362 2370 444 2449 pert.
466 2361 502 2425 in
529 2361 688 2426 Sturtona
708 2368 743 2424 et
764 2360 800 2425 in
821 2359 949 2425 duabus
971 2360 1118 2446 pertibus
1136 2362 1161 2447 j.
1179 2361 1262 2448 uirg.
1286 2370 1372 2429 terre
1396 2388 1472 2430 oum

362 2473 443 2553 pert.
458 2466 494 2529 in
509 2464 728 2550 Dorsingtonn
742 2472 803 2530 etc.

429 2570 473 2635 Et
488 2569 649 2633 Rndnlfus
664 2569 694 2633 le
715 2568 921 2653 Frankeleyn
943 2568 1057 2633 eodem
1079 2568 1174 2633 modo
1195 2570 1415 2637 summonitus
1428 2571 1472 2637 sd

362 2669 600 2736 ostendendum
615 2692 679 2756 quo
690 2678 833 2734 waranto
848 2693 882 2734 se
895 2678 987 2735 tenet
998 2671 1034 2734 in
1049 2670 1176 2735 duabus
1190 2672 1340 2756 portibus
1349 2674 1376 2758 j.
1387 2674 1471 2760 uirg.

362 2785 448 2841 terre
470 2797 544 2840 cum
567 2783 648 2859 pert.
670 2773 706 2838 in
725 2773 946 2859 Dorsingtone
968 2795 1047 2858 quas
1069 2774 1207 2858 predicti
1230 2774 1415 2841 Willelmus
1438 2786 1473 2843 et

362 2881 523 2947 Redulfus
538 2880 724 2944 habuerunt
739 2878 775 2942 in
789 2877 889 2941 bullio
904 2878 996 2941 Dom.
1013 2878 1114 2963 Regis
1128 2878 1207 2942 dum
1222 2880 1367 2965 predicte
1383 2890 1470 2947 terre

362 2986 496 3050 fuerunt
510 2984 546 3047 in
560 3004 660 3046 manu
675 3004 736 3046 sue
749 2982 915 3045 occasione
931 2982 1007 3067 fuge
1023 2990 1057 3047 et
1072 2982 1232 3070 utlagarie
1252 2985 1276 3049 J
1277 2984 1415 3050 ohnnnis
1429 2984 1471 3051 de

361 3089 582 3174 Dorsingtone
602 3108 659 3172 pro
680 3092 784 3149 morte
804 3086 945 3150 Walteri
962 3086 1021 3149 filii
1044 3087 1195 3151 Fulconis
1217 3088 1304 3153 unde
1326 3098 1472 3155 rectatus

360 3193 433 3269 lirit,
449 3191 577 3256 desiout
591 3191 685 3255 Dom.
702 3190 774 3254 Rex
789 3189 985 3276 perdonnuit
1000 3189 1047 3255 ei¹
1062 3197 1096 3255 et
1111 3192 1314 3279 utlagarism.

427 3296 470 3360 Et
485 3293 670 3358 Willelmus
691 3293 785 3357 uenit
804 3300 840 3357 et
862 3292 943 3358 dicit
965 3292 1051 3379 quod
1071 3301 1164 3359 tenet
1184 3302 1304 3361 terrum
1323 3296 1416 3361 illum
1436 3298 1470 3363 in

360 3397 508 3464 custodia
521 3419 597 3461 cum
617 3396 727 3482 pueris
748 3394 909 3483 Murgerie
930 3396 1038 3460 uxoris
1060 3418 1127 3475 sue,
1147 3404 1182 3461 et
1204 3420 1267 3483 que
1290 3398 1367 3463 inde
1388 3400 1471 3465 obiit

359 3500 472 3567 seisite
496 3500 583 3565 sicut
611 3498 653 3564 de
682 3499 740 3564 ills
767 3521 832 3584 que
862 3499 926 3563 fuit
955 3498 1107 3565 eschaeta
1135 3522 1310 3585 puerorum
1336 3524 1470 3569 suorum

359 3604 523 3671 occasione
553 3602 670 3667 selonie
697 3624 796 3688 quam
822 3601 910 3666 idem
935 3602 1103 3667 Johannes
1129 3604 1216 3682 fecit,
1242 3614 1276 3669 et
1302 3606 1390 3670 unde
1417 3616 1470 3672 ut

360 3710 489 3797 legatus
504 3706 576 3783 fuit,
592 3713 626 3770 et
645 3714 820 3791 postquem
843 3713 930 3770 terru
949 3705 1006 3769 illa
1022 3706 1187 3771 exstiterit
1208 3706 1244 3771 in
1258 3729 1359 3772 manu
1374 3708 1469 3775 Dom.

360 3814 461 3900 Regis
475 3819 510 3877 et
523 3832 582 3897 per
596 3832 700 3874 unum
711 3832 833 3874 annum
849 3816 884 3875 et
895 3833 997 3874 unum
1012 3810 1109 3889 diem,
1121 3820 1155 3876 et
1171 3810 1257 3897 petit
1271 3810 1430 3877 iudicium
1441 3814 1469 3879 si

359 3917 478 3983 debent
503 3916 535 3980 ei
559 3914 751 4000 respondere
777 3914 832 3978 nel
858 3914 952 3999 pueri
975 3914 1024 3979 illi
1049 3916 1107 4001 qui
1132 3924 1211 3980 sunt
1236 3916 1321 3981 infin
1344 3924 1468 3982 etatem

359 4019 501 4084 debeant
526 4017 659 4103 perdere
686 4016 849 4081 occasione
872 4016 1082 4103 inlagaoionis
1104 4039 1202 4103 quam
1225 4018 1317 4083 Dom.
1342 4018 1415 4085 Rex
1437 4019 1469 4085 ei

359 4123 446 4201 fecit,
460 4121 587 4188 desicut
602 4121 696 4186 Dom.
712 4121 784 4187 Rex
798 4121 899 4187 nichil
915 4120 946 4187 ei
961 4121 1108 4219 concedit
1123 4122 1187 4187 nisi
1201 4122 1289 4210 quod
1304 4146 1402 4189 suum
1416 4134 1466 4189 est

360 4233 395 4292 et
410 4225 573 4311 adipsum
587 4223 739 4310 pertinet

569 4350 580 4385 ¹
597 4350 698 4414 Supply
707 4364 743 4401 ec.
974 4351 985 4384 ¹
1002 4351 1101 4415 supply
1107 4354 1198 4416 jupam
1211 4352 1253 4417 (l).
