3342 5217
379 359 441 422 516
682 370 818 430 rssrns,
841 370 905 420 ao.
931 356 1024 432 1232,
1046 369 1108 421 aa
1133 358 1183 421 16.

377 541 582 605 uoluntatem
604 562 696 605 suam
719 546 778 603 etc.
825 539 869 603 Et
891 538 972 603 dicit
994 539 1081 624 quod
1102 540 1192 605 illam
1216 540 1317 605 hahet
1338 564 1378 606 ex
1404 539 1493 606 dono

333 694 339 703 .
378 652 411 709 et
425 667 485 731 per
498 652 621 709 cartam
637 666 729 708 suam
744 666 843 729 quam
859 644 981 729 profert
995 644 1071 708 etc.²

443 749 487 813 Et
503 749 564 813 Ele
577 746 670 813 uenit
686 755 719 812 et
735 747 881 811 defendit
896 746 948 811 ius
962 769 1057 811 suum
1070 755 1105 811 et
1117 747 1217 811 talem
1234 744 1416 835 ingressum
1430 770 1493 833 per

378 850 486 937 ipsum
501 851 685 915 Walterum
701 858 735 915 et
750 844 830 914 dicit
851 849 937 935 quod
957 849 1057 914 habet
1079 849 1260 936 ingressum
1282 873 1340 936 per
1360 860 1493 936 patrem

378 978 474 1021 suum
498 954 555 1042 qui
580 963 701 1019 terram
723 954 814 1018 illam
835 956 866 1018 ei
889 953 981 1018 dedit
1003 954 1046 1019 ad
1067 976 1100 1018 se
1123 952 1343 1017 maritandum
1362 963 1435 1029 etc,
1456 962 1494 1017 et

377 1060 460 1124 bene
489 1057 636 1123 defendit
659 1066 782 1123 cartam
809 1065 844 1121 et
869 1056 1013 1143 sigillum
1039 1065 1074 1121 et
1100 1064 1207 1120 totum
1233 1064 1268 1120 et
1293 1054 1369 1120 inde
1396 1057 1493 1141 ponit

377 1184 411 1226 se
427 1184 524 1247 super
539 1161 679 1247 patriam
695 1170 729 1225 et
745 1170 847 1226 testes
864 1160 1047 1225 nominatos
1061 1159 1097 1223 in
1111 1168 1260 1237 certast
1279 1159 1363 1223 hene
1376 1159 1492 1224 desen·

378 1263 428 1329 dit
443 1263 530 1349 quod
544 1286 712 1349 nunquam
728 1271 848 1328 terram
864 1262 954 1326 illam
969 1262 1001 1326 ei
1015 1260 1114 1326 dedit.

444 1368 488 1431 Et
503 1367 668 1432 Walterus
683 1366 763 1431 dicit
778 1366 866 1452 quod
885 1365 977 1431 dedit
992 1365 1023 1430 ei
1039 1374 1158 1430 terram
1174 1364 1264 1429 illam
1279 1375 1314 1429 et
1328 1366 1390 1430 hoc
1404 1366 1493 1431 benc

377 1478 470 1556 patet
493 1470 570 1555 quia
590 1469 765 1555 aliquando
782 1492 889 1535 coram
905 1470 1049 1534 Martino
1063 1470 1104 1534 de
1119 1469 1332 1535 Patheshulla
1346 1480 1381 1535 et
1396 1471 1494 1535 sociis

376 1575 561 1640 iusticiariis
583 1574 814 1640 itinerantibus
836 1574 871 1638 in
891 1597 970 1639 com
991 1574 1082 1637 Norf.
1103 1573 1191 1659 apud
1213 1573 1314 1638 Lenn'
1334 1573 1495 1639 Priorissa

377 1677 418 1742 de
442 1678 568 1744 Carbo²¹
589 1678 797 1764 inplacitauit
818 1678 998 1763 predictam
1023 1677 1116 1741 Elam
1139 1677 1180 1741 de
1203 1700 1252 1742 xv.
1268 1700 1329 1742 acr.
1346 1686 1433 1742 terre
1449 1679 1493 1743 de

377 1780 491 1845 eadem
514 1788 609 1858 terra,
633 1789 666 1845 et
689 1780 760 1866 ipsa
781 1779 828 1844 ibi
850 1779 1017 1865 respondit
1039 1779 1125 1865 quod
1146 1802 1211 1843 non
1233 1780 1342 1865 potuit
1367 1790 1494 1847 terram

378 1883 467 1947 illam
490 1883 607 1948 lucrari
629 1906 689 1948 nec
710 1884 845 1970 perdere
868 1884 946 1968 quia
966 1882 1038 1968 ipsa
1057 1882 1158 1947 nichil
1178 1883 1253 1948 inde
1274 1884 1393 1949 habuit
1412 1887 1494 1972 quia

378 1987 448 2073 ipse
468 1986 633 2052 Walterus
656 1988 720 2052 fuit
742 1986 817 2052 inde
842 1986 878 2051 in
892 1985 1031 2063 'seisina
1051 1994 1086 2050 et
1111 1984 1187 2051 inde
1211 1987 1305 2071 ponit
1331 2010 1365 2051 se
1392 2011 1494 2074 super

378 2091 501 2155 rotulos
515 2090 556 2155 de
572 2090 697 2154 itinere.
743 2090 861 2153 Postea
879 2088 974 2153 uenit
988 2088 1154 2152 Walterus
1167 2096 1203 2152 et
1217 2088 1297 2154 dicit
1317 2090 1406 2174 quod
1420 2091 1494 2177 ipsa

378 2191 470 2256 dedit
495 2192 525 2255 ei
547 2199 668 2255 terram
694 2190 784 2255 illam
811 2199 847 2255 et
871 2213 930 2276 per
958 2199 1081 2255 cartam
1109 2213 1201 2255 suam
1232 2199 1267 2256 et
1294 2190 1372 2255 inde
1402 2194 1493 2278 cepit

378 2294 565 2381 homagium
581 2317 677 2359 suum
691 2316 749 2379 pro
764 2318 788 2360 c.
805 2294 861 2359 sol.
877 2316 958 2380 quos
971 2294 1040 2380 ipse
1056 2294 1088 2358 ei
1101 2294 1201 2361 dedit.

445 2399 488 2462 Et
518 2398 580 2461 Ele
608 2397 668 2461 hoc
699 2405 807 2461 totum
838 2396 993 2463 defendit.
1047 2398 1091 2461 Et
1117 2397 1190 2462 idco
1217 2408 1411 2485 preceptum
1440 2412 1493 2467 est

378 2499 563 2565 uicecomiti
582 2499 669 2585 quod
689 2522 795 2563 coram
810 2522 849 2563 eo
865 2506 899 2563 et
914 2522 1020 2563 coram
1035 2499 1223 2564 custodibus
1238 2510 1298 2565 etc
1314 2504 1491 2570 conuenire

377 2603 475 2667 faciat
490 2603 544 2687 xij.
560 2610 630 2666 tam
646 2601 767 2666 milites
782 2609 842 2665 etc.
858 2609 893 2665 et
907 2623 966 2686 per
983 2624 1094 2665 eorum
1116 2612 1356 2667 sacramentum
1377 2606 1491 2682 etc‚si

377 2706 524 2791 predicta
554 2704 614 2768 Ela
640 2704 732 2768 dedit
759 2712 878 2768 terram
904 2704 995 2768 illam
1020 2703 1084 2790 ipsi
1108 2704 1254 2770 Waltero
1279 2729 1340 2792 per
1364 2721 1490 2775 cartam

377 2816 522 2873 suamet
542 2807 569 2872 si
589 2807 675 2894 cepit
698 2807 773 2872 inde
796 2806 983 2893 homagium
1005 2830 1110 2885 suum,
1126 2817 1160 2873 et
1174 2808 1203 2873 si
1217 2810 1304 2874 idem
1320 2812 1489 2878 Waltcrus

377 2935 533 2999 umquam
556 2921 629 2997 post
649 2912 770 2977 donum
786 2912 869 2976 illud
884 2912 948 2976 fuit
962 2912 995 2977 in
1012 2913 1131 2977 seisina
1144 2913 1185 2978 de
1200 2915 1314 2979 eadem
1330 2925 1421 2983 terra
1433 2942 1492 3005 per

378 3015 510 3101 aliquod
524 3022 663 3099 tempus,
679 3024 713 3079 et
728 3014 756 3079 si
770 3037 829 3100 per
842 3015 974 3101 aliquod
994 3024 1125 3101 tempus
1146 3024 1225 3080 tnnc
1247 3040 1306 3103 per
1327 3032 1488 3105 quantum

379 3126 519 3202 tempus,
542 3126 576 3181 et
602 3117 630 3181 si
658 3116 769 3201 aliqua
798 3117 929 3201 expleta
957 3117 1045 3202 cepit
1071 3117 1157 3182 unde
1181 3118 1262 3183 dicit
1288 3121 1377 3206 quod
1403 3124 1490 3209 cepit

379 3244 430 3287 xx.
446 3221 510 3299 sol,
525 3230 560 3287 et
575 3220 603 3285 si
623 3221 711 3285 idern
727 3221 891 3285 Walterus
912 3244 970 3308 pro
992 3222 1167 3287 donacione
1189 3223 1247 3287 illa
1267 3224 1361 3289 dedit
1383 3228 1487 3292 eidem

381 3326 439 3390 Ele
464 3349 490 3390 c.
513 3324 566 3389 sol
590 3326 645 3389 uel
667 3348 741 3403 non,
764 3333 799 3389 et
820 3324 1068 3411 inquisicionem
1090 3324 1202 3391 uenire
1225 3327 1323 3392 faciat
1347 3338 1411 3395 etc.
1433 3353 1489 3416 per

379 3429 490 3493 literas
505 3437 540 3493 et
555 3451 613 3514 per
630 3428 711 3493 duos
731 3438 791 3493 etc.
806 3428 885 3514 quia
906 3429 1002 3493 ambo
1025 3438 1151 3514 ponunt
1172 3452 1207 3493 se
1228 3453 1328 3516 super
1347 3432 1486 3499 iuratam

380 3533 477 3599 illam.

445 3636 608 3700 Robertus
619 3636 659 3700 de
672 3636 705 3699 N
707 3637 867 3701 eucumba
880 3636 1087 3701 athachiatus
1102 3636 1217 3703 suited
1228 3640 1485 3725 respondendum

382 3740 453 3805 Elia
475 3739 515 3803 de
539 3740 656 3805 Stanes
678 3762 777 3825 quare
798 3741 899 3805 traxit
917 3764 993 3805 eum
1007 3741 1042 3805 in
1057 3742 1214 3826 placitum
1229 3742 1264 3807 in
1278 3745 1370 3809 curia
1387 3746 1393 3831 Ι
1413 3747 1486 3812 cris·

381 3841 542 3907 tianitatis
557 3842 597 3906 de
613 3843 738 3907 catallis
752 3865 815 3928 que
831 3865 896 3907 non
910 3851 988 3907 sunt
1002 3853 1063 3907 etc.
1108 3844 1152 3909 Et
1167 3845 1331 3911 asbertus
1346 3850 1439 3914 uenit
1452 3859 1485 3915 ct

381 3944 543 4032 cognoscit
565 3944 652 4031 quod
673 3944 742 4030 ipse
764 3945 853 4010 Elias
867 3944 1040 4032 aliquando
1055 3969 1161 4011 coram
1175 3947 1362 4015 iusticiariis
1377 3951 1484 4016 itiner·

380 4050 512 4114 antibus
541 4049 752 4135 inplacitatus
782 4050 846 4115 fuit
874 4073 934 4137 per
959 4050 1132 4137 quamdam
1162 4052 1295 4117 assisam
1324 4054 1374 4120 ita
1402 4056 1485 4142 quod

412 4254 538 4305 ¹Walter
554 4270 614 4318 says
630 4254 689 4305 that
705 4256 756 4305 Ele
772 4271 835 4318 gave
851 4255 907 4305 him
990 4256 1040 4306 ’Δ
1062 4270 1184 4319 nunnery
1205 4255 1235 4305 in
1258 4255 1304 4306 tha
1326 4257 1437 4307 snbmhs
1455 4259 1486 4308 of

381 4320 505 4433 qqulond
522 4321 573 4370 and
591 4320 649 4371 that
665 4322 699 4371 he
715 4321 829 4371 demised
846 4321 867 4370 it
879 4327 906 4370 to
958 4322 1088 4371 Norwich.
1117 4322 1232 4371 Monast.
1244 4323 1296 4371 vol.
1310 4323 1335 4379 4,
1346 4338 1373 4386 p.
1383 4326 1421 4374 68.
