3342 5217
436 424 675 497 memmae,
696 434 762 485 an.
784 420 886 497 122&
901 433 966 487 nn·
989 424 1084 488 8-9.
1252 418 1317 491 713

276 604 321 670 Et
335 604 474 671 Brianus
489 604 583 669 nenit
596 612 632 669 et
645 602 727 669 dicit
742 603 828 690 quod
844 612 937 669 tenet
956 612 1077 669 terram
1097 604 1188 669 illam
1207 612 1247 669 ut
1266 604 1319 671 ius

209 732 307 775 suum
321 731 361 774 ex
375 708 460 774 dono
474 708 614 794 predicti
628 708 775 774 Huberti
789 708 848 794 qui
866 707 974 773 adhuc
988 708 1087 774 uiuus
1101 716 1152 773 est
1166 716 1201 773 et
1220 730 1319 775 sanus

209 821 244 878 et
258 813 380 879 iturus¹
393 815 435 879 de
455 814 524 879 loco
542 813 579 877 in
598 815 713 889 locum,
729 820 764 877 at
784 812 812 877 si
835 811 923 877 idem
945 812 1118 878 Hubertus
1139 812 1213 878 uult
1232 812 1320 879 aliis'

208 914 339 1001 aliquod
367 914 421 981 ius
447 922 578 1001 peteret
606 934 720 979 uersus
744 934 822 978 eum
848 912 918 999 ipse
944 912 1085 979 libenter
1112 913 1321 1001 responderet

207 1016 342 1084 deiure

275 1122 319 1186 Et
330 1121 514 1187 willelmos
528 1121 608 1187 Brid
621 1121 679 1208 qui
694 1120 839 1209 loquitur
852 1142 910 1207 pro
925 1120 1019 1185 Dom.
1031 1120 1123 1208 Rege
1138 1120 1321 1207 dicitquod

209 1224 385 1292 Hubertus-
394 1227 503 1292 tenuit
518 1235 639 1293 terram
653 1226 744 1292 illam
759 1225 857 1291 simul
878 1248 953 1292 cum
967 1224 1040 1291 eliis
1055 1224 1150 1290 terris
1164 1225 1205 1291 de
1226 1225 1321 1291 Dom.

209 1332 300 1420 Rege
314 1332 350 1396 in
364 1332 480 1417 capite,
495 1338 531 1397 et
549 1330 629 1417 quia
648 1330 737 1397 idem
756 1330 929 1397 Hubertus
949 1337 1001 1395 est
1019 1330 1183 1417 impotens
1201 1330 1253 1395 sui
1272 1330 1322 1397 ita

208 1436 296 1523 qood
309 1435 421 1501 amisit
434 1435 624 1500 memoriam
638 1456 731 1499 snam
746 1433 915 1520 prohibuit
929 1432 1022 1499 Dom
1036 1434 1108 1498 Rex
1123 1455 1181 1519 per
1195 1432 1321 1499 litteras

209 1562 283 1606 snas
297 1538 483 1605 uicecomiti
496 1538 530 1602 N
532 1537 721 1624 otingeham
735 1535 823 1623 quod
837 1557 902 1601 non
917 1535 1123 1621 permitteret
1135 1535 1221 1622 quod
1231 1535 1320 1601 idem

210 1643 382 1710 Hubertus
395 1643 489 1709 daret
500 1643 554 1708 nel
565 1641 725 1708 uenderet
735 1641 790 1706 uel
803 1640 869 1705 alio
883 1639 979 1705 modo
994 1639 1151 1705 alienaret
1165 1640 1322 1727 quicquid

209 1747 251 1813 de
266 1746 360 1812 terris
373 1745 441 1811 suis
455 1753 491 1811 et
505 1745 565 1811 hoc
580 1744 711 1811 clamari
726 1745 847 1809 faceret
862 1765 921 1829 per
934 1750 1039 1809 totam
1053 1743 1208 1809 ballinam
1228 1766 1320 1809 suam

210 1850 297 1937 qnod
310 1850 421 1916 nullus
434 1848 477 1915 de
491 1848 587 1914 terris
600 1848 669 1917 suis
682 1856 808 1915 emeret
826 1848 870 1915 ad
890 1847 1179 1915 exheredationem
1193 1847 1322 1912 heredis
1372 1911 1375 1917 ,

210 1953 271 2032 sui,
285 1960 321 2017 et
334 1952 467 2017 interim
481 1951 654 2017 mandauit
667 1950 763 2017 Dom.
779 1951 851 2015 Rex
873 1950 1058 2015 uioecomiti
1072 1949 1159 2037 quod
1173 1950 1323 2016 mitteret

210 2064 350 2142 quatuor
367 2056 490 2122 milites
508 2054 551 2121 ad
570 2054 712 2121 eundem
733 2055 922 2120 Hubertum
944 2054 987 2121 ad
1008 2054 1187 2121 uidendum
1210 2064 1321 2121 utrum

209 2160 280 2246 ipse
301 2181 379 2225 sane
401 2159 520 2225 mentis
542 2167 630 2225 esset
651 2168 686 2224 et
707 2158 759 2224 sui
780 2181 911 2245 compos
933 2166 968 2223 et
990 2158 1165 2224 ueritatem
1191 2158 1251 2223 rei'
1264 2180 1323 2245 per

210 2261 341 2327 eosdem
355 2261 479 2327 milites
492 2262 574 2327 scire
594 2263 716 2327 faceret
735 2261 830 2326 Dom.
845 2261 931 2348 Regi
945 2260 980 2325 in
996 2261 1068 2327 Oct.
1084 2261 1115 2326 S.
1132 2260 1218 2326 Trin.
1234 2261 1322 2347 apud

210 2364 478 2430 Norhamtonam
538 2364 582 2429 Et
607 2364 696 2431 idem
719 2364 904 2431 Willelmus
930 2364 1052 2449 profert
1077 2362 1205 2439 litteras
1226 2363 1320 2430 Dom

209 2469 311 2556 Regis
332 2492 397 2555 que
422 2468 483 2535 hoc
506 2467 593 2536 idem
620 2476 792 2547 testantur,
818 2468 906 2535 unde
932 2468 1013 2534 dicit
1040 2466 1128 2554 quod
1149 2475 1321 2554 postquam

210 2574 320 2641 littere
333 2574 389 2638 ille
404 2581 567 2639 uenerunt
581 2573 622 2639 ad
638 2573 865 2639 uicecomitem
885 2581 920 2638 et
943 2580 1117 2660 postquam
1137 2570 1259 2637 milites
1280 2573 1321 2639 ad

209 2700 286 2744 eum
308 2677 400 2743 missi
423 2678 557 2743 fuerunt
577 2677 686 2765 posuit
700 2700 735 2743 se
757 2678 846 2743 idem
871 2678 1011 2743 Brianus
1033 2677 1068 2741 in
1088 2686 1208 2743 terram
1231 2678 1322 2742 illem

210 2789 245 2845 et
279 2802 377 2867 snper
407 2778 644 2845 defensionem'
671 2779 767 2845 Dom.
797 2780 898 2867 Regis
926 2780 1049 2866 pluries
1080 2780 1111 2845 ei
1141 2780 1262 2844 factam
1287 2788 1322 2845 et

209 2892 382 2970 postquam
405 2883 492 2949 idem
517 2883 696 2950 Hubertus‘
710 2905 778 2948 non
796 2883 861 2948 fuit
881 2905 958 2949 sane
980 2882 1101 2948 mentis
1120 2903 1180 2947 nec
1194 2904 1324 2969 compos
1375 2934 1378 2942 .

210 2986 284 3052 sui‘.
716 2996 722 3005 ’

154 3137 161 3150 .
274 3090 444 3157 “Ysobella
466 3101 531 3177 que'
550 3090 615 3155 luit
633 3112 715 3155 uxor
734 3088 887 3157 Nicholai
906 3089 946 3155 de
968 3088 1095 3174 Kiuilly
1108 3089 1194 3175 petit
1210 3112 1323 3155 uersus
1395 3098 1410 3128 ¹¹

210 3194 343 3260 fratrem
378 3194 544 3281 Rogernm
578 3193 774 3281 Magistrum
808 3193 935 3259 Domus
968 3194 1033 3261 Dei
1061 3193 1102 3259 dc
1132 3193 1322 3261 Portesmue

210 3297 345 3363 terciam
364 3304 492 3383 partem
511 3295 537 3383 j
557 3297 694 3385 mesagii
708 3320 782 3363 cum
796 3305 879 3383 pert.
894 3298 930 3363 in
945 3296 1116 3362 Wintonia
1129 3304 1164 3362 et
1186 3296 1322 3363 terciam

210 3407 336 3485 perlem
356 3400 381 3486 j.
396 3400 533 3486 mesagii
552 3422 637 3465 cum.
653 3400 786 3486 pertin
807 3400 998 3467 Portesmue
1020 3400 1056 3465 in
1078 3422 1157 3465 com
1175 3400 1269 3467 Suth
1287 3408 1322 3465 et

210 3504 345 3570 terciam
370 3512 497 3590 partem
520 3504 543 3589 j.
567 3505 650 3591 uirg.
674 3513 760 3571 terre
782 3527 858 3571 cum
883 3512 965 3592 pert.
990 3505 1026 3571 in
1051 3504 1262 3571 Bradefordia
1287 3505 1322 3571 in

211 3629 289 3673 com.
306 3608 397 3673 Wilt.
413 3615 453 3672 ut
467 3607 579 3674 dotem
592 3630 686 3673 suam
700 3618 761 3675 etc.

276 3713 321 3777 Et
350 3712 507 3799 Magister
536 3712 629 3777 uenit
658 3722 693 3777 et
717 3712 798 3778 dicit
825 3712 911 3800 quod
936 3712 1009 3799 ipsa
1032 3734 1096 3779 non
1122 3712 1221 3779 debet
1245 3712 1322 3780 inde

210 3814 320 3880 dotem
335 3814 454 3881 habere
469 3814 548 3901 quia
561 3815 596 3879 in
615 3816 714 3901 plena
732 3816 874 3881 sanitate
896 3815 1042 3881 eiusdem
1067 3815 1219 3881 Nicholai
1239 3816 1322 3881 cele·

210 3919 341 3984 bretnm
356 3918 421 3983 fuit
440 3918 622 3984 diuorcium
642 3919 730 3984 inter
749 3919 858 4005 ipsum
873 3918 1070 3985 Nioholaum
1085 3926 1120 3985 et
1135 3918 1320 3985 Ysobellam

211 4044 317 4087 coram
332 4020 426 4086 Dom.
443 4020 682 4086 Sarrisbiriensi
697 4021 864 4108 Episcopo,
878 4021 927 4087 ita
941 4020 1028 4107 quod
1047 4022 1082 4091 'm
1101 4022 1159 4087 illo
1178 4021 1321 4087 diuoreio

211 4125 304 4193 dedit
322 4126 392 4211 ipse
412 4126 444 4190 ei
463 4124 594 4191 nomine
609 4125 694 4191 dotis
708 4125 793 4211 iiiju.
809 4148 933 4193 marces
948 4126 1035 4192 unde
1049 4126 1163 4193 stetim
1178 4125 1321 4193 reddidit

327 4327 570 4384 momumento,
582 4322 613 4375 Δ.
939 4326 1068 4378 ⁴80an
1081 4328 1099 4391 l.
1113 4328 1143 4377 14
1152 4327 1176 4380 b.

327 4391 426 4441 ’Gom
438 4392 556 4440 celclr'ns
566 4392 681 4441 notauit
693 4394 762 4452 ollis,
775 4390 805 4440 A.
939 4390 1042 4443 'hm
1055 4392 1121 4461 Μ,

328 4456 339 4488 ²
355 4459 482 4521 Dqlsrrsio,
495 4453 663 4519 prohibition.
