3342 5217
435 407 668 468 mosanmms,
691 409 755 458 an.
780 392 874 470 1220,
895 409 958 456 aa
983 392 1076 458 4-5.
1247 389 1310 458 255

201 577 367 644 monachis
375 579 399 663 ¹]
422 581 568 666 prefatus
588 579 751 644 Robertus
776 579 914 644 eandem
939 580 1107 646 ecclesiam
1131 581 1173 646 de
1199 584 1310 669 Tonge

201 677 302 745 libere
324 690 359 746 et
376 681 524 748 absolute
546 681 724 768 possidebit
743 681 908 748 reddendo
927 680 1098 748 annuatim
1116 683 1165 768 [¹¹]
1180 684 1311 750 nomine

200 783 364 870 pensionis
392 783 562 850 dimidiam
591 807 731 850 marcam
755 807 853 871 quam
884 784 971 850 idem
993 786 1156 852 Robertus
1177 787 1311 854 reddere

199 889 377 956 consueuit.

266 991 311 1057 Et
332 993 479 1080 Rogerus
501 1015 559 1080 per
579 1000 783 1058 attornatum
807 1013 904 1058 suum
927 991 1008 1058 dicit
1032 992 1120 1078 quod
1144 1001 1233 1058 carte
1254 992 1310 1058 ille

199 1118 265 1160 non
288 1096 411 1163 debent
434 1099 464 1164 ei
490 1121 604 1164 nocere
631 1098 711 1184 quin
734 1095 834 1163 assisa
852 1095 1026 1183 pmcedet’
1047 1096 1125 1183 quia
1146 1097 1311 1183 predictus

115 1211 118 1214 '
200 1197 389 1286 Emulphus
415 1201 479 1266 fuit
508 1201 585 1268 inde
613 1223 751 1288 persona
779 1200 822 1266 ad
850 1199 1124 1286 presentationem
1154 1200 1311 1266 WiJlelmi

198 1312 240 1377 de
264 1313 412 1379 Beaunes
435 1315 544 1380 fratris
566 1312 618 1380 sui
640 1313 734 1380 cuius
755 1314 850 1379 heres
872 1312 942 1398 ipse
966 1320 1025 1390 est,
1048 1312 1211 1379 reddendo
1233 1313 1310 1378 inde

198 1437 257 1501 per
281 1439 404 1482 annum
426 1417 531 1483 eidem
555 1416 681 1484 Abbati
711 1417 787 1484 dim
810 1439 906 1482 marc.
936 1417 1068 1483 nomine
1097 1417 1247 1482 beneficii
1276 1424 1311 1482 et

198 1518 282 1601 bene
311 1521 474 1607 cognoscit
496 1521 583 1608 quod
612 1521 700 1588 idem
726 1519 840 1587 Abbas
865 1520 966 1586 debet
990 1520 1067 1587 inde
1091 1520 1210 1587 habere
1232 1521 1310 1586 dim.

197 1632 344 1688 marcet
363 1623 535 1690 aduocacio
556 1624 679 1690 residui
699 1623 799 1690 debet
821 1622 853 1688 ei
874 1645 1049 1688 remanere.
1094 1623 1185 1689 Dicit
1206 1623 1309 1690 eciam

197 1725 286 1811 quod
315 1725 403 1792 idem
430 1727 619 1814 Ernulphus
648 1727 730 1794 obiit
759 1726 819 1792 hoc
849 1749 934 1792 anno
963 1725 1081 1791 ultimo
1109 1749 1254 1812 persona,
1275 1735 1311 1792 et

196 1829 276 1894 inde
297 1830 384 1916 petit
405 1831 547 1898 csdsem.
593 1832 644 1897 De
670 1830 768 1898 cartis
798 1830 880 1897 dicit
908 1831 995 1918 quod
1024 1839 1196 1918 postquam
1225 1833 1309 1898 facte

197 1935 332 1999 fuerunt
347 1936 551 2021 presentauit
565 1935 731 2022 predictus
745 1935 930 2001 Willelmus
945 1937 1045 2002 frater
1058 1959 1137 2001 suus
1156 1936 1308 2001 clericum

195 2035 240 2100 ad
269 2036 437 2104 eeclesiam
466 2038 565 2116 illam,
587 2039 711 2106 scilicet
739 2037 924 2125 predictum
946 2039 1153 2127 Emulphum
1175 2049 1210 2106 et
1231 2040 1308 2106 inde

196 2140 284 2226 petit
297 2141 430 2208 assisam
445 2150 505 2208 eto.

264 2245 308 2310 Et
324 2246 401 2332 quia
415 2246 562 2334 Rogerus
581 2247 663 2313 dicit
682 2248 770 2334 quod
786 2248 976 2334 Ernulphus
995 2249 1078 2314 obiit
1098 2249 1216 2316 ultima
1236 2273 1307 2338 per-

195 2373 277 2416 sona
290 2359 496 2437 presentatus
510 2359 545 2416 et
559 2359 632 2438 post
647 2361 769 2418 cartam
785 2351 924 2418 Comitis
935 2353 1056 2440 Rogeri
1069 2354 1306 2421 consideratum

196 2461 249 2518 est
278 2453 364 2540 quod
387 2453 488 2520 assisa
512 2454 672 2540 procedat
719 2454 763 2518 Et
789 2455 889 2542 Hugo
912 2454 954 2519 de
978 2454 1137 2520 Belinhal’
1163 2465 1223 2522 eta
1242 2457 1307 2544 jur'

195 2555 279 2620 sum’
305 2556 392 2642 quod
414 2555 483 2621 sint
502 2579 525 2621 a
549 2556 602 2622 die
628 2565 687 2622 eto.
710 2557 817 2643 parati
846 2565 1048 2623 sacramento
1075 2581 1308 2646 recognoscere,

196 2659 271 2746 quis
285 2659 463 2727 aduocatus
478 2669 537 2727 etc

133 2839 142 2856 Ι
263 2763 275 2797 ⁸
282 2765 394 2831 Assisa
429 2765 523 2831 uenit
556 2766 761 2854 recognitum
789 2766 818 2832 si
847 2767 899 2832 ,λ’
928 2766 971 2832 de
1000 2766 1097 2832 Turri
1125 2770 1307 2836 auunculus
1407 2811 1422 2855 y·

196 2871 334 2938 Roberti
356 2871 420 2937 fuit
441 2872 571 2938 seisitus
593 2871 628 2938 in
649 2872 811 2938 dominico
840 2894 899 2936 suo
929 2879 968 2936 ut
995 2871 1037 2936 de
1067 2872 1160 2937 feodo
1188 2873 1230 2939 de
1252 2875 1305 2961 vij.

195 2975 279 3042 acris
315 2984 400 3042 terre
436 3000 511 3042 cum
541 2977 750 3064 pertinenciis
779 2977 814 3042 in
843 2976 985 3042 Pecham
1013 2975 1067 3041 die
1096 3000 1161 3064 quo
1189 2986 1249 3043 etc
1278 2979 1307 3044 si

195 3078 280 3145 obiit
309 3089 383 3166 post
411 3080 550 3167 primam
579 3080 820 3147 coronacionem
844 3078 1001 3145 Henrici⁶
1026 3079 1127 3167 Regis
1152 3083 1307 3147 auunculi

194 3193 232 3250 et
268 3184 297 3249 si
326 3192 396 3264 etc,
425 3207 523 3271 quam
560 3193 681 3252 terram
706 3184 909 3272 Reginaldus
938 3183 979 3249 de
1009 3184 1307 3272 Brentungeherste

197 3296 291 3354 tenet
305 3288 363 3375 qui
377 3289 470 3354 uenit
486 3297 521 3355 et
535 3291 619 3356 bene
633 3289 781 3355 concedit
795 3288 959 3355 assisam‘.

262 3394 431 3460 Juratores
454 3395 569 3462 dicunt
595 3396 682 3484 quod
705 3395 871 3483 predictus
896 3393 1066 3460 Judanus'
1089 3395 1154 3461 fuit
1176 3395 1307 3462 saisitus

195 3506 237 3564 ut
256 3497 297 3564 de
317 3497 410 3564 feodo
432 3522 491 3565 suo
513 3508 549 3565 et
570 3500 605 3564 in
627 3499 788 3566 dominico
809 3498 863 3564 die
886 3521 950 3585 quo
969 3498 1035 3563 iter
1050 3521 1146 3564 suum
1168 3500 1307 3588 arripuit
1317 3539 1375 3579 Μ.
1377 3537 1469 3626 3241„

193 3603 232 3669 in
246 3602 507 3690 peregrinacione
526 3627 586 3670 sua
608 3610 642 3670 et
657 3603 743 3691 quod
764 3603 853 3670 idem
874 3603 1013 3690 arripuit
1034 3611 1108 3690 post
1129 3605 1304 3670 terminum
1316 3587 1470 3674 {aim-⁰⁸

195 3715 257 3774 eto
281 3715 316 3772 et
337 3707 425 3794 quod
445 3706 533 3773 idem
556 3707 718 3774 Robertus
738 3714 789 3773 est
809 3705 1019 3793 propinquior
1040 3707 1133 3772 heres
1154 3708 1233 3787 eius,
1254 3679 1470 3817 εοὺῗιῗιιιᾝ

195 3811 349 3878 nesciunt
381 3835 439 3899 pro
469 3835 546 3878 uero
579 3813 607 3879 si
637 3811 801 3878 Jordanus
830 3819 978 3877 mortuus
1007 3820 1058 3876 est
1086 3835 1147 3878 nec
1175 3835 1226 3890 ne,
1255 3821 1305 3878 set
1316 3777 1469 3920 ffiffigh

194 3916 315 3982 melius
330 3917 467 3983 credunt
480 3918 568 4005 quod
587 3925 734 3983 mortuus
754 3916 798 3981 sit
813 3937 912 4002 quam
930 3914 1035 4014 uiups
1079 3915 1124 3980 Et
1138 3917 1259 4003 quesiti
1277 3917 1452 4014 Siffl'tio

194 4023 262 4089 fuit
284 4021 414 4088 seisitus
443 4022 497 4089 die
519 4046 583 4110 qno
613 4021 695 4088 obiit
724 4021 810 4087 sicut
839 4019 940 4086 breue
964 4019 1054 4099 dicit,
1076 4019 1190 4086 dicunt
1219 4022 1305 4109 quod
1316 4011 1449 4149 &21⁸⁰

228 4191 240 4225 ¹
256 4190 380 4242 Transfa
390 4190 465 4242 thess
472 4190 590 4242 wordsto
608 4191 644 4256 *].
668 4191 725 4243 'Phe
806 4189 819 4222 ⁴
834 4190 971 4250 «Iordane,
984 4189 1015 4247 A,
1027 4189 1058 4239 Β.

194 4253 308 4310 blundsr
326 4253 350 4307 ts
368 4255 418 4310 due
431 4261 460 4309 to
476 4271 511 4308 an
529 4257 615 4310 intsr'
636 4256 725 4309 astion
807 4255 819 4290 ⁸
835 4255 862 4304 It
871 4253 966 4305 should
982 4254 1014 4305 bs
1027 4256 1145 4307 Ricardi.
1177 4257 1210 4308 In
1226 4259 1249 4309 Δ
1265 4259 1303 4311 Η.

193 4323 267 4422 mad.
364 4388 416 4438 ‘A
775 4319 1041 4448 hapmoprrnqomted
1051 4320 1110 4373 into
1120 4324 1153 4375 R.

228 4389 424 4516 diffisa}
441 4454 473 4504 a.
485 4467 521 4504 m.
533 4455 549 4507 r
561 4452 587 4505 u.
809 4451 820 4486 v
837 4451 1058 4504 corrosum.
