3342 5217
372 405 436 478 376
581 423 814 486 menimis,
835 425 900 474 an.
925 411 1018 486 12³0,
1039 423 1103 475 aa
1127 414 1262 477 14-15,

436 597 496 664 'Et
510 601 588 687 quia
601 599 702 667 breue
716 601 863 688 loquitur
874 599 917 666 de
930 623 998 666 una
1010 601 1141 688 uirgato
1153 609 1189 666 ct
1206 623 1271 666 non
1285 602 1472 667 continetur

370 702 406 767 in
435 702 624 790 cirographo
652 703 740 788 quod
769 703 844 768 finis
869 702 951 768 non¹
971 703 1035 768 fuit
1055 704 1161 768 factus
1188 704 1251 769 nisi
1271 703 1315 770 de
1334 705 1470 770 dimidia

369 805 506 892 uirgato
529 805 776 872 consideratum
798 815 850 872 est
871 807 958 894 quod
978 807 1157 873 Rollandus
1176 808 1254 874 inde
1273 809 1344 874 sine
1363 808 1417 874 dic
1434 815 1470 873 et

368 908 516 974 Andreas
536 909 573 974 in
593 909 811 975 misericordia
832 919 868 975 et
888 911 1055 997 perquirat
1074 933 1110 976 se
1130 933 1190 997 per
1209 911 1300 977 aliud
1318 912 1418 977 breue
1440 911 1469 976 si

368 1013 516 1078 uoluerit

311 1164 319 1179 .
432 1115 605 1183 ⁸Ricardus
626 1117 667 1183 de
684 1117 878 1184 Tudenham
898 1118 1106 1184 athochiatus
1125 1119 1191 1184 fuit
1211 1119 1254 1184 ad
1273 1118 1469 1206 responden-

367 1217 446 1286 dum
461 1221 601 1288 Reinero
613 1221 655 1288 de
669 1221 862 1288 Tudenham
876 1245 976 1308 quare
990 1245 1055 1288 non
1076 1231 1170 1287 tenet
1188 1222 1287 1287 finem
1308 1223 1395 1286 inter
1412 1243 1469 1285 eos

367 1323 490 1388 factum
519 1345 626 1389 coram
655 1324 842 1390 iusticiariis
866 1325 956 1412 apud
975 1325 1300 1390 westmonasterium
1322 1334 1469 1409 ternpore

367 1425 409 1490 Η
430 1426 530 1514 Regis
550 1435 610 1494 etc
631 1427 673 1492 de
694 1427 772 1492 dim.
791 1449 893 1492 carue
916 1436 1002 1492 terre
1023 1450 1098 1492 cum
1118 1436 1200 1514 pert.
1219 1427 1255 1491 in
1276 1427 1467 1491 Tndenham

366 1537 426 1594 etc
456 1539 491 1596 et
514 1529 601 1595 unde
629 1530 856 1618 cirographum
885 1539 955 1608 ete,
976 1539 1012 1596 et
1033 1531 1120 1596 unde
1141 1531 1301 1596 Reinerus
1321 1530 1471 1616 queritur

366 1632 453 1718 quod
466 1633 631 1719 predictus
645 1634 802 1699 Ricardus
816 1642 930 1698 contra
947 1635 1047 1700 finem
1067 1635 1160 1698 illum
1181 1633 1306 1698 dimisit
1324 1633 1469 1699 Roberto

366 1735 494 1823 Wygge
509 1744 543 1802 et
558 1737 712 1802 fratribus
725 1737 792 1802 suis
806 1737 861 1823 xij.
882 1759 944 1802 acr.
964 1745 1050 1802 tene
1069 1760 1144 1802 curn
1163 1746 1243 1823 pert
1263 1745 1299 1801 et
1320 1737 1468 1801 alnetum

365 1838 527 1923 quoddam
548 1847 584 1904 et
601 1839 765 1927 quandam
786 1840 953 1905 turbaram
974 1847 1009 1905 et
1030 1862 1093 1905 sen
1114 1840 1203 1905 solid
1226 1839 1371 1904 redditus
1391 1861 1468 1903 cum

364 1951 446 2028 pert.
460 1943 496 2008 in
511 1942 665 2032 Oretinge
680 1952 715 2009 et
729 1944 831 2009 eciam
847 1945 976 2010 cuidam
991 1945 1134 2009 Roberto
1148 1946 1179 2009 le
1194 1944 1327 2030 Tayllur
1340 1943 1470 2008 circiter

359 2045 384 2131 j.
411 2068 472 2112 acr.
498 2047 584 2131 prati
605 2055 641 2112 et
661 2047 800 2134 ipsemet
822 2047 928 2113 adhuc
950 2055 1043 2112 tenet
1064 2047 1227 2112 redditum
1248 2047 1314 2133 xiij.
1337 2047 1468 2112 demet

364 2147 443 2214 dicit
458 2150 544 2236 quod
559 2150 667 2215 omnia
680 2151 745 2216 isto
760 2151 837 2216 fecit
850 2159 924 2237 post
938 2151 1037 2215 finem
1052 2150 1144 2214 illum
1165 2172 1224 2236 per
1239 2149 1466 2237 cirographum

364 2254 450 2339 quod
465 2255 587 2319 factum
602 2255 666 2319 firit
685 2277 706 2318 a
724 2254 777 2320 die
798 2263 858 2320 ete
879 2263 914 2319 et
932 2253 1020 2320 unde
1041 2252 1122 2318 dicit
1142 2253 1230 2339 quod
1250 2252 1467 2319 deterioratos

364 2364 414 2421 est
429 2365 463 2422 et
478 2356 655 2443 dampnum
671 2357 771 2424 hahet
785 2358 827 2424 ad
842 2358 1023 2424 ualenciam
1037 2380 1067 2421 x.
1082 2357 1137 2422 sol

428 2459 473 2523 Et
494 2459 652 2524 Ricardum
673 2461 767 2525 uenit
788 2469 823 2526 et
844 2461 928 2525 bene
949 2459 1096 2524 concedit
1117 2467 1153 2524 et
1181 2458 1344 2546 cognoscit
1365 2457 1464 2522 finem

362 2560 456 2626 illum
481 2570 516 2626 et
539 2562 764 2650 cirographum
789 2571 824 2628 et
847 2563 883 2627 in
907 2561 998 2627 nullo
1020 2561 1083 2626 erit
1110 2570 1222 2626 eontra
1246 2560 1345 2626 finem
1368 2561 1465 2625 illum

362 2670 397 2728 et
411 2663 519 2730 reddit
533 2665 565 2730 ei
579 2673 686 2730 totum
700 2665 865 2730 redditum
880 2687 976 2752 quem
995 2665 1066 2750 ipse
1085 2672 1177 2729 tenet
1196 2664 1232 2728 in
1250 2664 1331 2728 uilla
1350 2663 1408 2728 illa
1428 2672 1465 2728 et

361 2766 542 2855 dicitquod
561 2777 736 2854 antequam
756 2768 830 2833 finis
850 2770 955 2833 factus
973 2776 1059 2833 esset
1079 2767 1167 2832 inter
1186 2789 1241 2832 eos
1261 2789 1326 2831 non
1347 2766 1465 2832 habuit

362 2871 431 2957 ipse
454 2880 575 2937 terram
599 2872 689 2937 illam
708 2894 770 2937 nec
790 2873 938 2938 alnetum
958 2895 1020 2938 nec
1040 2872 1206 2937 turberam
1226 2873 1263 2936 in
1283 2893 1383 2936 manu
1404 2893 1466 2935 sua

361 2974 461 3040 immo
476 2975 533 3040 illa
546 2975 635 3062 priui
650 2974 817 3040 dimiserat
832 2974 938 3040 eidem
957 2974 1099 3040 Roberto
1119 2974 1236 3061 Wigge
1256 2983 1291 3039 et
1310 2973 1465 3039 fratribus

361 3078 428 3144 suis
449 3079 572 3144 scilicet
594 3079 636 3144 ad
658 3079 778 3144 festum
793 3079 825 3145 S.
847 3080 944 3146 Mich.
962 3088 1040 3145 ante
1060 3079 1160 3144 finem
1181 3079 1274 3143 illum
1296 3099 1399 3163 usque
1420 3076 1463 3142 ad

360 3206 390 3248 x.
411 3205 512 3248 annos
531 3191 704 3268 sequentes
723 3184 899 3268 completos
921 3190 956 3247 et
977 3183 1079 3248 eciam
1101 3181 1246 3267 predicto
1266 3181 1410 3246 Roberto
1430 3179 1463 3245 le

360 3287 485 3352 Taillur
506 3295 637 3373 pratum
659 3285 750 3364 illud,
772 3295 807 3352 et
835 3286 912 3352 inde
934 3287 1027 3374 ponit
1048 3309 1084 3352 se
1106 3284 1372 3372 superpatriam.
1418 3284 1463 3348 Et

360 3389 519 3454 Reinerus
537 3389 694 3455 similiter.
739 3389 783 3454 Et
796 3388 871 3454 ideo
889 3397 1079 3476 preceptum
1099 3397 1150 3454 est
1172 3387 1355 3453 uicecomiti
1374 3387 1463 3474 quod

359 3492 479 3558 habere
501 3493 599 3558 faciat
620 3492 766 3579 predicto
788 3493 927 3558 Reinero
949 3492 1128 3579 plenariam
1149 3490 1301 3556 seisinam
1322 3490 1364 3556 de
1390 3499 1463 3556 tota

360 3603 447 3661 terra
474 3603 509 3661 et
531 3595 662 3661 redditu
687 3617 762 3660 oum
786 3605 869 3682 pert.
894 3618 956 3683 que
986 3595 1074 3661 idem
1102 3593 1262 3660 Ricordus
1289 3593 1398 3658 tenuit
1426 3593 1464 3657 in

360 3697 530 3784 Crettinge
546 3698 599 3764 die
614 3721 678 3785 quo
692 3699 753 3764 hec
767 3699 937 3764 concordia
950 3701 1037 3764 faeta
1050 3698 1114 3763 suit
1133 3697 1199 3763 scil.
1214 3719 1236 3761 a
1249 3695 1393 3782 predicto
1408 3696 1463 3762 die

360 3800 392 3867 S.
415 3801 512 3867 Mich.
539 3808 598 3866 etc
624 3808 658 3865 et
682 3800 857 3887 diligenter
883 3801 1028 3887 inquirat
1055 3800 1084 3865 si
1111 3798 1277 3885 predictus
1305 3797 1464 3863 Ricardus

358 3902 484 3968 dimisit
498 3901 620 3968 eisdem
634 3903 778 3968 Roberto
792 3903 912 3991 Wigge
926 3910 961 3967 et
975 3902 1130 3967 iratribus
1143 3901 1211 3966 suis
1230 3900 1390 3987 predictas
1406 3901 1463 3987 xij.

358 4025 447 4070 acras
476 4012 560 4070 terre
590 4005 737 4070 alnetum
766 4012 801 4069 et
830 4004 996 4070 turberam
1025 4012 1060 4068 et
1088 4002 1272 4089 predictum
1296 4001 1462 4068 redditum

358 4117 393 4173 et
416 4108 523 4174 eidem
548 4108 690 4173 Roberto
714 4109 744 4173 le
775 4108 900 4174 Taillur
926 4107 1109 4196 predictum
1136 4113 1269 4194 pratum
1294 4115 1368 4193 post
1389 4129 1462 4193 pre-

390 4245 497 4296 ¹What
512 4245 612 4296 lollows
628 4245 708 4296 refers
724 4246 752 4296 to
765 4243 810 4296 tho
826 4243 884 4296 urit
934 4244 1002 4297 sion.

359 4313 442 4373 Quare
463 4325 514 4361 nou
536 4313 661 4374 permisit.
694 4309 803 4360 Andrew
830 4309 884 4360 had
965 4305 1461 4370 ’eisawhnhhuthcooublem

358 4375 484 4440 replevied
495 4375 537 4425 his
548 4374 695 4426 bemtsend
705 4375 761 4425 also
772 4374 883 4438 brought
965 4375 977 4408 ⁸
991 4375 1022 4424 A.
1034 4389 1070 4424 m.
1082 4375 1124 4426 82.

357 4456 392 4493 an
402 4439 490 4492 action
501 4443 528 4494 to
539 4439 570 4492 bc
580 4439 683 4504 quieted
691 4440 719 4492 in
729 4439 772 4492 his
782 4455 882 4504 possse
