3342 5217
155 867 302 930 849.

1018 0 1295 28 alm-an,
1338 0 1467 16 ων.
1520 0 1643 17 “v
1656 0 1708 30 δ’,
1750 0 1877 19 ωδ..
1928 0 2024 17 ὧν.
2495 0 2574 18 νυ

406 131 489 196 de
520 140 896 200 tenemento
931 134 1002 201 in
1030 136 1369 215 dominico,
1398 137 1525 202 nisi
1567 136 1863 203 dedicere
1903 136 2186 203 uoluerit
2215 136 2388 224 quod
2416 137 2498 203 d'e
2543 160 2638 206 eo⁴
2710 203 2717 210 ,

404 241 626 301 tenere
669 259 798 302 non
842 238 1096 318 debeat,
1126 248 1196 304 et
1238 239 1410 325 quod
1454 240 1517 305 ei
1559 240 1906 306 seruicium
1950 241 2158 306 facere
2202 261 2335 305 non
2377 239 2619 307 debeat
2710 278 2716 285 ·

405 337 577 403 feodi
637 339 688 425 j.
748 340 979 406 militis
1045 343 1401 408 secundum
1460 342 1634 429 quod
1692 343 1762 408 in
1819 352 2000 409 carta
2055 344 2438 409 continetur.
2531 344 2618 409 Et

407 436 640 508 Comes
697 445 868 530 petit
924 444 1100 510 diem
1171 446 1257 511 ad
1314 445 1801 512 certificandum
1859 468 1929 512 se
1987 454 2213 511 utrum
2269 446 2616 512 seruicium

404 545 611 611 facere
669 548 921 626 debeat,
975 549 1082 614 uel
1139 550 1313 636 quod
1370 557 1733 616 warantum
1791 549 2086 615 inuenire
2135 549 2357 636 possit,
2411 572 2454 614 a
2508 548 2615 614 die

405 649 471 716 S.
502 652 672 717 Trin„
704 653 776 717 in
803 676 903 718 xv.
933 653 1087 719 dies,
1179 654 1267 719 Et
1298 654 1531 721 Comes
1572 654 1824 719 amouit
1852 653 2214 719 Robertum
2243 653 2306 718 le
2335 653 2616 719 Butiller

403 776 599 840 quem
628 756 847 841 posuit
876 756 1014 821 loco
1041 779 1159 822 suo
1188 766 1309 823 etc.

533 858 717 924 Prior
757 860 839 925 de
884 861 1289 926 Hauerhalm
1332 861 1767 927 summonitus
1796 860 1925 926 fuit
1967 860 2052 926 ad
2095 859 2612 946 respondendum

402 961 653 1028 Abbati
694 963 777 1028 de
821 963 1155 1029 Kirkestal
1207 986 1405 1050 quare
1451 986 1582 1028 non
1632 964 1929 1049 aquietet
1975 985 2126 1028 eum
2171 985 2396 1028 uersus
2441 964 2610 1028 Mar-

399 1065 648 1152 geriam
705 1066 788 1131 de
846 1066 1131 1153 Ripariis
1187 1067 1270 1132 de
1341 1067 1632 1133 seruiciis
1692 1075 1762 1132 et
1817 1067 2395 1133 consuetudinibus
2452 1074 2614 1153 quas

402 1168 630 1235 eadem
676 1171 999 1258 Margeria
1041 1172 1125 1237 ab
1169 1194 1246 1237 eo
1290 1171 1497 1258 exigit
1539 1172 1621 1237 de
1665 1178 2043 1237 tenemento
2086 1170 2259 1258 quod
2304 1180 2489 1237 tenet
2530 1170 2612 1238 de

402 1273 631 1341 eodem
675 1275 891 1354 Priore
937 1275 1007 1340 in
1052 1275 1401 1341 Horfordia
1450 1283 1520 1341 et
1572 1275 1790 1341 Kikel’
1838 1284 1909 1341 et
1967 1276 2140 1341 unde
2200 1276 2374 1341 idem
2432 1275 2616 1341 Prior

402 1377 518 1462 qui
560 1378 814 1444 medius
857 1387 959 1444 est
1002 1401 1154 1444 eum
1197 1379 1531 1464 aquietare
1574 1378 1791 1457 debet,
1836 1386 1904 1444 et
1948 1379 2122 1444 unde
2171 1378 2346 1444 idem
2390 1378 2615 1445 Abbas

403 1480 700 1565 queritur
756 1481 929 1568 quod
987 1504 1136 1547 cum
1193 1481 1369 1547 idem
1429 1481 1613 1547 Prior
1668 1481 1922 1546 medius
1979 1482 2068 1546 sit
2124 1481 2298 1546 inter
2379 1504 2487 1547 eos
2544 1490 2615 1547 et

403 1601 553 1646 eum
585 1582 916 1667 aquietare
946 1583 1184 1649 debeat
1211 1606 1439 1650 uersus
1468 1582 1740 1649 eandem
1772 1583 2161 1670 Margeriam
2183 1584 2266 1649 de
2295 1583 2611 1664 omnibus,

398 1682 631 1750 eadem
661 1685 985 1774 Mat-geria
1011 1686 1347 1774 distringit
1375 1708 1526 1752 eum
1555 1686 1641 1751 ad
1668 1685 2036 1751 faciendum
2067 1686 2130 1751 ei
2156 1685 2459 1773 homagia
2497 1685 2508 1773 Ι
2545 1695 2615 1752 et

401 1786 675 1853 seruicia
731 1796 800 1854 et
857 1788 942 1854 ad
1000 1788 1269 1855 faciend'
1321 1796 1529 1854 sectas
1586 1787 1670 1853 ad
1717 1788 1963 1854 curiam
2021 1810 2224 1868 suam,
2277 1788 2451 1853 unde
2501 1789 2612 1854 de-

403 1889 750 1957 terioratus
780 1899 881 1957 est
907 1914 1025 1978 pro
1053 1892 1313 1957 defectu
1344 1890 1550 1976 ipsius
1579 1890 1830 1956 Prioris.

533 1995 624 2059 Et
653 1995 836 2060 Prior
863 1995 1050 2060 uenit
1078 2004 1148 2060 et
1176 1994 1507 2082 cognoscit
1535 1994 1709 2081 quod
1736 1994 1912 2060 idem
1942 1994 2166 2060 Abba-s
2194 1995 2275 2061 de
2307 2017 2384 2061 eo
2413 2001 2615 2071 tenet,

404 2106 475 2164 et
502 2100 676 2186 quod
703 2100 845 2186 ipse
872 2100 1097 2166 Abbas
1125 2100 1460 2165 districtus
1503 2107 1603 2164 est
1641 2122 1758 2186 pro
1803 2099 2103 2186 homagio
2147 2108 2217 2165 et
2259 2099 2502 2165 releuio
2546 2107 2617 2163 et

403 2224 520 2288 pro
563 2204 757 2269 sectis
795 2227 956 2291 quas
999 2204 1325 2269 Robertus
1367 2203 1451 2269 de
1495 2203 1976 2291 Euerin'geham
2021 2211 2090 2269 et
2134 2203 2414 2269 Isabella
2456 2225 2620 2267 uxor

403 2305 546 2372 eius
601 2307 685 2372 de
743 2329 873 2394 quo
929 2306 1104 2372 idem
1157 2306 1340 2371 Prior
1385 2313 1570 2371 tenet
1621 2313 1774 2371 eum
1835 2306 2167 2391 aquietare
2213 2305 2456 2371 debent
2502 2327 2620 2390 per

404 2417 649 2475 cartam
678 2410 824 2476 Ade
854 2409 975 2475 filii
1002 2409 1183 2475 Petri
1211 2408 1629 2474 antecessoris
1656 2408 1861 2495 ipsius
1883 2408 2188 2473 Ysabelle
2216 2430 2413 2492 quam
2442 2407 2617 2472 idem

405 2512 590 2577 Prior
615 2514 857 2599 profert
886 2520 957 2578 et
986 2535 1114 2599 que
1143 2520 1426 2578 testatur
1463 2519 1585 2579 etc.
1675 2511 1764 2575 Et
1806 2510 1954 2576 ideo
1997 2510 2473 2576 consideratum
2517 2518 2619 2574 est

408 2614 581 2701 quod
609 2614 785 2681 idem
817 2615 999 2680 Prior
1039 2615 1122 2680 de
1165 2622 1379 2681 cetero
1422 2614 1720 2700 aquietet
1762 2612 1976 2700 ipsum
2020 2612 2350 2678 Abbatem
2393 2634 2621 2677 uersus
2699 2663 2706 2671 .

407 2717 767 2803 predictam
814 2718 1205 2806 Margeriam
1248 2725 1319 2783 et
1364 2716 1494 2782 nisi
1544 2738 1696 2781 eum
1747 2714 2202 2801 aquietauerit,
2247 2713 2418 2780 bene
2467 2713 2623 2779 licet

408 2820 623 2887 eidem
679 2822 930 2888 Abbati
975 2821 1317 2889 defendere
1368 2843 1595 2886 uersus
1651 2820 2014 2907 predictam
2065 2820 2458 2908 Margeriam
2506 2841 2624 2905 per

408 2935 689 3014 quatuor
715 2927 823 2992 lib.
856 2949 1016 3013 quas
1044 2927 1258 2993 eidem
1288 2926 1493 2991 Priori
1523 2925 1723 2991 debet
1752 2948 1869 3012 per
1894 2925 2188 2992 annum¹.

540 3030 630 3095 Et
659 3030 985 3096 Robertus
1019 3031 1102 3096 de
1139 3030 1584 3117 Eueringham
1624 3036 1696 3094 et
1738 3029 2021 3095 Isabella
2062 3051 2225 3094 uxor
2263 3029 2406 3095 eius
2448 3050 2623 3093 sum-

408 3136 644 3203 moniti
687 3134 860 3223 quod
899 3135 1034 3201 sint
1075 3158 1118 3200 a
1158 3134 1265 3200 die
1302 3142 1419 3200 etc.
1462 3135 1548 3200 ad
1591 3133 2111 3221 respondendum
2161 3134 2368 3200 eidem
2419 3133 2624 3199 Priori

409 3262 608 3328 quare
696 3262 850 3305 eum
937 3261 1069 3304 non
1155 3238 1497 3325 aquietant
1564 3260 1792 3304 uersus
1872 3237 2144 3304 eandem
2234 3236 2627 3325 Margeriam

410 3343 769 3411 secundum
828 3341 1001 3430 quod
1055 3364 1210 3408 eum
1251 3343 1584 3429 aquietare
1627 3341 1892 3421 debent,
1931 3341 2184 3407 desicut
2226 3341 2402 3407 idem
2446 3340 2628 3405 Prior

410 3449 507 3514 eis
564 3448 720 3514 fecit
778 3447 1088 3534 quicquid
1148 3446 1242 3512 eis
1299 3447 1508 3512 facere
1566 3444 1782 3511 debet.
1871 3445 1960 3533 Et
2018 3443 2202 3509 Prior
2250 3443 2437 3531 ponit
2487 3441 2625 3508 loc'o

412 3560 540 3618 eta

476 3712 498 3745 1
530 3712 585 3763 11
612 3712 703 3764 the
722 3712 891 3763 Abbot
911 3711 1010 3763 has
1033 3717 1087 3763 to
1108 3727 1211 3776 pay
1233 3710 1469 3775 Margery
1569 3726 1621 3775 p.
1671 3711 1769 3762 949
1813 3722 1901 3759 are
1944 3706 2215 3771 preserved
2262 3705 2350 3757 old
2403 3704 2628 3767 English

410 3778 503 3894 ¹520
520 3792 646 3893 ἓξὲξ
664 3778 863 3893 ἒὲἒῖῗ
882 3777 1291 3907 ἕξοὲἆω(ἷΐ“
1333 3777 1470 3891 ἮΞ
1569 3772 2341 3894 ἓῗιὲ“1ἓέἱὲἲ“ιέ’ἕέἒωῗιῗιᾜ,
2355 3770 2628 3886 ι’ἔῃέᾱῖιξὲ

411 3922 529 3959 ease
548 3907 596 3957 is
617 3908 750 3957 rita.
776 3910 960 3966 Mane.
984 3909 1065 3959 78.
1132 3906 1244 3957 The
1260 3909 1470 3958 tenants
1570 3907 1724 3968 grant
1744 3903 1812 3967 by
1836 3902 2151 3953 Haverholm
2174 3904 2230 3953 to
2252 3900 2527 3951 Kirkstall-

413 3971 571 4024 stand
593 3972 711 4022 four
731 3972 874 4035 deep.
942 3971 1007 4021 In
1030 3970 1256 4022 Monast.
1286 3971 1388 4022 vol.
1420 3972 1468 4029 6,

592 4087 662 4135 Η.
2018 4113 2028 4120 -
2370 4068 2453 4129 42

2712 1710 2798 1761 [12⁶
2812 1710 2868 1759 m
