3342 5217
186 496 343 557 855.

450 75 699 139 nullam
729 72 959 139 aliam¹
989 73 1142 139 inde
1171 73 1373 139 habet
1401 96 1599 159 quam
1630 73 1865 140 habuit
1893 74 1993 140 W.
2028 75 2260 142 Comes
2289 76 2392 141 uir
2419 98 2576 143 suus
2598 85 2668 143 et

452 176 782 241 Falcasius
801 176 916 262 qui
937 175 1264 261 quendam
1282 176 1547 241 boscum
1570 176 1872 241 assartari
1892 176 2203 255 fecerunt,
2226 186 2295 243 et
2311 188 2669 264 posuerunt

449 278 519 343 in
548 278 827 345 defensO.
919 280 1006 342 Et
1050 278 1196 343 ideo
1240 278 1716 344 consideratum
1762 288 1863 344 est
1906 280 2079 365 quod
2124 280 2472 347 Comitissa
2512 282 2665 349 inde

449 381 588 447 sine
619 381 743 458 die,
773 389 843 446 et
871 381 1204 459 RicarduS‚
1234 381 1653 468 ReginalduS,
1686 383 1966 448 Thomas
1995 382 2066 448 in
2095 383 2544 450 mhericordia.

580 485 909 551 Walterus
954 485 1127 550 filius
1174 486 1477 572 Symonis
1514 486 1687 572 petit
1727 508 1954 552 uersus
1993 487 2310 553 Thomam
2341 487 2664 554 Comitem

450 590 783 676 Warewyc
827 589 989 654 duas
1033 612 1236 655 carue.
1284 598 1455 655 terre
1498 613 1649 654 cum
1694 598 1856 676 pert.
1905 591 1977 656 in
2029 592 2397 658 Bradeham
2441 602 2522 659 ut
2561 593 2666 661 ius

448 715 661 772 suum,
719 692 893 759 unde
953 693 1233 780 quedam
1293 694 1567 759 Matillis
1624 694 1708 759 de
1783 696 1971 761 Boun
2043 704 2407 763 antecessor
2462 698 2666 786 ipsius

451 794 754 881 Symom’s
804 795 934 860 fuit
978 795 1206 861 scisita
1252 796 1323 861 in
1373 795 1694 861 dominico
1740 820 1857 862 suo
1908 804 1987 862 ut
2037 797 2118 863 de
2165 798 2352 864 feodo
2397 808 2468 866 et
2525 801 2665 867 iure

449 908 742 987 tempore
784 900 870 965 H.
906 900 1106 988 Regis
1144 900 1257 965 aui
1290 909 1411 965 etc.
1457 901 1770 987 capiendo
1813 901 1966 967 inde
2011 903 2274 989 expleta
2314 903 2399 970 ad
2442 906 2665 971 ualen-

446 1002 615 1067 ciam
644 1003 797 1070 dim.
828 1026 1058 1081 marce,
1088 1011 1158 1068 et
1187 1003 1268 1070 de
1298 1004 1592 1090 predicta
1619 1005 1945 1071 Matillide
1984 1006 2319 1073 descendit
2355 1008 2459 1073 ius
2494 1016 2666 1074 terre

447 1106 626 1172 illius
655 1107 913 1173 cuidam
947 1107 1217 1193 Symoni
1245 1117 1324 1173 ut
1354 1108 1489 1173 filio
1510 1117 1580 1175 et
1602 1110 1847 1187 heredi,
1865 1118 1937 1175 et
1964 1110 2048 1175 de
2071 1111 2360 1197 predicto
2384 1112 2667 1198 Symone

448 1209 564 1275 isti
590 1210 881 1275 Waltero
911 1210 1025 1296 qui
1053 1233 1229 1276 nunc
1256 1210 1428 1298 petit
1457 1219 1535 1275 ut
1564 1211 1699 1277 filio
1729 1219 1799 1277 et
1837 1212 2079 1291 heredi,
2108 1221 2178 1279 et
2215 1213 2387 1299 quod
2417 1215 2551 1281 tale
2579 1215 2668 1282 sit

448 1316 553 1383 ius
580 1338 773 1382 suum
803 1315 993 1380 offert
1023 1323 1148 1381 etc.

578 1420 668 1484 Et
698 1419 931 1485 Comes
960 1418 1147 1484 uenit
1176 1426 1247 1484 et
1276 1417 1432 1505 quia
1460 1419 1735 1486 Matillis
1764 1442 1891 1506 que
1921 1420 2050 1487 fuit
2092 1444 2255 1486 uxor
2282 1421 2554 1488 Henrici
2581 1420 2666 1488 de

450 1520 646 1607 Oylly
703 1521 905 1587 habet
962 1522 1230 1587 terciam
1289 1531 1545 1609 partem
1603 1523 1674 1588 in
1732 1524 1953 1589 dotem
2012 1533 2083 1590 et
2139 1533 2289 1611 post
2349 1526 2664 1611 placitum

447 1635 701 1691 motum
734 1625 881 1692 ideo
910 1626 1049 1713 ipse
1077 1626 1425 1713 respondet
1452 1626 1535 1691 de
1566 1625 1820 1691 duabus
1858 1627 2172 1712 partibus,
2202 1636 2272 1693 et
2300 1628 2461 1693 dicit
2492 1627 2665 1714 quod

446 1751 577 1794 non
616 1728 813 1793 debet
857 1728 919 1792 ei
963 1728 1116 1793 inde
1159 1727 1561 1813 respondere,
1606 1735 1676 1792 et
1719 1726 1880 1792 dicit
1923 1728 2096 1813 quod
2140 1736 2314 1796 terra
2355 1728 2469 1794 illa
2509 1729 2669 1794 data

445 1832 573 1897 fuit
603 1831 674 1896 in
700 1832 1121 1918 maritagium
1150 1831 1439 1918 predicte
1481 1830 1793 1897 Matillidi
1833 1838 1902 1895 et
1945 1831 2207 1896 cuidam
2254 1832 2542 1898 Roberto
2581 1833 2665 1898 de

447 1934 644 2020 Oylly
693 1942 762 1999 et
820 1933 1165 1998 heredibus
1216 1933 1501 2019 ipsorum
1560 1933 1834 1999 Roberti
1879 1941 1950 1999 et
2003 1934 2361 2013 Matillidis,
2411 1942 2484 1999 et
2539 1933 2667 2020 ipsi

450 2038 645 2103 simul
674 2038 1045 2103 habuerunt
1075 2037 1424 2122 quemdam
1447 2038 1657 2103 filium
1681 2037 2040 2103 Henricum
2064 2038 2146 2103 de
2170 2037 2366 2125 Oylly
2386 2038 2665 2116 nomine,

448 2142 566 2229 qui
622 2164 833 2228 nuper
890 2141 1071 2220 obiit,
1130 2150 1199 2206 et
1258 2142 1365 2208 cui
1423 2150 1599 2207 terra
1654 2142 1771 2207 illa
1826 2142 2162 2208 descendit
2219 2143 2300 2208 de
2373 2142 2668 2229 predicta

449 2246 792 2324 Matillide,
823 2253 893 2311 et
937 2245 1051 2332 qui
1092 2246 1309 2311 tenuit
1353 2254 1591 2311 terram
1636 2246 1815 2311 illam
1861 2254 2004 2311 tota
2047 2245 2191 2312 uita
2232 2268 2366 2325 sua,
2396 2254 2466 2310 et
2500 2246 2665 2311 obiit

448 2350 590 2416 sine
618 2350 854 2416 herede
885 2351 967 2416 de
996 2373 1083 2429 se,
1115 2357 1185 2415 et
1216 2351 1387 2416 idem
1421 2350 1746 2416 Henricus
1775 2348 2009 2415 habuit
2030 2349 2359 2434 quandam
2382 2371 2663 2414 sororem

448 2455 839 2543 Margeriam
867 2455 1145 2531 nomine,
1174 2454 1376 2520 filiam
1405 2453 1844 2540 predictorum
1883 2451 2156 2517 Roberti
2195 2459 2264 2516 et
2305 2451 2663 2531 Matillidis,

449 2558 557 2624 cui
585 2558 688 2623 ius
717 2565 887 2623 terre
917 2556 1094 2622 illius
1122 2555 1509 2622 descendere
1537 2555 1770 2621 debuit
1799 2554 1881 2619 de
1921 2552 2211 2640 predicto
2251 2554 2553 2633 HenricO,
2594 2561 2664 2619 et

448 2684 576 2748 que
606 2661 839 2726 habuit
877 2660 1203 2747 quendam
1251 2660 1457 2724 filium
1500 2658 1863 2724 Hem-icum
1903 2656 2163 2722 nomine
2217 2656 2541 2723 Comitem
2581 2655 2663 2722 de

447 2767 781 2853 Warewyc
810 2773 879 2830 et
909 2764 1023 2851 qui
1054 2764 1184 2828 fuit
1212 2771 1401 2850 pater
1427 2763 1631 2850 ipsius
1662 2763 1926 2828 Thome.

576 2869 668 2932 Et
695 2867 1025 2932 Walterus
1056 2867 1174 2930 hoc
1204 2873 1420 2931 totum
1450 2864 1793 2952 cognoscit,
1824 2872 1928 2929 set
1965 2862 2126 2928 dicit
2162 2860 2336 2949 quod
2373 2860 2666 2948 predicta

447 2972 721 3038 Matillis
758 2979 907 3057 post
949 2978 1227 3036 mortem
1271 2969 1549 3056 predicti
1582 2968 1855 3034 Roberti
1889 2966 2084 3053 primi
2120 2966 2249 3032 uiri
2290 2966 2394 3031 sui
2436 2965 2664 3051 nupsit

446 3098 515 3141 se
560 3075 818 3141 cuidam
859 3076 1149 3140 Waltero
1192 3074 1326 3139 filio
1370 3073 1643 3139 Roberti
1687 3070 1830 3137 aui'
1871 3070 2065 3136 istius
2094 3068 2371 3135 Walteri
2408 3068 2490 3134 de
2534 3091 2663 3155 quo

444 3178 682 3244 habuit
724 3178 1091 3265 predictum
1133 3177 1484 3263 Symonem
1523 3183 1780 3263 patrem
1819 3174 2024 3260 ipsius
2067 3172 2359 3250 walteri,
2390 3180 2459 3237 et
2502 3171 2662 3256 dicit

443 3280 617 3369 quod
665 3288 839 3345 terra
888 3280 1003 3345 illa
1056 3280 1215 3345 data
1263 3277 1423 3345 fuit⁸
1465 3278 1536 3343 in
1587 3277 2009 3364 maritagium
2060 3273 2187 3361 ipsi
2239 3273 2548 3338 Matillidi
2592 3281 2664 3338 et

445 3383 792 3449 heredibus
818 3382 972 3461 suiS,
1000 3391 1102 3449 set
1130 3382 1268 3468 ipse
1300 3381 1501 3446 nichil
1530 3380 1682 3446 inde
1714 3378 2012 3445 ostendit.

575 3489 666 3552 Et
714 3487 946 3554 Comes
994 3487 1165 3573 petit
1223 3484 1537 3551 iudicium
1595 3491 1821 3548 utrum
1879 3480 1943 3545 ei
2001 3479 2224 3566 pocius
2273 3476 2660 3543 descendere

443 3590 680 3656 debeat
710 3598 884 3654 terra
910 3590 1025 3654 illa
1051 3589 1132 3654 de
1163 3589 1400 3653 seisina
1428 3585 1699 3652 Henrici
1738 3585 1820 3650 de
1863 3583 2058 3669 Oylly
2086 3603 2236 3646 cum
2264 3580 2403 3664 ipse
2432 3579 2660 3644 ueniat

444 3693 525 3759 de
556 3692 848 3779 predicta
877 3692 1202 3779 Margeria
1229 3713 1355 3778 que
1386 3690 1513 3755 fuit
1542 3711 1718 3754 soror
1758 3685 1963 3772 ipsius
2003 3681 2274 3777 Henrici
2311 3681 2394 3746 de
2430 3679 2657 3746 eodem

444 3804 630 3883 patre
660 3803 730 3861 et
758 3802 985 3872 matre,
1014 3794 1123 3859 uel
1153 3794 1364 3859 eidem
1395 3792 1688 3857 Waltero
1717 3788 1832 3875 qui
1871 3786 2058 3880 uenit
2102 3792 2364 3849 tantum
2405 3782 2486 3847 de
2527 3805 2659 3847 una

642 3924 965 3989 ²uSpplyse
914 3927 1168 3975 εεὶεἱπαπι.
1419 3922 1617 3972 Corr.
1639 3935 1756 3971 α.ιιο
2024 3909 2456 3978 ’fuitrepeated

2776 494 2907 536 Buck.
