3342 5217
367 403 430 467 256
599 413 833 478 memmae,
855 413 920 466 in.
945 403 1038 478 1220,
1060 416 1123 465 aa
1146 403 1238 465 4-5.

365 585 520 650 nesciunt.
567 587 610 651 Et
647 586 848 674 Reginaldus
880 587 1028 673 quesitus
1063 608 1122 673 per
1157 608 1253 673 quem
1290 587 1469 674 ingressum

364 688 489 766 hebuit,
503 688 584 754 dicit
598 691 682 776 qnod
705 713 763 777 per
779 689 873 756 Dom
890 691 1025 778 Regem,
1038 689 1162 756 scilieet
1181 712 1239 776 per
1251 688 1470 777 Reginaldnm

364 801 444 859 tunc
465 794 624 860 bellinum
647 818 751 863 sunm.
797 797 856 862 Set
879 797 957 881 qnia
977 795 1135 860 iuratores
1156 794 1272 860 dicunt
1290 793 1377 881 qnod
1398 815 1469 857 nce

363 896 455 962 ciunt
484 898 512 963 si
540 899 622 964 obiit
651 899 727 966 inde
756 899 895 978 seisitus,
923 900 1054 966 recedat
1081 898 1283 988 Reginaldus
1310 899 1380 965 sine
1409 897 1469 963 dic

364 999 557 1067 Coneoidati
585 1011 671 1082 sunt,
697 1003 745 1069 ita
773 1002 860 1089 quod
888 1001 1090 1092 Reginaldns
1118 1001 1261 1069 reddidit
1290 1001 1323 1068 ei
1351 1009 1468 1067 terrem

362 1104 452 1169 illam
467 1106 642 1170 tenendam
657 1105 697 1171 de
713 1128 751 1171 eo
766 1129 823 1193 pro
838 1106 965 1171 duabus
979 1106 1104 1171 marcis.

428 1207 613 1273 ¹Johannes
642 1208 728 1273 filius
758 1208 910 1274 Rollondi
939 1231 997 1295 per
1026 1216 1228 1274 attornatum
1257 1232 1353 1274 suum
1382 1207 1468 1295 petit

363 1333 476 1377 uersus
498 1312 680 1378 Walterum
707 1314 747 1379 de
770 1313 941 1379 Dunitona
961 1313 1036 1379 dim.
1058 1314 1139 1400 uirg.
1162 1321 1248 1379 terre
1269 1336 1344 1378 cum
1369 1310 1467 1400 perti-

362 1417 485 1481 nenciis
499 1417 534 1482 in
550 1416 736 1483 Chamfunt’
748 1427 788 1483 ut
802 1417 854 1483 ius
868 1442 973 1495 suum,
985 1427 1020 1484 et
1034 1419 1177 1484 atillam
1191 1417 1279 1484 unde
1291 1417 1468 1484 Rollondus

363 1529 457 1605 pater
475 1543 553 1586 suus
570 1521 634 1586 luit
657 1521 787 1587 saisitus
809 1530 955 1608 tempore
978 1523 1020 1589 Η
1037 1523 1137 1609 Regis
1158 1530 1218 1587 etc
1263 1520 1371 1586 Item¹
1392 1521 1468 1586 Rol-

365 1622 480 1688 landns
494 1623 623 1709 quando
638 1625 701 1690 init
714 1625 750 1690 in
760 1626 1021 1712 peregri-imoimo
1034 1647 1095 1690 sua
1107 1624 1199 1690 dedit
1209 1623 1316 1689 cidem
1326 1624 1350 1689 J
1350 1625 1470 1690 ohanni

363 1735 481 1794 terram
501 1729 600 1807 illam,
615 1737 650 1794 et
663 1729 742 1816 quia
763 1729 850 1794 idem
873 1730 1039 1795 Johannes
1061 1737 1141 1795 tunc
1155 1729 1219 1794 fuit
1240 1729 1326 1793 infra
1346 1737 1468 1795 etatem

361 1833 522 1897 commisit
542 1856 617 1898 eum
638 1856 712 1898 cum
735 1841 822 1898 terra
843 1833 901 1899 illa
914 1833 1059 1900 Johanni
1078 1833 1166 1920 patri
1178 1832 1317 1920 predicti
1331 1833 1469 1898 Walteri

360 1935 394 2000 in
416 1936 571 2015 custodia,
593 1937 642 2002 ite
665 1937 752 2024 quod
777 1937 865 2002 idem
893 1937 1057 2003 Walterus
1079 1961 1145 2003 non
1170 1938 1271 2003 habet
1293 1937 1394 2002 alium
1419 1936 1469 2001 in-

359 2063 504 2128 gressum
528 2042 563 2106 in
589 2042 820 2107 terramillam
845 2042 908 2107 nisi
932 2065 990 2129 per
1014 2042 1199 2107 Johannem
1223 2050 1350 2128 petrem
1371 2063 1468 2106 suum

359 2145 416 2229 qni
431 2145 506 2210 inde
521 2146 637 2211 habuit
651 2169 716 2211 non
730 2145 793 2211 nisi
813 2147 1003 2225 custodiam,
1018 2155 1053 2212 et
1068 2147 1129 2212 hoc
1142 2147 1237 2212 offert
1256 2145 1468 2210 disrationare

359 2249 444 2314 sicut
458 2249 548 2314 curia
562 2249 822 2316 considerauerit.

426 2354 470 2418 Et
492 2354 657 2420 Waltenis
679 2354 773 2420 uenit
795 2362 830 2418 et
852 2354 1000 2420 defendit
1023 2355 1075 2420 ius
1097 2377 1193 2420 suum
1217 2363 1252 2419 et
1277 2353 1358 2419 dicit
1382 2353 1469 2440 quod

359 2457 493 2522 uidetur
518 2457 549 2522 ei
573 2459 659 2544 quod
682 2481 748 2523 non
771 2458 871 2523 debet
895 2458 925 2523 ei
951 2458 1028 2523 inde
1053 2458 1254 2545 respondere,
1278 2457 1356 2545 quia
1381 2458 1467 2523 idem

360 2560 526 2626 lohannes
543 2561 623 2626 alias
643 2561 850 2648 inplaciteuit
869 2585 944 2627 eum
963 2585 1022 2648 per
1035 2563 1135 2628 breue
1149 2562 1191 2626 de
1212 2570 1301 2627 recto
1322 2561 1357 2626 in
1378 2562 1470 2626 curia

361 2664 454 2728 Dom.
484 2664 641 2729 Willelmi
671 2664 712 2729 de
742 2664 921 2730 Albaniaoo
950 2673 986 2730 et
1014 2665 1049 2728 in
1079 2672 1210 2730 tantum
1239 2664 1394 2750 processit
1421 2662 1470 2728 ibi

361 2765 489 2852 loquela
510 2765 596 2852 quod
618 2766 704 2832 idem
721 2767 887 2832 Walterus
909 2768 1018 2853 posuit
1039 2791 1074 2832 sc
1093 2767 1129 2832 in
1149 2789 1300 2855 magnam
1323 2766 1467 2831 assisiam

360 2871 453 2936 Dom.
481 2871 580 2959 Regis
610 2872 659 2936 ita
682 2871 768 2958 quod
798 2880 938 2959 quatuor
966 2871 1088 2937 milites
1116 2869 1307 2936 summoniti
1335 2871 1469 2936 fuerunt

359 2977 401 3042 ed
423 2976 609 3065 eligendum
632 2977 685 3064 xij.
702 2977 737 3042 in
759 2977 940 3042 aduentum
962 2977 1213 3044 iusticiariorum
1235 2977 1326 3042 etin
1349 2977 1468 3042 ultimo

360 3080 476 3146 itinere
505 3081 755 3148 iusticiarioinm
785 3083 909 3148 scilicet
939 3083 970 3148 S.
1001 3082 1042 3147 de
1073 3083 1216 3170 chraue
1245 3091 1280 3147 et
1309 3082 1468 3147 sociorum

361 3186 431 3252 eius
456 3196 618 3252 uenerunt
640 3187 703 3274 ipsi
725 3197 760 3253 ct
782 3197 923 3274 quatuor
948 3187 1070 3252 milites
1092 3196 1128 3252 et
1153 3188 1323 3275 elegenint
1348 3187 1411 3274 xij„
1434 3195 1470 3252 et

360 3289 414 3375 xij.
426 3289 547 3354 milites
561 3289 751 3355 summoniti
766 3291 900 3355 fuerunt
914 3289 1001 3377 quod
1015 3298 1124 3356 essent
1138 3298 1221 3376 aput
1234 3289 1469 3368 Bedefoidiam,

359 3401 394 3458 et
420 3400 499 3457 tnnc
523 3393 600 3458 fecit
623 3393 711 3458 idem
734 3393 902 3459 Johannes
931 3393 1095 3472 defaltam,
1118 3417 1177 3480 pei
1205 3393 1292 3482 quod
1317 3393 1366 3459 ibi
1393 3418 1469 3460 oon-

360 3496 536 3561 sideratum
551 3496 615 3561 fuit
630 3497 717 3583 quod
731 3496 819 3561 idem
834 3496 1000 3562 Walterus
1013 3497 1077 3562 iret
1091 3496 1167 3562 inde
1182 3497 1251 3563 sine
1265 3497 1319 3563 die
1339 3506 1374 3563 et
1391 3497 1468 3564 indc

199 3619 318 3669 Notaquod
330 3621 347 3662 si
361 3598 452 3687 ponit
467 3623 501 3664 se
516 3623 613 3687 super
627 3599 794 3666 recoidum
809 3599 1059 3666 iusticiariorum
1074 3609 1133 3667 etc

198 3667 340 3808 ffibffi
426 3703 469 3768 Et
484 3703 649 3769 Johannes
664 3703 744 3769 dicit
760 3703 844 3790 quod
861 3727 976 3769 reuera
989 3704 1069 3770 alias
1086 3705 1294 3792 inplacitauit
1313 3729 1389 3771 eum
1409 3729 1468 3793 per

198 3903 319 3996 msa„
395 3928 452 3977 1n.
464 3943 499 3978 m.
512 3930 556 3987 203
572 3927 605 3977 a.
616 3943 653 3977 m.
667 3927 692 3978 e.
939 3927 1349 4004 meetheeleotionotthcfour
1359 3925 1467 4004 inane

198 3995 350 4082 ffiwd
395 3993 675 4108 :iiim'i‘B'mii
720 4058 738 4108 a
858 4058 890 4108 re
940 3993 1468 4109 limidfflwiiffl‘ffnii

200 4053 342 4175 lildsmllili
363 4073 889 4200 wniiiiffillalnllalle‘illm
941 4075 1101 4200 quiniones.
1134 4073 1248 4200 aiiqeon
1265 4122 1404 4199 meumes
1422 4122 1468 4172 ne

199 4181 316 4230 ‘mm
364 4189 416 4240 and
432 4189 482 4240 lias
499 4190 513 4238 1
532 4189 689 4239 thinkbecn
704 4189 890 4252 intentionally
940 4189 1095 4239 authorities
1111 4188 1145 4253 by
1161 4189 1243 4251 finng
1259 4188 1305 4239 the
1319 4189 1471 4239 electiones

200 4227 344 4316 &iiim
364 4253 525 4305 obliterated.
558 4253 887 4330 Bractonoitestliiscase‚
941 4253 987 4304 the
1003 4255 1092 4306 twelve
1107 4253 1266 4318 recognitam
1288 4269 1318 4304 ss
1340 4252 1385 4303 the
1403 4253 1470 4330 fatal

201 4321 339 4363 eunoniu-
364 4320 382 4369 l.
395 4319 451 4371 eei.
485 4318 707 4369 Therehadbsen
725 4335 741 4368 a
754 4319 891 4370 dificianoe
940 4323 1066 4370 moment.
1100 4319 1173 4369 Thus
1189 4319 1224 4368 he
1245 4319 1307 4369 does
1327 4324 1376 4369 not
1397 4322 1471 4380 quite

198 4368 338 4462 ffffifflffffi
364 4383 509 4448 olopinion
521 4388 691 4435 interveram
703 4384 891 4435 astowhether
940 4399 1015 4448 agree
1025 4384 1088 4435 with
1105 4384 1159 4434 this
1176 4387 1238 4436 note
1253 4384 1301 4435 bnt
1316 4383 1410 4448 adopts
1423 4383 1471 4436 the

199 4462 249 4502 eum
256 4466 380 4505 momina
402 4449 500 4500 delault
522 4447 597 4500 made
618 4449 646 4499 in
668 4449 760 4501 awrit
776 4451 804 4500 ot
820 4449 890 4513 right
941 4449 1064 4500 decision.
