3342 5217
360 32 422 93 584
655 41 805 99 ιιιιιιιι,
828 37 892 88 ιι).
918 24 1012 97 1233,
1035 38 1096 87 ιιι
1122 22 1170 88 17.

358 218 537 281 Robertum
558 239 617 280 nec
637 215 745 302 ipsum
763 210 881 277 habuit
902 232 1055 295 unquam,
1070 216 1105 273 et
1124 207 1204 273 dicit
1226 206 1312 293 quod
1334 206 1468 292 quidum

195 326 304 412 m?
305 373 338 412 ‚m
358 321 458 406 Hugo
473 320 513 383 de
529 319 687 384 Tideham
702 319 796 381 illum
816 315 917 380 hebet
937 314 994 400 qui
1010 320 1122 379 manet
1137 312 1171 377 in
1187 334 1265 376 corn.
1281 311 1391 376 Glouo
1408 333 1470 374 nec

194 420 341 552 mpura?
357 446 417 509 per
438 446 514 487 eum
537 431 587 488 est
609 421 667 487 ubi
688 419 799 499 nune¹,
819 428 855 485 et
878 418 958 483 dicit
980 416 1067 503 quod
1089 425 1139 481 est
1161 416 1256 503 plene
1278 415 1376 481 elatis
1398 424 1471 491 ew»

194 517 250 551 {0028

195 560 328 607 usurpa
358 536 392 593 et
407 526 465 591 def
450 526 553 593 fendit
568 524 654 612 quod
668 547 727 611 per
740 524 847 610 ipsum
863 545 928 587 non
943 529 993 586 est
1008 520 1184 608 elongatus

195 571 288 738 ιὲἷῖιιω
278 607 339 692 “tt
424 625 531 692 EtR.
562 626 679 693 (lomes
708 648 767 712 per
795 630 996 689 attornntum
1027 645 1123 687 suum
1153 622 1233 687 dicit
1262 621 1348 708 qnod
1373 621 1469 685 illum

195 701 270 831 {iili
254 705 339 832 ffl
321 711 475 797 118ιιιιιιιι
496 740 530 795 et
550 752 608 815 per
628 730 735 815 ipsum
756 729 927 815 elongatus
949 736 999 791 est
1022 734 1056 791 et
1078 726 1153 791 inde
1176 726 1325 813 producit
1346 733 1471 791 sectam

196 794 275 879 “ullu
359 845 419 903 eto.
464 836 508 899 Et
535 833 714 898 Nieholaus
737 832 884 897 defendit
906 839 1018 896 eontra
1043 831 1152 917 ipsum
1178 839 1212 895 et
1238 839 1357 895 sectam
1382 830 1471 916 quod

360 939 466 1023 ipsum
482 959 547 1000 non
562 935 687 1011 habuit,
702 957 763 999 nee
777 956 835 1020 per
850 956 925 998 eum
948 934 1117 1020 elongatus
1132 942 1190 1011 est,
1206 954 1265 997 nee
1285 954 1342 1018 per
1360 932 1470 1018 ipsum

360 1049 411 1105 est
434 1038 492 1103 ubi
517 1060 604 1102 nune
629 1044 687 1103 est.
733 1037 776 1100 Et
798 1036 872 1101 ideo
896 1036 1008 1101 uadiet
1030 1038 1135 1123 legem
1159 1059 1193 1101 se
1215 1035 1280 1122 rij'¹
1305 1058 1412 1112 manu,
1435 1044 1471 1099 et

361 1140 474 1206 ueniat
488 1163 563 1205 cum
578 1140 649 1226 lege
665 1140 699 1204 in
716 1140 787 1205 Oet.
803 1147 862 1204 ete.
878 1139 979 1225 plegii
994 1138 1034 1203 de
1050 1140 1130 1226 lege,
1145 1147 1205 1203 eto.

305 1302 311 1314 ,
426 1244 573 1331 Rogerus
587 1242 628 1307 de
644 1241 777 1327 Merluy,
791 1240 957 1306 Johnnnes
972 1241 1012 1306 de
1031 1241 1237 1319 Luneeleuee,
1253 1241 1414 1306 Robertus
1429 1241 1473 1305 de

261 1367 275 1394 ¹¹
361 1347 507 1413 Manerio
533 1344 682 1410 Roherti³
707 1345 738 1409 le
765 1345 904 1410 Bostord
930 1345 987 1430 iiij.
1012 1344 1133 1410 milites
1159 1346 1249 1409 missi
1275 1354 1356 1431 aput
1382 1345 1472 1409 Ded-

362 1454 572 1538 hamptonam
587 1450 630 1515 od
644 1450 778 1514 Petrum
793 1450 898 1513 filium
919 1450 1074 1515 Herberti
1095 1449 1136 1513 ad
1157 1448 1334 1514 uidendum
1354 1450 1382 1514 si
1401 1450 1473 1535 ipse

362 1552 451 1616 misit
476 1551 645 1616 Motheum
668 1550 709 1613 de
732 1548 924 1635 Bikestrope
943 1550 1160 1635 responsalem
1181 1574 1276 1616 suum
1296 1573 1354 1636 pro
1375 1573 1414 1615 eo
1437 1551 1474 1615 in

289 1679 304 1717 ,¹
362 1656 490 1741 loquela
504 1678 567 1741 que
583 1662 633 1718 est
651 1658 657 1740 Ι
676 1654 816 1718 incuria
830 1654 924 1719 Dom.
940 1653 1040 1740 Regis
1060 1676 1166 1719 coram
1186 1654 1370 1719 iustieinriis
1390 1664 1475 1740 aput

362 1758 687 1825 westmonasterium
702 1758 789 1822 inter
802 1758 830 1822 F
831 1759 979 1823 uloonem
995 1758 1100 1823 filium
1115 1758 1241 1823 Wan'ni
1255 1766 1423 1844 petentem
1440 1768 1476 1822 et
1539 1816 1542 1823 .

362 1863 502 1928 eundem
518 1862 652 1926 Petrum
666 1868 835 1925 tenentem
851 1859 891 1924 de
906 1860 1084 1925 medietate
1105 1860 1242 1925 manerii
1255 1862 1295 1925 de
1312 1862 1477 1926 Stantone

362 1990 436 2033 eum
466 1974 547 2052 pert.
578 1967 612 2029 in
642 1989 721 2031 eom.
752 1965 895 2039 wilton,
925 1972 960 2029 et
990 1964 1018 2028 si
1054 1962 1142 2029 idem
1180 1963 1295 2029 Petrus
1332 1963 1475 2029 eundem

363 2072 534 2137 Matheum
555 2071 590 2135 in
613 2071 726 2136 eadem
749 2071 877 2156 loquela
899 2070 967 2134 loeo
989 2092 1047 2133 suo
1073 2076 1237 2135 uttomore
1264 2068 1406 2133 uoluerit
1432 2069 1475 2133 nd

364 2176 553 2241 lucrandum
590 2176 644 2240 nel
680 2174 881 2260 perdendum
920 2196 1033 2239 uersus
1069 2173 1253 2259 predictum
1288 2172 1476 2249 Fuloonem,

362 2279 476 2345 dieunt
498 2279 584 2365 quod
607 2278 771 2364 predictus
793 2279 910 2343 Petrus
929 2278 1019 2343 misit
1040 2277 1147 2363 ipsum
1168 2276 1339 2341 Mutheum
1360 2300 1419 2363 pro
1437 2298 1477 2341 eo

363 2384 578 2469 responsalem
594 2405 689 2448 suum
704 2391 739 2447 et
754 2405 830 2447 eum
851 2382 919 2448 looo
939 2406 997 2449 suo
1019 2382 1053 2447 in
1073 2382 1202 2468 loquele
1221 2382 1278 2447 illa
1292 2382 1477 2447 attornauit

363 2497 398 2553 et
413 2496 538 2552 rectum
555 2487 655 2551 habet
670 2486 755 2572 quod
764 2482 839 2571 'ipse
854 2509 912 2572 pro
928 2508 965 2551 eo
980 2486 1064 2551 dixit
1079 2484 1152 2551 ete‘

289 2612 313 2670 ’,
428 2592 540 2657 Assisa
565 2592 657 2656 uenit
682 2591 889 2677 recognitum
911 2591 985 2678 quis
1010 2591 1188 2656 aduocatus
1214 2600 1359 2675 tempore
1386 2592 1476 2677 pacis

269 2721 295 2749 en
363 2696 565 2781 presentunit
585 2695 736 2759 nltimam
756 2716 926 2779 personam
947 2717 1010 2781 que
1031 2704 1160 2759 mortue
1180 2703 1229 2759 est
1249 2694 1291 2758 ed
1305 2694 1475 2759 eeclesiam

364 2798 404 2863 de
439 2798 631 2862 Netelstede
660 2820 724 2883 que
753 2806 850 2863 uocat
881 2807 918 2863 nt
947 2798 1075 2874 dicitur,
1105 2798 1197 2863 cuius
1226 2798 1475 2863 aduooeoionem

345 2903 527 2979 ,Robertus
557 2901 674 2966 Comes
703 2900 870 2966 Ριοιιιιιι5
899 2910 933 2967 et
963 2902 1102 2967 Isebello
1126 2924 1212 2972 ,uxor
1237 2902 1307 2966 eius
1332 2903 1477 2967 clamant

365 3029 478 3070 uersus
492 3005 680 3069 Priorissam
695 3004 736 3069 de
752 3004 911 3092 Garinges
926 3013 984 3070 eto
1088 3012 1092 3019 ’

431 3111 476 3173 Ει
491 3108 646 3173 Priorissu
660 3130 723 3172 non
739 3108 832 3174 uenit
847 3118 896 3173 set
913 3118 989 3173 ante
1007 3118 1161 3195 quartum
1177 3107 1280 3174 diem⁰
1293 3110 1477 3195 comparuit

365 3213 465 3279 semel
480 3221 514 3278 et
529 3213 668 3290 recessit,
684 3222 719 3277 et
733 3212 890 3277 attornati
907 3212 1044 3278 Comitis
1059 3222 1093 3278 et
1115 3213 1286 3279 Comitisse
1307 3222 1476 3299 exspecte-

366 3326 486 3384 uernnt
515 3324 668 3402 quartum
698 3316 785 3381 diem
812 3338 916 3383 suum.
961 3318 1004 3382 Et
1031 3316 1103 3382 ideo
1128 3316 1272 3403 procedit
1295 3318 1397 3383 assisa
1418 3340 1479 3404 per

366 3422 529 3486 defaltum.

433 3526 477 3589 Et
490 3524 657 3589 sciendum
677 3525 763 3611 quod
783 3525 855 3610 ipsa
874 3525 1028 3591 Priorissa
1049 3527 1153 3612 primo
1172 3526 1351 3613 inpetrauit
1375 3526 1476 3592 breue

399 3681 581 3745 ¹Snpplyeot.
979 3684 1054 3733 ‘See
1065 3683 1109 3732 Br.
1122 3684 1138 3733 l.
1155 3682 1212 3732 362.

400 3748 494 3796 ‘²This
515 3753 577 3795 note
600 3762 682 3795 seems
704 3750 732 3797 ιο
754 3764 858 3811 express
880 3764 896 3799 ι
978 3748 1063 3807 ⁵Si0;
1075 3748 1123 3798 bnt
1132 3746 1226 3797 should
1234 3746 1256 3795 rt
1264 3746 1478 3796 notbechhurd

368 3813 451 3862 doubt
466 3828 497 3861 ss
513 3817 542 3861 to
558 3812 673 3861 whether
688 3813 733 3862 the
753 3813 895 3864 defendant
947 3814 1010 3863 Esrl
1032 3787 1063 3863 ol
1082 3813 1210 3863 Gornwall
1232 3812 1284 3861 und
1307 3812 1409 3869 Ροιιοιι,
1432 3812 1477 3861 the

368 3876 463 3927 should
478 3877 544 3926 hero
561 3878 624 3927 been
641 3878 747 3927 allowed
769 3882 797 3927 to
819 3880 896 3928 matre
947 3878 1009 3941 king
1011 3878 1163 3928 sbrother?
1192 3878 1232 3926 He
1243 3876 1355 3927 married
1365 3876 1479 3927 Issbells

368 3942 411 3991 his
423 3943 470 3991 low
481 3940 560 3991 about
572 3956 588 3991 ι
598 3946 694 3992 matter
702 3943 783 4005 easily
793 3943 894 3993 triable.
947 3943 1074 4005 daughter
1085 3944 1115 3992 ol
1124 3942 1168 3992 the
1180 3942 1243 3991 Enrl
1255 3940 1383 3991 Murshnl.

369 4009 409 4055 Cf.
421 4008 465 4055 Br.
477 4007 495 4055 f
509 4006 589 4055 eleb.
979 4010 1071 4058 ⁶sltem
1083 4008 1169 4057 interl.
1182 4008 1214 4070 by
1226 4010 1376 4057 annotator.

401 4072 500 4120 ³Corr.
512 4073 641 4124 Roberrro.
