3342 5217
431 426 559 475 ussrnn
581 428 655 476 uun
677 427 825 490 renum,
849 429 913 476 an.
938 415 1031 490 1219,
1054 429 1116 477 as.
1140 415 1167 477 3.
1312 415 1354 478 33

246 595 429 662 Willelmus
444 597 532 662 illam
548 598 639 664 dedit
657 599 810 684 predictis
831 599 1025 664 monialibus
1044 621 1118 664 cum
1139 621 1267 684 corpore
1288 619 1354 673 stro,

247 709 281 764 et
294 700 371 786 ipsi¹
386 701 500 767 dicunt
515 702 601 788 quod
615 702 668 767 die
684 725 748 789 quo
761 704 862 768 breue
881 725 978 768 suum
998 703 1062 767 fuit
1077 703 1277 788 inpetratum
1292 710 1353 766 etc.
1393 729 1396 734 ’

247 802 354 866 tenuit
382 803 467 888 ipse¹
496 812 600 868 totam
630 813 749 869 terram
778 805 866 870 illam
897 814 932 870 et
961 805 1066 869 adhuc
1096 812 1188 869 tenet
1216 813 1252 868 et
1276 803 1352 868 inde

246 904 354 990 ponit³
368 929 401 970 se
421 930 519 992 super
536 909 683 973 iuratam.
730 910 773 976 Et
794 910 956 974 Robertus
976 909 1055 974 dicit
1076 908 1161 994 quod
1181 907 1353 972 decadem

247 1017 332 1074 terra
356 1010 631 1096 inplacitauerunt
654 1035 730 1076 eum
754 1035 812 1098 per
837 1013 937 1077 breue
964 1013 1005 1076 de
1030 1020 1119 1076 recto
1147 1013 1232 1076 sicut
1260 1019 1354 1097 patet

247 1113 380 1178 inferius
394 1114 434 1179 de
450 1115 599 1200 Hugone.

313 1218 356 1282 Et
380 1217 480 1304 Hugo
499 1219 592 1283 uenit
613 1227 647 1284 et
668 1219 747 1284 dicit
767 1218 854 1304 quod
874 1218 973 1282 assisa
993 1240 1057 1282 non
1077 1218 1175 1282 debet
1192 1216 1268 1282 inde
1284 1217 1354 1281 fieri

249 1319 324 1404 quia
338 1319 425 1384 idem
442 1321 553 1386 Simon
569 1330 603 1384 et
618 1321 772 1385 Roheisia
786 1321 946 1385 dederunt
961 1329 1080 1384 terram
1100 1321 1190 1384 illam
1209 1320 1353 1405 predicto

249 1423 411 1488 Willelmo
431 1423 613 1489 Senescallo
634 1446 692 1510 pro
714 1423 864 1510 homagio
885 1433 920 1488 ct
941 1423 1077 1488 seruicio
1098 1446 1157 1489 suo
1178 1423 1353 1488 tenendam

248 1525 288 1589 de
317 1526 363 1592 eis
389 1550 446 1612 per
474 1527 646 1592 seruicium
677 1527 825 1604 militare,
852 1536 886 1592 et
916 1527 1003 1592 idem
1032 1528 1215 1592 Willelmus
1245 1527 1353 1592 tenuit

247 1627 335 1692 illem
351 1628 391 1693 de
406 1630 453 1693 eis
467 1651 525 1715 per
538 1653 610 1694 xxx.
626 1651 726 1694 annos
741 1638 775 1693 et
790 1651 828 1694 eo
845 1629 986 1715 amplius
1004 1638 1039 1692 et
1059 1629 1099 1693 dc
1119 1629 1175 1693 illo
1189 1629 1353 1694 Willelmo

247 1731 413 1797 descendit
433 1739 519 1798 terra
537 1733 594 1798 illa
613 1733 676 1819 ipsi
696 1733 830 1820 Hugoni
851 1732 938 1797 unde
958 1733 1091 1798 uidetur
1108 1734 1139 1797 ei
1159 1733 1245 1819 quod
1267 1743 1354 1799 terra

247 1835 303 1898 illa
324 1857 388 1899 non
410 1834 507 1900 debet
529 1836 651 1900 reuerti
672 1836 714 1901 ed
734 1836 819 1922 ipses
839 1837 896 1923 qui
915 1836 1037 1902 donum
1052 1837 1134 1901 illud
1149 1839 1304 1914 fecerunt,
1318 1847 1353 1902 et

161 2007 163 2010 ,
246 1946 394 2024 preterea
422 1937 501 2002 dicit
533 1938 619 2024 quod
647 1938 687 2003 de
718 1939 831 2003 eadem
867 1949 954 2003 terra
986 1939 1262 2025 inplacitaucrunt
1291 1940 1354 2026 ipsi

247 2040 385 2106 eundem
402 2042 576 2128 Hugonem
596 2065 654 2128 per
673 2043 771 2107 breue
792 2043 915 2107 domini
935 2043 1035 2130 Regis
1054 2043 1094 2108 de
1112 2053 1200 2108 recto
1213 2043 1249 2107 in
1263 2044 1353 2108 curia

246 2143 368 2209 domini
384 2146 484 2232 Regis
498 2146 657 2211 Johannis
672 2155 706 2210 et
721 2146 847 2212 desicut
862 2156 935 2234 post
949 2148 1048 2213 breue
1063 2148 1144 2212 illud
1159 2149 1302 2213 derecto
1317 2157 1351 2212 et
1364 2157 1485 2205 N⁰¹⁸s¹⁰⁶¹

246 2256 318 2332 post
333 2248 490 2334 placitum
505 2249 585 2314 illud
601 2249 849 2335 inpetrauerunt
869 2251 932 2336 ipsi
951 2250 1051 2315 breue
1071 2251 1111 2315 de
1126 2251 1225 2316 assisa
1238 2273 1351 2316 uersus
1362 2205 1509 2289 mppr·

247 2373 323 2414 eum
337 2373 403 2416 non
416 2352 550 2416 uidetur
564 2352 594 2417 ei
609 2352 695 2438 quod
709 2353 808 2417 assisa
822 2352 941 2417 debeat
955 2353 1124 2438 procedere
1139 2376 1251 2419 uersus
1266 2376 1349 2419 cum.
1363 2299 1490 2432 &ppo

247 2455 341 2520 Idem
355 2455 435 2520 dicit
451 2456 612 2520 Robertus
626 2455 666 2520 de
683 2456 795 2520 eodem
810 2456 930 2541 placito
945 2478 1057 2520 uersus
1071 2477 1147 2520 eum
1162 2463 1221 2521 etc.

312 2558 477 2623 Walterus
500 2558 541 2623 de
568 2559 728 2624 Kidewar'
752 2559 873 2644 optulit
896 2581 930 2623 se
956 2569 1071 2644 quarto
1094 2559 1147 2623 die
1170 2558 1211 2624 de
1234 2559 1354 2645 placito
1420 2573 1464 2612 θαι

247 2660 400 2725 audiendi
429 2661 672 2747 inquisicionem
703 2660 743 2726 de
770 2671 858 2726 terra
882 2661 923 2725 de
949 2661 1243 2726 Ketelbemestona
1266 2662 1354 2727 unde

247 2763 333 2827 idem
344 2763 509 2828 Walterus
520 2772 654 2851 questus
670 2765 733 2828 fuit
748 2764 834 2850 quod
849 2765 918 2850 ipse
933 2763 1100 2828 disseitus‘
1113 2765 1177 2828 fuit
1191 2766 1354 2830 occasione

246 2888 362 2953 guerre
392 2876 451 2931 etc.
479 2875 514 2932 et
543 2867 759 2953 recognitores
784 2867 873 2931 illius
901 2868 1007 2931 iurate
1035 2891 1100 2932 nou
1130 2878 1291 2933 uenerunt
1320 2877 1355 2933 et

246 2979 436 3057 preceptum
462 2971 526 3035 fuit
548 2970 733 3035 uicecomiti
758 2971 845 3056 quod
868 2971 1002 3035 haberet
1028 2993 1159 3058 corpora
1183 2995 1294 3036 eorum
1320 2980 1355 3036 et

247 3074 425 3138 uicecomes
457 3073 627 3137 mandauit
660 3072 746 3158 quod
778 3072 861 3137 illud
897 3083 1085 3158 preceperat
1118 3074 1292 3138 senescalle
1322 3075 1353 3138 S.

247 3176 433 3240 Eadmundi
448 3184 481 3240 et
496 3176 690 3240 senescallus
704 3175 776 3240 illos
787 3197 853 3238 nen
864 3174 987 3238 habuit.
1026 3175 1070 3238 Et
1081 3174 1154 3239 ideo
1165 3185 1354 3261 preceptum

247 3287 297 3342 est
326 3277 510 3342 uicecomiti
540 3277 626 3363 quod
654 3278 689 3341 in
715 3277 779 3342 fide
805 3278 841 3341 in
867 3301 932 3363 qua
957 3287 1090 3342 tenetur
1115 3277 1244 3343 domino
1271 3279 1354 3366 Regi

247 3381 366 3446 habeat
388 3403 519 3466 corpora
541 3403 652 3444 eorum
674 3380 708 3444 in
730 3389 789 3444 oct.
814 3381 845 3445 S.
870 3381 965 3445 Mich.
990 3389 1048 3444 etc
1072 3389 1107 3444 et
1131 3402 1197 3444 non
1222 3381 1354 3446 omittat

246 3491 379 3570 propter
407 3483 593 3547 libertatem
628 3482 768 3546 Abbatis
804 3483 834 3546 S.
866 3482 1053 3546 Eadmundi
1075 3480 1080 3568 Ι
1103 3483 1196 3547 cuius
1224 3483 1354 3548 balliuis

246 3585 413 3671 precipisti
428 3594 467 3648 ut
481 3585 574 3650 nobis
589 3585 750 3650 mandasti
765 3584 852 3670 quod
866 3584 938 3648 illos
958 3584 1116 3648 haberent
1131 3607 1151 3648 a
1164 3584 1217 3648 die
1233 3586 1264 3649 S.
1280 3586 1303 3651 J
1304 3585 1352 3650 oh.

246 3689 282 3752 iu
310 3711 360 3752 xv.
391 3687 460 3751 dies
490 3697 524 3751 et
554 3687 625 3751 illos
654 3709 718 3750 nou
748 3687 941 3763 habuerunt,
970 3695 1005 3750 ct
1034 3687 1120 3772 quod
1152 3699 1355 3753 summouent

245 3792 429 3878 predictum
453 3791 618 3856 Abbatem
641 3801 700 3855 etc.
726 3791 898 3856 auditurus
923 3790 1079 3856 iudicium
1107 3814 1202 3856 suum
1228 3793 1269 3857 de
1295 3794 1355 3857 hoc

245 3895 331 3981 quod
347 3895 508 3981 predictos
523 3895 680 3960 iuratores
695 3917 759 3959 non
774 3894 891 3960 habuit
906 3903 965 3959 etc.
982 3895 1066 3960 sicut
1080 3906 1270 3981 preceptum
1290 3898 1354 3962 fuit

244 3999 375 4064 balliuis
390 3999 457 4063 suis
466 3999 483 4062 ⁵.

47 4120 53 4128 '
124 4107 176 4170 39.
309 4103 422 4168 Assisa
447 4103 540 4167 uenit
563 4103 768 4188 recognitum
794 4103 867 4188 quis
892 4103 1069 4168 aduoeatus
1095 4112 1239 4190 tempore
1265 4105 1352 4191 pacis
1411 4126 1470 4166 sorr.

275 4300 360 4350 ²The
381 4300 510 4363 plaintim
532 4301 624 4352 Simon
646 4299 699 4350 and
723 4301 773 4350 Ro·
858 4301 957 4352 ’Corn
968 4302 1120 4366 pennam).

241 4365 326 4417 hosis.
858 4366 868 4397 ⁴
885 4367 956 4414 Gorr.
968 4368 1115 4417 disesiae.

274 4431 359 4480 ²The
371 4429 519 4489 defendant,
531 4429 634 4481 Bobert.
858 4431 987 4481 ⁶See13r.
1001 4431 1018 4480 l.
1033 4432 1090 4480 442.

376 4531 409 4577 u
1247 4519 1266 4578 3
