3342 5217
339 430 382 492 24
522 442 653 493 nisum
675 442 748 491 nnn
771 441 921 502 nummu,
942 440 1009 491 no.
1033 425 1127 502 1219,
1152 440 1214 489 nn
1238 426 1267 488 3.

339 624 398 678 etc
417 613 501 677 sicut
522 612 663 679 deducta
685 613 749 679 fuit
772 622 831 678 etc.
853 621 887 679 et
909 613 951 678 nd
970 611 1186 679 audiendum¹
1206 634 1303 676 suum
1322 609 1364 675 de
1387 611 1447 675 hoc

339 716 425 803 quod
440 716 522 782 illud
536 738 601 781 non
621 717 806 782 habuerunt
826 718 911 783 sicut
930 726 990 783 etc
1013 726 1048 781 et
1067 716 1247 781 uicecomes
1265 714 1448 779 atthcchiet

340 819 520 885 Robertum
535 817 621 904 quod
636 818 679 883 sit
694 827 753 884 etc
769 818 942 884 auditurus
960 818 1128 883 recordum
1150 826 1210 883 etc
1232 825 1267 881 et
1288 816 1449 882 Rudulfus

340 922 433 1009 ponit
447 922 515 987 loco
530 944 588 987 suo
602 922 804 987 Willelmum
818 923 861 987 de
876 923 1026 989 Mortona
1040 931 1099 987 etc

406 1026 537 1090 Hemon
566 1025 596 1089 le
625 1024 772 1110 Quceyfe
801 1034 835 1090 ct
865 1026 1003 1090 Matillis
1030 1048 1112 1090 uxor
1146 1024 1217 1089 eius
1252 1024 1448 1089 atthachiati

340 1128 473 1193 suemnt
494 1126 536 1192 cd
558 1127 793 1192 ostendendum
816 1150 916 1213 quare
937 1129 1084 1193 fecerunt
1104 1136 1237 1192 uastum
1258 1135 1293 1192 et
1313 1128 1448 1191 exilium

241 1220 278 1296 α’
338 1232 380 1297 de
394 1232 490 1297 bosco
503 1231 544 1296 dc
559 1230 710 1296 Hethille
724 1231 810 1317 quod
830 1240 946 1297 tenent
967 1232 1003 1296 in
1024 1232 1135 1296 dotem
1156 1232 1259 1317 ipsius
1278 1230 1449 1296 Matillidis

338 1334 380 1398 de
395 1332 576 1398 heieditute
591 1332 719 1398 Alberti
733 1333 775 1397 dc
796 1333 930 1398 Neuilla
949 1334 991 1398 ad
1012 1334 1325 1399 exhereditacioncm
1346 1335 1449 1420 ipsius

338 1437 468 1502 Alberti
489 1446 601 1503 contro
621 1436 875 1523 prohibicionem
895 1437 1020 1502 domini
1042 1437 1143 1523 Regis
1165 1447 1225 1502 cte
1249 1437 1336 1503 unde
1359 1438 1447 1502 idem

337 1539 494 1604 Albertus
516 1538 658 1603 ostendit
680 1538 766 1623 quod
788 1548 862 1624 pmt
883 1561 996 1624 pacem
1018 1540 1138 1603 factam
1161 1549 1197 1603 et
1221 1539 1362 1605 iuratum
1386 1549 1446 1605 etc

339 1643 517 1728 extinpcuit
545 1643 614 1729 ipse
644 1643 772 1708 nuberes
801 1644 886 1708 circo
913 1642 1047 1707 domum
1074 1651 1109 1707 et
1138 1642 1271 1709 boscum
1297 1643 1448 1709 uendidit

340 1754 374 1811 et
400 1746 492 1812 dedit
515 1755 550 1813 et
579 1748 724 1813 uastauit
753 1748 802 1813 ita
830 1748 917 1833 quod
942 1755 1074 1813 uastum
1099 1748 1177 1812 fecit
1201 1747 1244 1813 ad
1267 1748 1448 1813 uclenciam

340 1852 358 1917 l
375 1874 554 1917 mascarum
570 1862 603 1917 et
618 1852 695 1917 inde
709 1852 859 1938 producit
873 1861 995 1917 sectam
1010 1860 1070 1917 etc

405 1954 449 2019 Et
463 1954 526 2041 ipsi
540 1964 702 2020 uenerunt
717 1963 751 2019 et
766 1963 886 2040 petunt
900 1954 1009 2019 uisum
1023 1954 1064 2019 dc
1079 1954 1174 2019 bosco
1193 1953 1280 2018 undo
1300 1954 1447 2019 fecerunt

339 2064 478 2123 uastum
523 2059 567 2123 Et
581 2059 654 2124 ideo
669 2058 906 2123 consideratum
921 2066 971 2121 est
991 2057 1078 2143 quod
1097 2058 1241 2122 habeant
1261 2057 1368 2121 uisum
1389 2080 1448 2143 per

339 2160 393 2225 xii
418 2160 538 2247 legales
563 2169 597 2225 et
625 2160 779 2225 discretos
808 2159 955 2224 homines
983 2159 1025 2223 dc
1054 2159 1183 2223 uisncto
1211 2160 1269 2223 illo
1297 2167 1333 2223 et
1361 2160 1448 2244 quod

339 2264 405 2329 sint
428 2286 533 2328 coram
556 2263 741 2329 iusticimiis
762 2285 783 2327 c
811 2262 865 2327 die
888 2262 919 2327 S.
944 2262 1017 2327 Joh.
1041 2261 1075 2325 in
1098 2270 1164 2325 tres
1185 2261 1382 2346 septimanas
1404 2261 1447 2325 ad

339 2365 581 2431 testificandum
610 2364 696 2451 quod
719 2372 851 2429 uastum
874 2373 908 2429 et
933 2363 1021 2449 quod
1048 2364 1184 2428 exilium
1199 2364 1272 2450 ipsi
1301 2364 1448 2429 fecerunt

339 2468 380 2533 de
396 2468 540 2555 predicto
555 2470 650 2535 bosco
664 2469 751 2533 idom
765 2469 835 2535 dies
850 2468 946 2533 dctus
961 2477 995 2532 et
1010 2468 1165 2553 pestibus

406 2573 560 2639 'Briunus
574 2572 660 2638 filius
674 2573 773 2638 Alani
788 2572 909 2659 optulit
923 2594 957 2637 sc
972 2579 1088 2657 quarto
1108 2572 1161 2635 die
1176 2593 1289 2635 uersus
1303 2571 1447 2635 Priorem

267 2686 273 2699 '
340 2674 381 2739 dc
404 2675 552 2741 Buttcle⁴
572 2675 629 2761 qui
651 2698 684 2741 se
707 2674 883 2740 esconiauit
905 2674 945 2739 de
968 2673 1053 2737 mulo
1076 2673 1152 2738 lecti
1174 2696 1287 2738 uersus
1309 2696 1385 2737 eum
1405 2673 1447 2737 de

338 2779 552 2844 aduooaoionc
574 2778 705 2844 ecclesie
727 2778 769 2843 de
791 2777 899 2841 Bikcr’
922 2786 957 2841 et
980 2775 1071 2841 Piior
1095 2799 1161 2840 non
1184 2777 1278 2841 uenit
1301 2783 1361 2840 ete
1387 2798 1447 2840 nce

338 2882 459 2947 milites
484 2882 542 2968 qui
565 2882 711 2947 fecerunt
736 2880 844 2946 uisum
870 2879 912 2944 de
937 2902 976 2943 eo
1004 2888 1055 2943 set
1079 2901 1114 2943 se
1143 2878 1387 2944 esconiaucrunt
1412 2887 1447 2943 ct

338 2985 460 3049 habent
481 2984 568 3049 diem
590 3007 648 3070 per
670 2984 880 3049 essouictores
902 3006 977 3047 suos
997 2982 1081 3048 sicut
1103 2991 1196 3068 patet
1217 2983 1253 3047 in
1275 2980 1391 3046 esson'⁸
1411 2990 1448 3045 et

339 3088 532 3154 Godefiidus
566 3088 759 3155 senescallus
796 3088 827 3154 S.
856 3088 1016 3152 Aldiethe
1053 3087 1270 3153 summonitus
1304 3087 1369 3151 fuit
1405 3086 1448 3151 ad

338 3192 538 3259 audiendum
563 3193 744 3279 iudicium}
763 3193 805 3258 de
835 3193 897 3257 hoc
925 3192 1011 3279 quod
1033 3216 1099 3257 non
1121 3192 1340 3257 otthachiauit
1362 3191 1448 3277 ipsos

339 3305 479 3381 quatuor
497 3297 618 3361 milites
640 3296 725 3362 sicut
747 3296 778 3361 ei
800 3304 990 3382 preceptum
1011 3296 1120 3381 sepius
1141 3296 1215 3375 fuit,
1235 3304 1269 3359 et
1290 3293 1360 3381 ipsc
1381 3317 1447 3358 non

339 3398 433 3463 uenit
455 3408 514 3464 etc
539 3406 574 3463 ct
595 3398 669 3463 ideo
689 3397 725 3461 in
746 3397 964 3463 misericoidia
984 3420 1043 3483 pro
1064 3397 1187 3462 defalta
1207 3406 1241 3461 et
1263 3420 1321 3483 pro
1343 3407 1446 3462 truns-

341 3502 510 3589 gressione

407 3604 518 3669 Assisa
546 3604 639 3668 uenit
668 3604 873 3689 recognitum
901 3604 929 3668 si
958 3602 1134 3668 (laufridus
1162 3602 1203 3667 de
1232 3602 1448 3682 Querendona

254 3760 294 3789 em.
342 3710 523 3774 auunculus
550 3708 698 3774 chfridi
723 3709 763 3774 de
792 3708 965 3775 Olemdono
989 3710 1053 3774 fuit
1076 3709 1205 3773 scisitus
1228 3708 1263 3773 in
1287 3707 1447 3772 dominico

341 3832 400 3877 suo
425 3818 464 3876 ut
489 3812 530 3876 de
553 3812 645 3877 feodo
674 3812 724 3876 et⁸
752 3810 888 3877 dimidio
916 3811 994 3877 hidc
1023 3819 1107 3876 terre
1136 3834 1210 3876 cum
1239 3811 1448 3897 pertinenciis

374 3980 383 4012 ¹
402 3982 501 4045 Supply
514 3984 646 4032 iudicium.
918 3983 992 4031 3-4.

374 4046 466 4095 'This
493 4050 554 4096 note
581 4046 604 4095 is
635 4047 777 4097 concerncd
804 4046 868 4096 with
949 4046 1192 4097 ’Scenbovccncc
1203 4046 1243 4095 20.

342 4110 408 4161 Ccsc
429 4113 469 4169 27.
487 4110 572 4161 which
594 4126 627 4175 cp
721 4116 749 4162 nt
767 4127 783 4163 n
801 4113 868 4162 later
950 4112 1072 4175 4ΒιηΙο]
1080 4111 1176 4174 Abbcy,
1185 4110 1299 4160 founded
1308 4110 1449 4175 bannull

342 4180 413 4238 stege
423 4190 458 4225 on
469 4174 514 4226 the
525 4176 574 4225 roll
584 4178 613 4226 ol
657 4176 705 4227 'ch.
719 4180 786 4227 term
796 4176 864 4229 A.R
919 4176 1043 4226 Glsnvill.
1076 4176 1191 4226 Monast
1203 4176 1307 4226 vieto.

343 4242 422 4299 3-43
439 4256 481 4289 sss
497 4240 586 4302 below,
600 4242 664 4291 cnse
681 4242 722 4291 56.
756 4242 810 4291 The
825 4242 867 4290 de·
950 4242 1045 4290 *inm
1072 4244 1170 4291 emnia
1197 4240 1239 4305 (l).
1272 4241 1308 4289 As
1337 4254 1448 4303 apponte

343 4305 474 4355 fendnnt's
490 4320 567 4355 nome
585 4305 678 4355 should
695 4306 725 4356 bc
738 4306 825 4356 Hnmo
836 4306 869 4356 dc
919 4320 1015 4367 among
1031 4307 1076 4355 the
1091 4306 1200 4363 cssoins,
1214 4306 1303 4355 reconl
1320 4306 1349 4356 oi
1363 4304 1447 4355 which

342 4371 481 4432 l'Euvsysc
503 4386 532 4419 or
554 4370 598 4420 the
615 4371 673 4420 like.
707 4372 864 4429 Brsctomf.
920 4372 1215 4434 iskeptonnsepnrntc
1226 4371 1283 4420 roll.

343 4436 399 4493 elo,
412 4435 475 4485 cites
486 4434 539 4485 this
550 4450 608 4486 cnse
619 4436 686 4486 from
703 4435 781 4485 Mich.
793 4437 823 4489 h.
834 4436 865 4486 R.
952 4438 963 4468 ⁶
981 4437 1051 4486 Corr.
1064 4438 1103 4486 de.
