3342 5217
354 438 397 503 90
542 453 675 502 mnssr
696 452 770 502 nnn
794 450 930 515 mmm,
952 450 1017 503 sn.
1041 440 1134 517 1220,
1155 453 1218 504 sn
1242 440 1271 502 ι,

353 626 496 692 manerio
510 627 566 693 illo
581 648 655 692 cnm
670 626 879 713 pertinenciis
893 627 958 692 fuit
971 626 1041 713 ipse
1056 626 1187 693 seisitns
1201 636 1241 693 nt
1255 625 1296 691 de
1311 622 1405 691 feodo
1419 632 1456 690 et

353 730 424 795 iure
445 739 589 816 tempore
612 732 712 818 Regis
731 730 761 797 J.
785 731 942 818 capiendo
961 731 1038 797 inde
1058 732 1190 817 expleto
1210 730 1253 795 sd
1274 729 1458 795 unlencism

353 842 485 899 centum
515 858 694 900 mercemur
724 836 811 901 unde
841 835 922 900 dicit
944 835 1030 922 quod
1055 835 1143 901 idem
1165 834 1336 900 Felkesius
1355 834 1458 898 nlium

352 940 533 1026 ingressum
547 939 727 1004 nonhabet
746 938 782 1003 in
801 938 944 1004 manerio
965 938 1021 1004 illo
1040 938 1105 1003 nisi
1124 960 1182 1024 per
1203 938 1311 1024 ipsum
1333 937 1459 1002 Willel·

352 1065 443 1108 mum
459 1043 515 1130 qui
530 1043 612 1109 illud
626 1044 657 1109 ei
672 1043 833 1109 commisit
847 1044 882 1108 in
899 1040 1000 1109 bellis
1019 1043 1060 1108 ed
1080 1042 1287 1108 uoluntatem
1306 1062 1400 1106 suam
1423 1048 1459 1105 et

353 1148 505 1213 uoluntas
526 1170 585 1213 sua
604 1148 734 1213 transiit
755 1154 790 1213 et
812 1148 886 1213 ideo
907 1147 993 1233 petit
1014 1147 1196 1212 manerium
1217 1146 1299 1211 illud
1321 1145 1406 1210 sicut
1427 1143 1459 1209 ei

353 1249 514 1315 commisit
524 1258 560 1315 et
574 1249 659 1336 quod
673 1250 854 1315 manerium
865 1248 947 1315 illud
958 1258 1009 1315 est
1019 1250 1071 1315 ius
1081 1272 1177 1314 suum
1189 1258 1224 1314 et
1238 1248 1325 1335 qnod
1335 1248 1385 1312 ite
1394 1247 1459 1312 fuit

352 1352 482 1418 scisitus
511 1352 595 1417 sicut
616 1352 798 1438 predictum
828 1361 888 1429 est,
911 1361 946 1417 et
968 1352 1055 1439 quod
1076 1352 1167 1418 eliud
1189 1352 1370 1438 ingressum
1391 1371 1458 1415 non

353 1455 453 1521 hebet
468 1456 563 1522 offert
577 1457 711 1542 prebere
726 1464 824 1542 prout
839 1464 899 1521 etc

418 1558 462 1623 Et
482 1556 650 1621 Fnlkesius
669 1564 728 1643 pe'r
746 1564 950 1623 attornetum
969 1578 1066 1622 suum
1080 1556 1227 1623 defendit
1240 1555 1293 1621 ius
1309 1578 1407 1621 suum
1421 1562 1456 1621 et

352 1660 432 1726 dicit
447 1660 533 1747 quod
547 1683 612 1725 non
627 1660 725 1726 debet
739 1661 782 1727 ed
796 1660 857 1726 hoc
871 1662 970 1727 breue
985 1661 1186 1747 respondere,
1197 1661 1275 1747 quie
1288 1661 1358 1746 ipse
1371 1660 1458 1746 petit

352 1764 533 1829 manerium
562 1763 602 1829 de
633 1763 775 1829 Liutonn
802 1786 878 1829 cum
900 1763 1109 1850 pertinenciis
1130 1772 1166 1829 et
1187 1764 1257 1850 ipse
1278 1787 1343 1830 non
1364 1772 1457 1829 tenet
1510 1809 1516 1819 -

352 1866 532 1931 manerium
547 1888 621 1929 cum
636 1864 845 1951 pertinenciis
860 1866 937 1952 quia
949 1866 1062 1932 Abbss
1077 1866 1108 1932 S
1123 1866 1245 1932 Albani
1266 1875 1360 1932 tenet
1379 1866 1456 1933 inde

352 1992 381 2037 x.
398 1968 490 2035 hidas
504 1977 539 2034 et
552 1992 618 2035 non
633 1977 725 2035 tenet
739 1970 780 2035 de
798 1992 838 2035 eo
856 1993 917 2035 nec
936 1970 977 2035 de
999 1971 1174 2037 elemosine
1194 1994 1255 2036 nec
1276 1971 1340 2036 elio
1361 1971 1456 2037 modo

190 2082 328 2181 {mm
353 2082 389 2137 et
417 2073 489 2139 ideo
514 2095 581 2139 non
601 2073 676 2138 uult
698 2072 741 2138 ed
771 2073 831 2138 hoc
853 2073 953 2141 breue
974 2075 1166 2160 respondere
1188 2075 1252 2141 nisi
1272 2075 1362 2141 curin
1382 2097 1455 2139 oon·

190 2180 336 2266 &pm
353 2176 549 2241 siderouerit
595 2176 639 2239 Et
661 2176 806 2262 quesitus
828 2177 869 2242 de
895 2172 990 2242 cuius
1008 2177 1101 2243 feodo
1129 2178 1185 2243 ille
1214 2202 1243 2244 x.
1266 2178 1341 2243 hide
1370 2185 1457 2253 sunt,

352 2281 433 2346 dicit
447 2281 533 2368 quod
546 2280 588 2345 de
603 2281 696 2345 feodo
717 2280 854 2348 Comitis
874 2282 1073 2347 Glouoestrie
1093 2291 1128 2347 et
1148 2283 1234 2369 quod
1253 2282 1366 2348 Abbss
1380 2282 1458 2347 facit

353 2384 384 2451 ei
398 2384 474 2450 inde
489 2384 661 2449 seruicium
677 2384 878 2450 forinsecum

419 2484 463 2550 Et
477 2484 661 2551 Willelmus
681 2486 888 2551 Maresccllus
907 2486 1088 2574 dicitquod
1108 2488 1180 2553 Rex
1194 2487 1352 2553 Ricardus
1365 2485 1458 2554 dedit

354 2590 534 2655 manerium
554 2589 636 2655 illud
655 2612 729 2655 oum
748 2591 958 2677 pertinenciis
977 2592 1163 2657 Bsfdewino
1185 2592 1227 2658 de
1250 2592 1401 2657 Bethune
1423 2599 1458 2656 et

354 2694 430 2759 inde
444 2694 565 2779 profert
579 2701 700 2758 cartem
715 2716 808 2759 suam
823 2716 887 2781 que
901 2702 1043 2760 testatur
1057 2695 1144 2781 quod
1158 2694 1227 2781 ipse
1242 2694 1334 2760 dedit
1348 2702 1457 2759 totum

352 2794 536 2860 manerium
555 2795 596 2860 de
616 2796 758 2861 Liutona
779 2819 854 2861 cum
876 2797 1085 2883 pertinenciis
1107 2797 1292 2863 Beldewino
1313 2797 1458 2884 predicto

354 2923 428 2965 cum
443 2900 592 2966 omnibus
612 2902 819 2986 pertinenciis
841 2909 877 2966 et
895 2901 1045 2966 omnibus
1064 2901 1333 2967 aduooncionibns
1355 2910 1390 2967 et
1411 2900 1458 2969 sic

244 3048 248 3055 -
353 3010 443 3068 certe
471 3002 593 3067 domini
616 3003 716 3089 Regis
738 3010 881 3068 testetur
901 3012 937 3068 et
958 3003 1004 3069 sic
1026 3004 1095 3090 ipse
1118 3004 1200 3069 illud
1222 3006 1404 3070 manerium
1426 3006 1458 3069 ei

353 3107 515 3172 commisit
540 3107 589 3171 ita
611 3106 693 3173 illud
721 3108 807 3194 petit
832 3108 955 3173 scilicet
983 3108 1019 3174 in
1042 3109 1177 3173 seruicio
1200 3108 1286 3195 quod
1309 3117 1401 3174 tenet
1423 3108 1458 3175 in

354 3210 497 3287 seruioio‚
519 3218 554 3275 et
575 3209 611 3279 in
632 3209 792 3276 dominico
815 3212 902 3298 quod
923 3219 1016 3278 tenet
1037 3212 1073 3277 in
1091 3212 1261 3291 dominico,
1279 3222 1314 3278 et
1335 3214 1372 3278 in
1393 3214 1458 3279 ele·

354 3314 478 3381 mesine
491 3314 578 3400 quod
592 3313 699 3379 tenet¹
714 3322 774 3380 etc
812 3314 904 3380 Dicit
918 3316 1020 3381 eciem
1035 3316 1121 3402 quod
1135 3316 1222 3381 idem
1233 3317 1345 3382 Abbss
1359 3317 1459 3382 habet

353 3417 573 3483 terramillam
585 3438 624 3481 ex
640 3416 722 3481 dono
734 3417 892 3483 Willelmi
902 3418 1002 3505 Regis
1014 3419 1071 3505 qui
1081 3420 1175 3485 uenit
1185 3419 1228 3486 ed
1242 3428 1457 3505 conquestum

353 3544 411 3608 per
435 3529 557 3586 osrtnm
578 3542 671 3585 suem
693 3530 728 3585 et
749 3542 807 3606 per
828 3533 933 3586 certes
954 3544 1069 3609 regum
1090 3522 1236 3587 omnium
1258 3522 1300 3589 de
1322 3546 1399 3611 rege
1421 3524 1457 3589 in

353 3646 462 3711 regem
486 3624 534 3689 its
559 3624 645 3711 quod
668 3624 736 3710 ipse
762 3624 875 3690 Abbes
899 3646 1027 3712 semper
1054 3626 1201 3692 defendit
1230 3650 1265 3692 se
1286 3635 1323 3693 et
1342 3649 1458 3693 uersus

355 3728 541 3794 Felkesium
570 3736 604 3792 et
630 3750 742 3793 uersus
763 3727 844 3792 alios
864 3750 923 3813 per
943 3737 1049 3795 certas
1069 3752 1184 3815 regum
1208 3738 1243 3794 et
1264 3730 1306 3795 de
1327 3731 1459 3818 regibus

354 3854 480 3918 semper
493 3830 648 3897 clamauit
661 3836 772 3895 tenere
787 3837 826 3894 ut
840 3830 876 3895 in
890 3830 1072 3897 elemosine

420 3936 464 4001 Et
479 3934 647 3999 Felkesius
661 3934 741 3998 dicit
756 3933 843 4021 quod
857 3933 985 3999 diversa
1001 3942 1079 3998 sunt
1100 3934 1193 3999 feoda
1211 3942 1247 4000 et
1267 3935 1353 4022 quod
1375 3958 1458 4000 nun·

355 4061 452 4126 quem
482 4038 614 4102 fuerunt
641 4036 738 4101 simul
762 4036 825 4101 nisi
846 4058 884 4101 eo
906 4044 1052 4122 tempore
1074 4058 1138 4122 quo
1160 4035 1402 4106 dominus‘Rex
1424 4038 1456 4103 J.

355 4141 418 4207 fuit
434 4140 549 4207 Comes
564 4138 771 4205 Gloucestrie.

421 4246 464 4309 Et
479 4243 556 4329 quie
569 4243 668 4309 breue
688 4243 768 4308 dicit
789 4243 876 4329 quod
895 4242 1010 4308 reddat
1028 4243 1210 4309 manerium
1226 4245 1313 4330 quod
1327 4245 1359 4311 ei
1372 4268 1458 4311 oom-

782 4446 790 4479 ¹
809 4448 838 4497 io
850 4449 992 4507 elemosine.
1003 4448 1034 4499 Δ.
