3342 5217
420 382 483 445 436
717 394 854 452 assisa,
875 392 941 442 an.
966 379 1144 453 113111(
1169 380 1219 440 15.

419 568 572 635 dixerunt
601 566 687 653 quod
717 568 882 653 predictus
910 567 1057 653 Rogerus
1083 538 1319 631 obiitseisitus
1344 563 1521 629 decadem

420 684 506 737 terra
521 679 555 737 et
569 671 699 737 redditu
716 680 752 735 ut
768 672 808 736 de
827 671 920 736 feodo
939 680 974 735 et
995 678 1070 757 post
1091 670 1266 735 terminum
1289 677 1324 734 et
1345 668 1432 755 quod
1453 688 1522 753 pre·

419 777 526 842 dictus
549 775 700 841 Oliuerus
722 775 786 839 luit
806 775 1016 862 propinquior
1034 775 1136 853 heres,
1150 783 1185 839 et
1199 775 1272 840 ideo
1286 772 1521 839 consideratum

419 880 483 945 fuit
504 879 591 967 quod
615 879 767 944 Oliuerus
792 879 998 964 recuperauit
1021 877 1173 944 seisinam
1196 901 1289 943 suam
1315 885 1350 941 et
1375 876 1468 941 Prior
1488 874 1521 938 in

419 984 642 1049 misericordia
697 984 741 1048 Et
770 984 928 1049 iuratores
956 983 1106 1069 requisiti
1135 984 1163 1048 si
1188 983 1255 1048 tale
1284 982 1327 1047 sit
1355 979 1521 1047 recordum

418 1086 532 1152 dicunt
556 1023 779 1172 quodsreuem
801 1086 901 1151 assisa
921 1086 979 1151 illa
1004 1086 1097 1151 uenit
1119 1085 1324 1172 recognitum
1346 1084 1522 1149 seeundum

418 1190 506 1277 quod
520 1190 700 1276 predictum
714 1199 773 1267 est,
782 1200 832 1255 set
844 1191 921 1277 quia
934 1191 1099 1277 predictus
1114 1190 1266 1256 Oliuerus
1279 1189 1396 1255 habuit
1411 1210 1521 1275 quem-

419 1294 494 1358 dam
510 1295 642 1359 fratrem
657 1294 835 1359 deullum
850 1293 980 1357 nomine
999 1301 1192 1359 antenatum
1212 1292 1270 1379 qui
1284 1300 1448 1379 superstes
1462 1291 1522 1355 fuit

419 1398 655 1464 dubitauerunt
680 1406 792 1462 utrum
815 1396 885 1483 ipse
912 1396 1063 1462 Oliuerus
1089 1404 1174 1461 esset
1200 1396 1409 1482 propinquior
1434 1394 1523 1459 heres

420 1502 474 1567 uel
500 1524 574 1579 non,
600 1500 677 1587 quia
705 1500 860 1565 dixemnt
889 1500 976 1587 quod
1004 1500 1177 1586 aliquando
1205 1524 1312 1565 coram
1340 1498 1523 1565 iusticiariis

419 1605 650 1670 itinerantibus
675 1604 865 1669 arramiauit
887 1603 1052 1690 predictus
1075 1604 1236 1669 Radullus
1258 1604 1391 1669 assisam
1413 1602 1523 1667 mortis

419 1708 629 1772 antecessoris
655 1706 696 1772 de
720 1716 826 1771 morta
850 1706 988 1792 predicti
1011 1707 1131 1793 Rogeri
1153 1706 1194 1771 de
1217 1706 1363 1793 predicta
1383 1714 1473 1770 terra
1492 1712 1523 1768 et

419 1811 549 1876 redditu
572 1834 685 1876 uersus
707 1811 846 1876 eundem
870 1810 1013 1875 Priorem
1035 1818 1070 1875 et
1089 1811 1147 1897 qui
1165 1811 1206 1876 de
1226 1811 1371 1897 predicta
1390 1819 1479 1874 terra
1491 1817 1523 1873 et

419 1912 550 1979 redditu
572 1913 703 1978 uocauit
723 1912 764 1977 ad
779 1921 960 1977 warantum
980 1912 1155 1978 Osbertum
1170 1913 1211 1978 de
1227 1912 1384 1978 Gladefen
1398 1921 1522 1997 patrem

419 2017 556 2105 predicti
586 2018 716 2082 Radulfi
746 2017 802 2103 qui
828 2017 1046 2081 summonitus
1070 2016 1112 2082 ad
1135 2016 1408 2081 warentizandum
1435 2024 1522 2079 ante·

419 2142 517 2206 quam
540 2120 778 2185 warantizasset
801 2120 971 2187 transtulit
992 2143 1027 2185 se
1049 2120 1206 2207 religioni,
1228 2129 1263 2185 et
1285 2128 1399 2206 postea
1421 2118 1523 2204 posita

419 2224 483 2289 luit
498 2224 598 2288 assisa
611 2224 698 2309 apud
715 2223 1048 2302 Westmonasterium‚
1063 2232 1098 2289 et
1112 2224 1160 2289 ibi
1174 2224 1317 2288 ostendit
1333 2224 1422 2288 idem
1437 2224 1524 2288 Prior

419 2327 560 2413 qualiter
581 2326 746 2412 predictus
773 2326 931 2392 Osbertus
953 2326 1122 2392 transtulit
1145 2349 1180 2391 se
1202 2327 1359 2413 religioni,
1383 2336 1419 2391 et
1442 2326 1523 2392 dixit

419 2430 505 2517 quod
534 2430 694 2495 Radullus
719 2431 806 2495 filius
830 2430 933 2518 ipsius
959 2431 1090 2497 Osberti
1118 2438 1152 2496 et
1180 2431 1274 2495 heres
1302 2431 1359 2517 qui
1388 2430 1521 2496 eandem

418 2532 550 2597 assisam
572 2532 762 2598 arramiauit
783 2554 897 2597 uersus
917 2556 994 2598 eum
1017 2542 1137 2599 terram
1158 2533 1249 2598 illam
1268 2532 1300 2598 ci
1318 2532 1522 2598 warentimre

419 2633 534 2701 debuit
554 2656 612 2720 per
630 2643 753 2701 cartam
773 2636 875 2721 patris
895 2635 955 2712 sui,
970 2636 1019 2699 ita
1039 2636 1126 2721 quod
1145 2657 1204 2721 per
1220 2658 1409 2722 responsum
1425 2635 1523 2723 ipsius

419 2737 549 2803 Radulli
565 2737 802 2803 consideratum
817 2739 881 2804 luit
895 2738 983 2824 apud
997 2739 1322 2804 westmonasterium
1336 2740 1425 2826 quod
1439 2740 1522 2806 idem

419 2840 580 2906 Radulfus
601 2841 633 2906 ei
654 2840 769 2906 debuit
784 2842 991 2907 warentizare
1013 2852 1048 2907 et
1069 2842 1118 2907 ita
1137 2843 1294 2907 remansit
1315 2843 1425 2920 assisa,
1439 2842 1522 2907 unde

420 2954 454 3009 et
478 2944 542 3009 hiis
563 2944 745 3010 racionibus
767 2946 1004 3011 dubitauerunt
1025 2947 1088 3033 ipsi
1109 2946 1266 3012 iuratores
1287 2946 1393 3012 dicere
1415 2956 1522 3011 utrum

419 3048 488 3134 ipse
512 3048 663 3114 Oliuerus
685 3057 770 3115 esset
789 3050 999 3137 propinquior
1017 3051 1111 3116 heres
1130 3050 1232 3137 ipsius
1249 3050 1370 3137 Rogeri
1383 3051 1439 3115 uel
1453 3072 1523 3114 non

419 3151 464 3215 Et
480 3151 631 3217 Oliuerus
646 3152 820 3237 requisitus
835 3153 864 3217 si
877 3153 926 3218 ita
939 3164 1025 3219 esset
1038 3162 1074 3218 et
1087 3149 1157 3239 ipse
1172 3154 1233 3218 hoc
1246 3175 1311 3217 non
1325 3152 1460 3219 dedixit

486 3254 531 3319 Et
559 3254 697 3339 predicti
726 3254 897 3321 iusticiarii
921 3256 982 3321 hoc
1006 3256 1110 3343 primo
1135 3256 1330 3321 dedixerunt
1354 3265 1390 3348 et
1415 3264 1525 3343 postea

421 3364 643 3443 cognouerunt
673 3358 759 3442 quod
788 3358 926 3445 predicti
955 3358 1112 3424 iuratores
1141 3358 1291 3423 dixerant
1320 3358 1405 3445 quod
1440 3359 1522 3425 idem

422 3459 574 3525 Oliuerus
589 3459 706 3525 habuit
720 3462 894 3546 quemdam
909 3464 1041 3527 fratrem
1055 3464 1315 3550 primogenitum

487 3562 531 3627 Et
555 3562 647 3626 Prior
667 3562 748 3627 dicit
772 3564 857 3650 quod
881 3565 1048 3630 recordum
1071 3566 1137 3630 tale
1159 3575 1209 3631 est
1231 3566 1294 3631 nisi
1313 3566 1348 3630 in
1365 3567 1428 3631 hoc
1441 3566 1524 3654 quod

422 3687 496 3730 cum
523 3665 591 3751 ipse
617 3673 763 3731 uocasset
788 3667 972 3754 predictum
997 3668 1195 3734 Radullum¹
1220 3668 1261 3733 ad
1286 3680 1467 3735 warantum
1492 3679 1525 3734 et

422 3768 571 3855 petiisset
590 3768 748 3835 auxilium
768 3772 856 3836 curie
871 3779 906 3836 et
920 3795 977 3859 pro
992 3773 1140 3839 habendo
1155 3772 1276 3838 auxilio
1290 3774 1378 3839 curie
1392 3774 1525 3860 optulis-

423 3882 473 3939 set
489 3896 515 3939 v.
532 3896 626 3939 marc.
643 3874 698 3939 et'
713 3875 832 3941 habere
847 3899 912 3942 non
929 3878 1038 3963 potuit
1058 3900 1118 3943 nec
1136 3877 1249 3943 audiri.
1295 3878 1340 3942 Et
1358 3878 1527 3943 iusticiarii

423 3978 483 4043 hoo
497 3977 676 4042 defendunt
688 3986 738 4043 set
749 3978 864 4044 dicunt
874 3980 961 4066 quod
975 3980 1135 4045 Radulfus
1150 3979 1284 4045 Gemun
1298 3980 1420 4066 optulit
1434 3981 1525 4045 Dom.

424 4078 507 4165 Regi
533 4079 557 4164 j.
586 4087 773 4145 austuroum
803 4103 861 4167 pro
890 4081 1009 4147 iudicio
1038 4082 1126 4148 illius
1154 4082 1251 4149 assisa
1281 4082 1315 4147 in
1344 4091 1526 4170 respectum

424 4181 579 4269 ponendo.

490 4286 534 4349 Et
559 4286 637 4373 quia
665 4286 834 4355 iusticiarii
860 4301 1057 4378 cognoscunt
1083 4292 1169 4379 quod
1194 4292 1352 4357 iuratores
1374 4292 1527 4357 direnrut

446 4396 448 4399 Ι
619 4432 627 4463 ¹
645 4432 782 4495 liudulfum
794 4435 922 4496 repeated.
1133 4436 1144 4469 ¹
1161 4437 1220 4486 Om.
1231 4445 1255 4486 et
1268 4437 1300 4499 (ζ’)
