3342 5217
386 497 620 557 mensurnas,
642 495 707 546 11).
731 481 910 556 1111111
935 479 1072 542 13-14.
1214 477 1275 538 291

175 674 211 732 et
239 666 302 732 iste
332 665 513 732 Herbertus
541 665 642 730 habet
672 664 840 730 eeclesiam
868 663 959 728 illam
988 684 1028 727 ex
1056 661 1141 726 dono
1177 659 1279 746 ipsius

176 769 328 855 Episcopi
353 769 403 833 ita
425 768 552 855 integre
576 768 661 832 sicut
690 767 759 853 ipse
786 765 980 832 Godesridus
1006 787 1078 830 eam
1107 764 1216 828 tenuit
1245 772 1279 828 ct

175 873 306 938 saisitus
329 880 380 938 e'st
401 872 442 937 de
465 873 578 938 eadam
601 872 755 958 pensione
777 871 863 936 sicut
884 871 971 936 idem
995 869 1087 934 Eudo
1108 867 1279 954 cognoscit,

177 977 424 1046 consideratum
440 985 491 1042 est
510 975 597 1063 quod
617 977 741 1062 capella
760 976 819 1042 illa
835 997 901 1040 non
924 983 1029 1051 uacat,
1044 982 1079 1038 et
1098 973 1280 1038 Herbcrtus

176 1079 253 1146 inde
267 1080 337 1145 sine
352 1080 405 1145 die
420 1087 455 1144 et
471 1078 564 1144 Eudo
583 1079 618 1144 in
637 1077 855 1144 misericordia
873 1087 907 1142 et
925 1076 1091 1163 perquirat
1113 1097 1148 1140 se
1168 1096 1280 1139 uersus

177 1185 321 1250 Priorem
336 1183 376 1250 de
391 1185 503 1250 Lcwes
516 1206 575 1270 per
588 1183 687 1248 finem
707 1183 869 1247 intereos
889 1181 1012 1246 factum
1034 1181 1062 1245 si
1083 1179 1224 1245 uoluerit
1246 1186 1281 1242 et

176 1288 378 1375 prohibitum
394 1296 445 1354 est
460 1287 623 1352 Herberto
637 1307 678 1351 ne
694 1285 734 1350 de
749 1294 858 1350 cetero
871 1291 1027 1370 sequatur
1045 1283 1121 1349 inde
1142 1281 1282 1347 incuria

177 1391 409 1458 cristianitatis

80 1509 94 1524 ⁷
119 1555 126 1569 ,
244 1493 406 1558 Radulfus
429 1493 470 1558 de
494 1493 617 1558 Damas
639 1491 848 1558 atbachiatus
873 1492 937 1557 fuit
958 1492 1001 1557 ad
1021 1489 1280 1578 respondendum
1307 1498 1430 1546 ΝΜ*

178 1595 324 1660 Waltero
345 1595 541 1660 Malesourcs
560 1617 659 1680 quare
683 1594 784 1660 traxit
807 1617 883 1660 eum
902 1595 938 1658 in
959 1593 1116 1680 placitum
1138 1591 1282 1658 incuria

177 1697 402 1763 cristianitatis
431 1697 472 1762 de
501 1698 627 1763 catallis
653 1721 716 1784 que
738 1721 804 1764 non
825 1707 904 1763 sunt
925 1706 985 1763 etc.
1009 1697 1096 1763 unde
1118 1695 1282 1783 predictus

177 1801 344 1866 Walterus
369 1801 517 1886 queritur
542 1801 629 1887 quod
653 1802 754 1868 traxit
780 1825 856 1867 eum
882 1801 917 1866 in
942 1802 1099 1888 placitum
1128 1800 1170 1866 de
1199 1822 1283 1886 equo

177 1905 278 1992 precii
302 1929 352 1970 xx.
378 1905 432 1970 sol.
460 1913 494 1970 et
518 1905 571 1991 vij.
596 1905 662 1972 dea
709 1907 752 1970 Et
778 1905 937 1971 Radulfus
960 1906 1053 1970 uenit
1074 1913 1109 1970 at
1130 1903 1283 1991 cognouit

177 2007 265 2094 quod
289 2008 391 2072 traxit
410 2029 486 2072 eum
507 2007 541 2072 in
562 2007 719 2094 placitum
741 2008 776 2072 in
798 2006 888 2072 curia
908 2006 1132 2072 cristianitatis
1152 2012 1285 2092 propter

177 2112 331 2178 iniuriam
362 2135 461 2198 quam
488 2113 519 2176 ei
542 2113 620 2178 fecit
641 2112 682 2177 de
704 2113 844 2198 quodam
867 2120 1053 2177 tenemento
1075 2111 1161 2198 quod
1182 2112 1223 2177 de
1245 2133 1284 2175 eo

178 2216 289 2282 tenuit
304 2217 382 2302 quia
397 2217 444 2282 ibi
458 2217 618 2282 maturius
638 2217 802 2283 iusticiam
822 2217 942 2283 habere
964 2218 1081 2304 potuit.
1125 2217 1169 2282 Et
1187 2238 1285 2302 super

178 2320 240 2384 hoc
256 2318 350 2384 uenit
365 2321 528 2386 Robertus
543 2321 583 2386 de
599 2321 683 2386 Leic’
704 2321 807 2386 maior
823 2321 857 2385 N
859 2322 1069 2408 orhamptone
1089 2329 1123 2386 et
1144 2329 1285 2386 testatur

178 2423 266 2510 quod
283 2446 357 2489 cum
372 2445 431 2510 per
444 2433 610 2490 rotomum
625 2425 735 2490 breuis
757 2426 852 2492 Dom.
874 2427 975 2513 Regia
994 2426 1137 2491 uenisset
1151 2425 1194 2490 ad
1208 2447 1283 2490 eum

180 2534 215 2592 et
230 2535 358 2612 peteret
381 2527 515 2592 uadium
536 2537 571 2594 ot
590 2529 736 2615 plegium
759 2528 845 2616 quod
867 2538 952 2594 esset
973 2551 1079 2594 coram
1101 2527 1286 2593 iusticiariis

101 2630 107 2644 '
179 2653 391 2718 responsurus
420 2655 520 2719 quare
551 2635 651 2698 traxit
680 2635 820 2700 eundem
851 2634 1034 2698 Walterum
1063 2633 1098 2697 in
1127 2631 1285 2718 placitum

179 2737 288 2803 noluit
302 2737 437 2802 uadium
451 2737 528 2802 dare
543 2760 603 2803 nec
618 2738 763 2824 plegium
777 2737 925 2802 inuenire
941 2737 1027 2801 unde
1047 2759 1123 2801 eum
1142 2736 1230 2823 cepit
1251 2745 1285 2800 et

179 2841 320 2908 adduxit
335 2863 411 2907 eum
426 2864 533 2907 coram
548 2842 734 2907 iusticiariis
748 2865 807 2928 per
820 2851 1010 2928 preceptum
1023 2842 1055 2907 S.
1070 2841 1111 2906 de
1128 2839 1285 2927 Segraue¹

179 2952 215 3010 et
231 2953 475 3030 propterquam
491 2946 676 3031 captionem
692 2947 844 3012 Decanus
854 2947 887 3010 N
889 2947 1100 3033 orhamptone
1114 2945 1286 3010 interdicto

178 3049 353 3136 supposuit
381 3049 494 3115 uillam
519 3049 775 3137 Norhamptone.
820 3051 865 3116 Et
894 3052 1055 3117 Radulfus
1083 3050 1231 3137 quesitus
1258 3050 1286 3114 si

180 3153 290 3220 uoluit
311 3153 388 3220 dare
410 3154 545 3220 uadium
568 3163 603 3220 et
625 3154 771 3242 plegium
793 3155 941 3222 inuenire
960 3155 1148 3242 dicitquod
1170 3177 1235 3220 non
1252 3163 1288 3219 et

180 3257 258 3323 ideo
273 3255 420 3321 mittitur
434 3257 535 3344 gaola.

249 3359 417 3424 lohannes
431 3360 471 3425 de
486 3359 626 3425 Suclrele
641 3360 762 3446 optulit
776 3381 811 3426 se
826 3361 904 3446 iiijw.
921 3361 973 3426 die
993 3383 1106 3426 uersus
1123 3361 1287 3448 Rogarem
1348 3371 1356 3385 '
1415 3397 1421 3409 ·

181 3463 225 3530 de
242 3463 376 3529 Clifford
390 3463 431 3529 de
445 3463 567 3551 placito
582 3487 681 3550 quare
696 3487 761 3529 non
776 3464 919 3530 reddidit
933 3466 965 3530 ei
979 3465 1037 3552 iiij.
1057 3488 1153 3530 marc.
1173 3487 1236 3552 que
1256 3465 1287 3530 ei

181 3575 292 3634 aratro
306 3576 384 3632 sunt
401 3568 442 3633 de
462 3569 528 3655 viij.
552 3569 667 3636 marcia
685 3592 747 3655 que
770 3571 801 3634 ei
822 3570 1006 3636 adiudicate
1028 3572 1161 3636 morunt
1181 3591 1288 3635 coram

181 3668 372 3736 iusticiariis
400 3671 489 3757 apud
521 3671 843 3738 westmonasterium
872 3681 932 3739 etc.
961 3697 1019 3760 pro
1047 3673 1197 3760 dampnis
1224 3695 1288 3759 que

181 3773 293 3841 eidem
306 3773 453 3840 Johanni
466 3773 588 3840 intulit
635 3775 678 3841 Et
698 3777 845 3863 Rogcrus
864 3799 929 3842 non
948 3776 1041 3842 uenit
1056 3785 1116 3842 cto
1131 3785 1167 3842 et
1180 3777 1289 3862 pluras

180 3877 264 3945 fecit
300 3877 438 3944 defaltas
473 3879 522 3946 ita
557 3878 643 3965 quod
679 3887 869 3966 preceptum
900 3879 964 3945 fuit
992 3880 1175 3946 uicecomiti
1203 3879 1290 3966 quod

180 3983 397 4072 distringeret
411 4007 487 4050 eum
502 4007 561 4070 per
575 3993 676 4050 terras
687 3993 722 4050 ct
736 3987 855 4051 catalla
868 4009 934 4051 sua
980 3986 1024 4049 Et
1047 3985 1126 4072 quia
1145 3984 1290 4071 predicte

53 4161 56 4200 ἱ
181 4192 266 4260 lecit
284 4191 290 4279 Ι
309 4193 455 4268 defaltas,
479 4192 727 4258 consideratum
750 4203 800 4258 est
821 4192 909 4279 quod
929 4193 1108 4258 uioeoomes
1129 4191 1227 4256 faciat
1250 4191 1291 4256 dc
1354 4207 1399 4256 1111

54 4273 57 4304 ¹
183 4295 284 4362 terris
305 4301 340 4360 et
363 4294 488 4360 catallis
511 4293 612 4380 ipsius
634 4294 754 4382 Rogeri
775 4295 938 4381 predictas
959 4293 1015 4380 iiij.
1038 4316 1133 4358 marc
1160 4301 1195 4357 et
1220 4293 1292 4358 illas

591 4517 599 4550 ¹
618 4517 674 4568 One
685 4519 713 4567 oi
722 4516 767 4568 the
776 4516 890 4579 justicer.

1101 4614 1205 4674 lit-2
