3342 5217
399 409 463 472 288
609 415 929 478 monantulam.
953 401 1047 476 1229,
1068 415 1133 466 aa
1157 401 1293 465 13-14.

396 591 449 658 et¹
465 590 545 656 dicit
565 588 651 676 quod
673 588 716 653 ad
736 587 879 673 primum
894 587 1003 653 breue.
1048 587 1092 652 Et
1113 585 1187 652 ideo
1206 587 1330 652 dictum
1352 585 1508 672 estquod

396 695 556 760 Ranulfus
571 695 724 804 obseruet¹
737 692 823 757 diem
839 715 935 756 suum
951 701 1010 756 etc,
1074 771 1078 780 Ι

397 1149 458 1215 DE
480 1149 688 1215 TERMINO
713 1148 743 1214 S.
766 1148 1019 1214 MICHAELIS
1041 1147 1174 1212 ANNO
1197 1147 1342 1212 REGNI
1366 1145 1506 1211 REGIS

440 1252 637 1318 HENRIOI
660 1251 1002 1317 TEROIODEOIMO
1018 1251 1070 1315 IN
1074 1249 1287 1316 CIPIENTE
1309 1249 1459 1314 x111110.

341 1580 347 1592 ,
462 1511 573 1576 Assisa
594 1533 678 1576 noue
701 1510 868 1576 disseisine
890 1518 987 1596 capta
1007 1510 1096 1596 apud
1117 1511 1276 1576 Exoniam
1297 1511 1332 1575 in
1350 1511 1509 1576 crastino¹

399 1613 430 1678 S.
447 1614 617 1678 Laurencii
631 1636 690 1700 per
703 1622 894 1699 preceptum
909 1613 1032 1677 domini
1047 1613 1147 1699 Regis
1161 1636 1269 1678 coram
1284 1614 1448 1678 Willelmo
1463 1612 1507 1678 de

397 1717 545 1803 Ralegha
571 1727 606 1782 et
629 1717 722 1782 sociis
745 1718 812 1782 suis
839 1741 919 1803 quos
941 1740 1050 1782 secum
1072 1719 1232 1804 asumpsit
1253 1717 1377 1782 scilicet
1397 1739 1507 1782 comm

397 1820 529 1884 Decano
545 1820 685 1884 Exonie⁸
705 1829 739 1884 et
754 1821 837 1897 aliis,
851 1843 937 1885 asino
952 1820 1144 1906 supradicto.

462 1921 574 1986 Assisa
602 1922 696 1986 uenit
724 1922 930 2008 recognitum
959 1923 986 1986 si
1017 1922 1207 1987 Euerwinus
1238 1922 1326 1986 filius
1356 1922 1507 1987 Gemasii

397 2025 518 2090 iniuste
534 2034 592 2090 etc.
608 2024 785 2090 disseisinit
800 2025 965 2112 Rogerum
987 2024 1092 2089 filium
1114 2025 1273 2090 Osmundi
1292 2026 1446 2090 clericum
1467 2025 1508 2089 de

398 2130 498 2194 libero
513 2137 701 2193 tenemento
715 2151 774 2193 suo
789 2128 824 2192 in
839 2128 952 2215 Legha
966 2135 1039 2213 post
1054 2127 1160 2192 ultim'
1175 2137 1234 2192 etc

463 2234 507 2297 Et
522 2233 712 2298 Euerwinus
731 2232 825 2297 uenit
847 2241 882 2296 et
903 2232 987 2296 bene
1007 2231 1154 2296 concedit
1174 2232 1260 2317 quod
1279 2239 1508 2296 tenementum

398 2336 479 2401 illud
494 2336 581 2401 unde
596 2336 686 2402 uisus
701 2338 805 2401 factus
820 2337 886 2401 est⁴
900 2337 952 2402 ius
971 2359 1067 2402 suum
1087 2345 1139 2401 set
1162 2336 1243 2401 dicit
1265 2336 1352 2422 quod
1373 2335 1507 2421 quidam

399 2439 561 2503 Robertus
576 2439 675 2503 frater
689 2461 767 2503 suus
781 2437 1018 2524 primogenitus
1032 2439 1074 2503 de
1089 2460 1153 2524 quo
1172 2438 1337 2524 predictus
1360 2439 1509 2526 Rogerus

399 2541 508 2604 tenuit
530 2540 607 2605 fecit
629 2540 791 2626 quandam
815 2541 994 2626 simplicem
1016 2539 1168 2605 seisinam
1188 2540 1229 2605 de
1248 2549 1436 2606 tenemento
1450 2541 1507 2605 illo

399 2665 458 2730 pro
488 2643 618 2709 defectu
645 2644 773 2709 seruicii
796 2644 882 2730 quod
904 2644 936 2709 ei
957 2667 978 2708 a
999 2653 1085 2709 retro
1107 2645 1171 2709 fuit
1192 2652 1243 2709 set
1265 2645 1356 2709 nulla
1377 2647 1509 2731 expleta

399 2747 475 2812 inde
500 2748 596 2834 cepit.
640 2748 759 2813 Postea
783 2756 896 2812 autem
918 2746 1010 2812 dedit
1032 2747 1193 2832 quoddam
1215 2748 1397 2812 manerium
1420 2749 1507 2814 unde

400 2858 624 2915 tenementum
640 2850 722 2915 illud
737 2851 801 2915 suit
815 2850 998 2915 membrum
1009 2850 1065 2915 isti
1077 2851 1248 2916 Euerwino
1258 2851 1293 2915 in
1308 2852 1506 2916 escambium

399 2953 566 3018 cuiusdam
576 2953 711 3018 alterius
722 2961 816 3030 terre,
826 2961 861 3018 et
869 2953 932 3017 iste
944 2954 1134 3018 Euerwinus
1141 2962 1314 3040 postquam
1325 2954 1508 3020 manerium

399 3055 481 3121 illud
495 3055 612 3121 habuit
626 3057 661 3120 in
676 3079 774 3121 manu
790 3079 850 3121 sua
868 3056 978 3121 tenuit
999 3063 1225 3120 tenementum
1246 3056 1328 3121 illud
1347 3057 1382 3120 in
1405 3079 1507 3120 manu

399 3183 459 3224 sua
484 3169 518 3224 et
541 3160 676 3225 tradidit
698 3160 780 3225 illud
802 3159 931 3225 cuidam
954 3160 1078 3224 homini
1099 3161 1142 3226 ad
1164 3160 1375 3224 excolendum
1398 3181 1458 3246 pro
1481 3161 1507 3246 j.

399 3287 507 3329 marca
521 3287 619 3350 quam
639 3264 714 3328 inde
729 3263 817 3350 cepit
831 3271 867 3328 et
880 3264 963 3328 bene
981 3263 1062 3328 dicit
1081 3263 1167 3348 quod
1190 3263 1312 3349 pluries
1334 3263 1457 3348 optulit
1476 3264 1508 3327 ei

399 3377 519 3434 tenam
533 3369 623 3432 illam
637 3389 697 3454 per
711 3368 756 3434 sic
771 3368 858 3454 quod
873 3368 993 3432 faceret
1012 3367 1044 3432 ei
1063 3367 1237 3432 seruicium
1257 3367 1344 3454 quod
1363 3368 1509 3453 pertinet

398 3471 441 3536 ad
455 3471 633 3557 predictam
649 3480 768 3536 terram
783 3480 818 3535 et
832 3471 940 3535 adhuc
955 3471 1057 3535 offert.

465 3575 509 3639 Et
538 3575 684 3661 Rogerus
714 3575 806 3640 uenit
836 3584 871 3640 et
900 3573 981 3639 dicit
1004 3573 1090 3660 quod
1116 3596 1181 3637 non
1205 3581 1298 3639 tenet
1320 3574 1362 3639 de
1385 3597 1422 3638 eo
1447 3597 1509 3640 nec

399 3699 554 3762 umquam
570 3676 678 3741 tenuit
694 3685 728 3742 et
748 3677 829 3741 dicit
851 3676 937 3762 quod
957 3676 1066 3741 tenuit
1086 3685 1312 3741 tenementum
1336 3675 1418 3741 illud
1436 3687 1510 3742 toto

399 3789 544 3864 tempore
559 3779 695 3843 Roberti
710 3779 817 3844 fratris
832 3779 928 3844 istius
944 3779 1107 3844 Euerwini
1122 3780 1223 3844 donec
1238 3779 1300 3844 iste
1315 3779 1509 3845 Eueruinus

399 3903 475 3945 eum
504 3880 687 3945 disseisiuit.
749 3881 792 3944 Et
822 3880 900 3966 quia
928 3880 1094 3966 predictus
1124 3881 1314 3946 Euerwinus
1342 3882 1510 3968 cognoscit

399 3985 485 4070 quod
500 3984 585 4049 idem
602 3985 747 4072 Rogerus
762 3985 826 4049 fuit
841 3984 876 4048 in
896 3985 1014 4050 seisina
1033 3985 1074 4050 de
1096 3986 1242 4072 predicto
1263 3995 1453 4052 tenemento
1472 3999 1512 4052 et

399 4087 485 4172 quod
511 4087 609 4151 fiater
634 4109 712 4151 suus
738 4109 802 4151 non
829 4086 907 4150 fecit
932 4087 1009 4151 inde
1035 4087 1098 4152 nisi
1127 4087 1302 4172 quamdam
1326 4087 1509 4174 simplicem

398 4189 548 4255 saisinam
574 4198 609 4254 et
631 4189 717 4276 quod
739 4189 808 4276 ipse
831 4189 1027 4255 Ewerwinus
1051 4190 1228 4256 disseisiuit
1252 4213 1327 4254 eum
1351 4189 1400 4255 ita
1419 4191 1511 4277 quod
