3342 5217
381 1 445 64 594
676 15 828 76 rammi,
850 14 915 64 ao.
940 1 1034 77 1233,
1056 15 1119 65 aa
1145 4 1162 64 1
1188 50 1195 65 .

380 186 553 273 Reginaldi
574 184 718 273 Anguill'
740 208 840 272 quam
861 184 968 251 adhuc
989 186 1090 251 habet
1112 186 1147 251 in
1169 210 1268 251 manu
1291 210 1350 253 sua
1374 196 1409 252 et
1432 210 1493 273 per

379 314 455 356 eum
481 290 634 356 maritata
659 298 693 355 et
719 313 817 376 quam
843 288 931 355 idem
960 289 1127 355 Johannee
1157 290 1275 355 habuit
1304 314 1363 377 per
1390 290 1490 355 finem

379 418 477 481 quern
492 395 570 460 fecit
584 416 659 459 cum
674 394 770 459 Petro
786 392 826 458 de
838 393 989 458 Rivallis¹
1005 393 1061 479 qui
1073 393 1104 459 ei
1119 393 1270 459 uendidit
1281 394 1491 479 maritagium

378 497 460 563 illud
476 506 511 563 et
525 498 601 563 inde
621 506 718 563 uocat
739 519 814 563 eum
836 498 878 562 ad
901 506 1082 563 warantum
1104 497 1162 584 qui
1184 498 1215 563 ei
1236 497 1319 563 illud
1341 497 1493 563 uendidit

378 626 438 689 per
459 603 552 670 Dom
576 605 710 691 Regem,
730 612 764 669 et
786 604 867 669 dicit
889 602 977 690 quod
999 603 1063 668 fuit
1084 603 1119 667 in
1141 604 1288 670 custodia
1309 626 1377 681 sua,
1391 613 1426 669 et
1449 602 1492 667 dc

378 706 526 771 custodia
540 729 600 771 sua
613 706 704 771 illam
719 705 807 792 cepit
821 728 880 792 per
895 707 993 771 finem
1009 705 1110 771 illum.
1203 716 1207 728 '

444 812 488 875 Et
502 811 688 876 Willelmus
702 811 796 876 uenit
811 818 846 876 et
866 810 1013 877 defendit
1032 810 1119 896 quod
1139 809 1291 881 nichilci
1310 808 1409 875 debet
1429 832 1492 875 nec

378 937 522 1000 unquam
537 914 636 979 finem
650 937 724 979 eum
740 936 779 979 eo
793 913 871 979 fecit
886 936 945 979 nec
963 936 1022 1000 per
1040 913 1149 1000 ipsum
1169 912 1286 979 habuit
1305 912 1491 999 predictum

377 1016 530 1081 heredem
559 1039 619 1081 nec
647 1039 705 1102 per
733 1016 840 1102 ipsum
878 1024 989 1080 amota
1024 1016 1088 1079 fuit
1124 1016 1164 1081 de
1202 1014 1349 1080 custodia
1384 1015 1491 1099 ipsius

377 1122 543 1187 Johannia
590 1122 634 1186 Et
655 1121 822 1187 Johannee
844 1121 924 1187 dicit
947 1120 1033 1208 quod
1055 1120 1120 1185 fuit
1142 1121 1176 1185 in
1199 1120 1345 1186 custodia
1366 1143 1434 1198 sua,
1452 1130 1490 1185 et

377 1228 463 1313 quod
484 1250 543 1313 per
563 1227 663 1291 finem
684 1249 781 1312 quem
808 1249 883 1291 cum
909 1249 947 1291 eo
972 1226 1049 1291 fecit
1073 1249 1131 1312 per
1156 1225 1316 1311 predictos
1339 1224 1491 1291 denarios

376 1331 493 1396 habuit
507 1331 577 1417 ipse
591 1330 776 1396 Willelmns
790 1331 971 1396 custodiam
986 1331 1131 1417 predicte
1152 1339 1236 1396 terre
1252 1339 1286 1395 et
1300 1330 1438 1407 heredis,
1453 1338 1490 1395 et

376 1433 452 1499 inde
472 1436 565 1520 ponit
584 1458 619 1500 ee
639 1457 736 1519 super
757 1435 829 1500 illos
852 1435 909 1521 qui
931 1435 1151 1501 interfuerunt
1172 1433 1380 1499 conuentioni
1400 1435 1492 1499 inter

375 1561 430 1603 eoe
446 1538 535 1603 facte.
582 1538 699 1603 Postea
713 1538 791 1624 quia
805 1539 901 1603 ambo
915 1546 1112 1625 cognoscunt
1127 1537 1214 1624 quod
1235 1545 1321 1602 terra
1341 1544 1376 1601 et
1390 1537 1488 1601 heres

376 1640 509 1705 fuerunt
523 1640 558 1706 in
573 1663 672 1705 manu
687 1639 781 1705 Dom.
797 1640 898 1728 Regis
913 1650 948 1706 et
963 1641 1049 1727 quod
1064 1663 1122 1727 per
1133 1640 1315 1726 predictum
1327 1639 1491 1717 Petrum',

375 1751 410 1806 et
435 1742 522 1808 idem
550 1744 667 1808 Petrus
688 1743 749 1809 hoc
771 1743 950 1809 deaduocat
972 1743 1046 1809 ideo
1067 1744 1252 1830 inquiratur
1272 1742 1313 1807 de
1334 1741 1490 1808 Johanne

374 1867 433 1931 per
453 1868 551 1932 quem
574 1845 675 1910 hahet
696 1846 879 1934 ingressum
900 1846 935 1910 in
956 1854 1076 1911 terram
1096 1846 1195 1923 illam,
1211 1854 1245 1911 et
1264 1844 1305 1910 de
1321 1844 1491 1911 Willelmo

374 1971 544 2036 perquem
559 1950 668 2036 ipsum
683 1950 837 2015 heredem
852 1951 1069 2037 desponeauit.

252 2060 324 2130 777
439 2053 617 2118 Petronilla
641 2076 704 2140 que
731 2053 795 2119 suit
820 2076 902 2119 uxor
927 2054 1085 2119 Willelmi
1110 2054 1151 2120 de
1178 2054 1209 2119 S.
1237 2054 1379 2119 Martino
1405 2055 1490 2119 tulit

258 2165 279 2204 Ν
280 2166 318 2206 0¹1
373 2156 473 2222 breue
502 2158 543 2223 de
571 2181 658 2223 noua
686 2158 856 2223 disseisina
891 2180 997 2225 coram
1034 2158 1092 2245 iiij.
1122 2156 1309 2223 iusticiariis
1344 2157 1388 2222 ad
1424 2158 1490 2223 hoc

210 2227 326 2371 doffiw
290 2230 569 2348 ”demignatis'
559 2284 595 2326 1n
614 2262 772 2326 comitatu
793 2285 906 2327 uersus
926 2262 1128 2328 Willelmum
1149 2262 1316 2349 Rusteng',
1330 2262 1489 2349 Reginal-

211 2371 273 2411 “⁶⁰¹²
239 2373 353 2458 ὣ
373 2363 452 2429 dum
468 2364 552 2431 des
566 2364 708 2430 Martrno
719 2374 754 2431 et
764 2366 966 2431 erlelmum
982 2365 1022 2431 de
1031 2366 1119 2431 Aula
1129 2365 1170 2431 de
1183 2366 1283 2432 libero
1295 2374 1489 2433 tenemento

210 2465 278 2552 fimo
225 2420 408 2552 Qm‘egin
429 2467 624 2532 Waterdena
644 2467 729 2533 sicut
749 2476 842 2555 patet
861 2468 897 2534 in
916 2468 1047 2533 recordo
1069 2468 1155 2555 quod
1176 2468 1346 2534 iusticiarii
1368 2469 1489 2535 libera-

209 2559 338 2691 qum,
373 2580 501 2649 uerunt,
523 2579 558 2637 et
584 2572 670 2659 quod
695 2572 853 2639 iuratores
874 2581 1103 2660 cognonerunt.
1159 2574 1202 2638 Et
1227 2574 1305 2660 quia
1326 2574 1489 2641 iuratores

300 2673 487 2739 edicunt
507 2674 593 2760 quod
615 2675 781 2761 predictus
801 2675 987 2741 Willelmue
1009 2675 1101 2740 dedit
1123 2683 1241 2741 terram
1263 2676 1354 2740 illam
1377 2676 1488 2743 eidem

372 2777 555 2842 Petronelle
571 2777 623 2842 die
639 2800 704 2864 quo
723 2800 796 2843 eam
815 2777 1019 2845 affidauitet
985 2778 1205 2845 etoccasione
1227 2777 1490 2865 desponsationis

371 2882 606 2969 subsequentis,
618 2890 654 2947 et
664 2891 812 2969 preterea
825 2882 883 2947 illa
897 2882 1020 2947 nullam
1036 2882 1203 2947 saisinam⁴
1217 2883 1280 2948 nisi
1294 2892 1368 2969 poet
1382 2883 1486 2951 fidem

372 2985 492 3065 datam,
513 2986 744 3054 Consideratur
763 2986 851 3072 quod
871 2986 992 3053 donum
1012 2986 1094 3052 illud
1117 2987 1245 3052 nullum
1267 2995 1317 3051 est
1338 2996 1373 3051 et
1394 2989 1488 3074 quod

371 3089 499 3153 nullum
514 3089 630 3154 habuit
644 3090 692 3154 ibi
706 3090 846 3155 liberum
861 3097 1087 3155 tenementum
1108 3090 1272 3155 occasione
1292 3090 1380 3155 illius
1395 3090 1487 3169 doni,

371 3198 406 3255 et
425 3190 512 3277 quod
526 3192 711 3257 Willelmus
731 3200 765 3257 et
785 3192 842 3257 alii
863 3201 999 3258 teneant
1018 3192 1053 3257 in
1071 3214 1159 3279 paee,
1174 3200 1209 3258 et
1223 3193 1294 3279 ipsa
1307 3192 1342 3257 in
1357 3193 1488 3261 miseri-

370 3294 485 3359 cordia
531 3294 635 3382 Plegii
649 3295 689 3360 de
705 3294 923 3360 misericordia
937 3303 997 3362 etc.

314 3406 343 3480 j
435 3397 555 3463 Jurata
574 3397 676 3483 xxiiij.
691 3398 733 3463 ad
756 3397 1014 3463 conuincendum
1036 3397 1089 3483 xij.
1111 3398 1204 3463 uenit
1226 3384 1434 3486 recognitum
1455 3402 1486 3467 si

371 3500 535 3566 Walterus
563 3501 650 3566 filius
679 3501 815 3566 Roberti
843 3501 964 3566 iniuste
995 3510 1030 3567 et
1055 3502 1124 3567 sine
1154 3502 1273 3567 iudicio
1303 3502 1486 3569 disseiaiuit

219 3619 229 3631 ‘
369 3604 393 3669 J
394 3604 537 3670 ulianam
558 3627 623 3690 que
645 3604 709 3670 fuit
728 3626 810 3669 uxor
829 3604 965 3670 Roberti
980 3606 1040 3670 filii
1056 3606 1201 3692 Philippi
1215 3605 1257 3671 de
1272 3605 1373 3672 libero
1388 3616 1485 3674 tene-

369 3716 481 3773 mento
509 3730 568 3773 suo
597 3708 632 3773 in
658 3708 816 3774 Bocetede
846 3718 920 3794 post
945 3709 1083 3795 primam
1113 3710 1353 3776 coronacionem
1382 3710 1484 3781 Dom.

401 3843 505 3894 ¹Peter
526 3843 558 3893 de
584 3842 710 3894 Rievaulx
738 3844 783 3894 the
810 3843 896 3907 king’a
980 3844 1128 3907 ³Bra0ton‚
1149 3846 1167 3894 1.
1185 3846 1224 3906 29,
1245 3846 1309 3894 cites
1326 3845 1381 3895 thie
1403 3862 1482 3907 case3

369 3908 504 3967 favondte,
521 3924 580 3959 now
596 3912 623 3959 at
639 3910 686 3960 the
700 3908 791 3972 height
807 3909 837 3958 of
854 3909 896 3959 hie
947 3912 1039 3960 mnam
1049 3918 1074 3960 et
1080 3912 1270 3975 feoffamentum
1281 3912 1349 3961 illud
1356 3914 1413 3975 ipso
1425 3916 1483 3964 inre

368 3987 786 4103 wammam.
947 3978 1105 4103 nuili'iipry
1118 4042 1216 4091 aaa.
