3342 5217
359 386 423 454 666
661 398 801 461 maran,
823 398 890 451 66.
915 385 1008 461 1234,
1030 398 1094 449 sn
1118 388 1168 451 16.

358 568 575 635 adduceretur
602 566 643 635 de
673 568 808 634 ecclesia
831 566 873 633 de
903 566 1028 633 Diuisis
1057 566 1093 633 in
1125 590 1225 655 quam
1253 568 1469 657 confugerat¹,

358 672 530 741 mandauit
543 672 638 738 Dom.
653 671 725 737 Rex
739 693 797 756 per
812 670 940 737 litteras
954 693 1029 737 suas
1041 670 1182 737 Radulfo
1197 673 1238 739 de
1253 673 1470 761 Willingtona

357 786 437 844 tunc
466 776 702 843 constabulario
724 775 765 840 de
787 774 912 841 Diuisis
934 781 969 839 et
990 775 1136 841 Waltero
1158 776 1200 841 de
1223 776 1412 843 Godaruills
1434 784 1469 843 et

357 882 518 947 militibus
532 880 605 946 61116
618 879 660 945 16
679 878 787 946 comit.
803 879 894 945 Wilt.
911 885 950 944 ut
972 879 1081 965 ipsum
1105 880 1310 947 Gilebertum
1333 890 1369 947 et
1388 882 1469 947 alios

356 983 555 1073 1666663666,1
576 985 721 1049 16666666
749 980 965 1048 incomitata
987 1004 1046 1047 suo
1068 982 1109 1048 de
1131 984 1290 1051 comitatu
1312 984 1347 1050 in
1370 985 1468 1051 comi·

357 1096 465 1155 tatum
488 1109 656 1174 quousque
681 1087 916 1173 allegarentur,
942 1084 992 1150 ita
1017 1086 1104 1173 quod
1127 1086 1250 1153 milites
1275 1096 1311 1155 66
1339 1089 1397 1155 alii
1426 1088 1467 1155 (16

355 1192 514 1257 comitatu
543 1191 690 1255 fecerunt
718 1212 823 1256 unum
853 1189 1054 1274 campionem
1083 1190 1176 1277 aequi
1206 1214 1319 1257 uersus
1348 1215 1402 1257 eos
1431 1192 1467 1257 16

356 1293 907 1380 666166661666611611666161666
917 1293 1468 1376 Hubertoabductoamonesterio‚

355 1402 405 1467 ita
424 1400 510 1488 quod
529 1422 588 1487 per
606 1398 708 1486 ipsius
731 1408 854 1465 sectam
874 1398 1008 1463 fuerunt
1027 1398 1176 1486 utlagati
1223 1399 1268 1464 Et
1290 1422 1389 1486 super
1406 1401 1467 1467 hoc

355 1506 449 1571 uenit
473 1504 567 1570 Dom.
590 1504 662 1568 Rex
687 1510 722 1569 66
747 1500 911 1589 cognoscit
940 1508 975 1566 66
1000 1500 1187 1567 recordatur
1212 1502 1300 1588 quod
1327 1502 1467 1589 predicti

355 1608 565 1675 Maresoallus
601 1607 787 1673 Gilebertus
823 1614 859 1670 et
894 1604 951 1669 alii
987 1610 1066 1671 aute
1100 1606 1338 1693 utlagationem
1374 1607 1465 1673 illam

354 1712 549 1777 multociens
562 1733 621 1797 per
633 1710 769 1776 nuncios
788 1706 999 1795 sollempnos⁸
1014 1715 1049 1773 et
1071 1732 1131 1796 per
1147 1710 1277 1775 litteras
1297 1710 1467 1797 pecierunt

354 1813 614 1890 misericordiam,
634 1813 689 1878 uel
712 1821 752 1878 ut
769 1835 828 1898 per
845 1813 974 1879 saluum
993 1813 1191 1879 conductum
1214 1812 1314 1879 adiri*
1332 1823 1467 1901 pooeent

354 1918 477 1986 curiam
492 1918 586 1984 Dom.
602 1917 702 2004 Regis
716 1925 751 1981 et
771 1924 857 1982 stare
877 1916 1000 1982 ibidem
1021 1916 1141 1982 iudicio
1161 1916 1289 2002 parium
1309 1916 1465 1997 suorum¹,
1493 1944 1509 1962 ν
1603 1963 1607 1971 .

354 2020 594 2110 quodquidam
617 2020 682 2085 illis
703 2019 768 2085 fuit
789 2020 996 2107 denegatum,
1018 2020 1083 2085 nisi
1111 2020 1147 2085 in
1175 2021 1279 2086 forma
1304 2020 1373 2099 tali,
1396 2022 1464 2088 scil

354 2124 441 2212 quod
462 2122 685 2209 unusquisque
706 2144 765 2208 per
792 2145 828 2188 se
852 2132 888 2187 66
913 2124 1000 2191 66166
1023 2124 1152 2189 ueniret
1181 2133 1217 2189 et
1242 2124 1371 2203 rediret,
1399 2125 1466 2191 6161

353 2228 511 2295 iudicium
547 2227 642 2292 illum
670 2226 874 2293 incumberet
883 2226 901 2293 ⁸.
961 2228 1007 2293 Et
1035 2227 1145 2314 plures
1174 2228 1316 2315 episcopi
1343 2236 1379 2294 et
1407 2229 1465 2294 6111

355 2333 563 2420 quamplures
587 2338 755 2417 presentes
777 2332 838 2396 hoc
860 2331 948 2397 idem
970 2331 1084 2397 testati
1106 2333 1247 2397 1666666.
1292 2333 1336 2397 Et
1360 2354 1465 2418 quum

353 2436 502 2524 predicta
524 2434 680 2500 abduccio
702 2433 848 2499 Huberti
876 2434 964 2499 facta
985 2433 1049 2499 luit
1071 2434 1235 2499 occasione
1256 2434 1405 2523 gwerre',
1427 2444 1463 2500 et

351 2548 502 2627 preterea
515 2560 590 2603 cum
607 2538 718 2602 nullus
736 2538 880 2625 utlagari
898 2537 1033 2604 deberet
1056 2538 1120 2604 nisi
1138 2546 1198 2605 aut
1219 2562 1279 2625 per
1296 2540 1463 2626 appellum

353 2642 557 2721 racionabile,
585 2649 645 2706 aut
673 2663 732 2727 per
759 2650 881 2707 sectam
911 2642 1005 2709 Dom.
1029 2642 1129 2731 Regis
1159 2643 1218 2708 ubi
1247 2644 1334 2709 16666
1355 2644 1462 2731 patrie

353 2754 519 2815 accusaret
543 2745 695 2831 aliquem,
722 2746 776 2811 uel
803 2745 845 2810 de
870 2745 1032 2811 sedicione
1061 2746 1155 2811 Dom.
1185 2746 1286 2834 Regis
1314 2749 1368 2813 uel
1397 2748 1464 2813 alia

353 2852 529 2918 manifesta
556 2848 807 2935 transgressione
829 2857 942 2915 contra
962 2872 1077 2936 pacem
1098 2850 1192 2916 Dom.
1216 2851 1324 2940 Regis,
1346 2858 1381 2917 et
1401 2852 1464 2918 hoc

354 2965 500 3041 tempore
535 2952 632 3039 pacis,
669 2960 704 3017 et
739 2952 887 3038 predicta
922 2954 1057 3019 fuerunt
1093 2962 1239 3040 tempore
1268 2976 1398 3043 gwerre,
1428 2963 1465 3021 et

353 3067 503 3146 preterea
537 3056 615 3143 quia
648 3063 807 3120 testatum
838 3055 902 3120 fuit
931 3056 1018 3142 quod
1046 3056 1214 3143 predictus
1242 3060 1368 3145 campio
1396 3082 1462 3125 non

353 3161 533 3250 appellauit
547 3182 602 3225 eos
621 3159 661 3224 de
684 3159 795 3245 aliqua
813 3158 963 3225 robberia
982 3160 1046 3225 sibi
1067 3161 1164 3242 facta,
1179 3168 1230 3227 set
1253 3170 1384 3227 tautum
1403 3184 1464 3249 pro

353 3264 605 3353 transgressione
634 3263 721 3328 facta
748 3262 844 3327 Dom.
879 3262 973 3350 Regi,
1002 3271 1038 3328 et
1074 3264 1153 3350 quia
1187 3264 1368 3351 appellauit
1404 3288 1463 3353 pro

353 3369 513 3438 comitatu
527 3366 654 3432 Wiltes'
669 3365 710 3432 de
725 3366 977 3453 transgressione
993 3366 1040 3432 eis
1055 3366 1165 3445 facta⁸,
1179 3366 1244 3432 scil.
1261 3365 1302 3432 de
1316 3366 1463 3453 predicto

385 3512 478 3564 ι1166.
489 3512 549 3562 Par.
560 3510 745 3574 66116119.
778 3509 882 3559 Hubert
933 3508 1061 3560 1166616611
1076 3508 1202 3561 demands
1218 3510 1265 3560 the
1280 3510 1418 3575 iudgmmt
1434 3514 1465 3564 61

352 3578 407 3630 bad
434 3576 544 3641 osoapsd
573 3577 640 3625 from
666 3574 710 3624 his
736 3574 826 3637 prison
853 3578 882 3625 66
931 3573 1072 3637 hispears,
1089 3574 1291 3639 66166111)
1293 3578 1355 3629 Aa
1378 3578 1463 3631 6611666

353 3643 461 3697 Derim
477 3647 505 3693 to
521 3642 566 3691 tho
582 3638 687 3701 charch,
706 3589 760 3689 anld
775 3654 828 3689 was
840 3638 881 3689 16-
932 3638 1034 3689 Hubert
1044 3653 1105 3691 uses
1116 3639 1160 3689 the
1172 3654 1244 3691 sama
1254 3590 1356 3704 6111666.

352 3708 448 3760 1166661
456 3707 568 3758 thenoeb
567 3704 880 3783 ytheinsnrgsntbarons.
963 3703 1084 3754 ο11161666·
1105 3706 1261 3755 incumberet
1276 3720 1306 3755 or
1321 3708 1460 3759 1666666666-

385 3774 483 3824 ¹(torr.
508 3774 637 3833 interropc
620 3772 671 3820 ari.
704 3769 805 3819 (1116666
826 3784 880 3819 was
930 3776 994 3819 aret.
1028 3768 1461 3846 Eachifherrisbodtorelyon

353 3836 548 3898 tobeexaoted,
561 3786 880 3899 putinexigentinthe
930 3833 975 3883 the
995 3832 1131 3897 iudgment
1153 3832 1244 3884 611616
1265 3850 1410 3898 psoram
1432 3843 1461 3889 to

352 3851 754 3965 666661666666166166661
930 3912 1004 3948 coma
1020 3900 1096 3949 alone
1112 3898 1166 3949 661
1198 3900 1356 3963 calone)

384 3962 1295 4026 ’8167116616168161161
1341 3904 1461 4017 6116666-

383 4033 463 4084 ⁴810
929 4030 1020 4089 gents3
1042 4028 1106 4091 they
1121 4042 1187 4079 were
1202 4042 1238 4078 no
1259 4028 1349 4092 longer
1370 4029 1462 4083 bound

384 4098 577 4159 ‘Wherenpon
602 4092 679 4145 Peter
703 4090 749 4144 (166
778 4091 879 4143 11661666
930 4092 948 4142 b
947 4092 1094 4155 y.homage

352 4162 410 4213 sard
426 4158 670 4222 thatrnEngland
686 4158 759 4209 thore
777 4172 822 4208 ara
843 4172 880 4208 no
962 4156 1044 4208 Β1166
1060 4157 1159 4221 theory
1176 4156 1313 4221 Isupposs
1315 4160 1461 4217 ‚vasthat

348 4244 433 4293 parer,
451 4241 482 4277 as
498 4224 571 4275 there
585 4239 630 4275 are
645 4224 675 4273 in
696 4222 879 4281 1166666661
929 4220 1169 4286 theoountybsing
1185 4172 1343 4274 mswarabia
1356 4224 1399 4275 166
1414 4226 1461 4276 the

348 4245 412 4343 11166
433 4292 478 4342 the
494 4290 558 4352 king
573 4291 762 4352 maytryany
778 4301 828 4338 ons
844 4287 879 4350 by
928 4300 1027 4350 escape,
1049 4286 1102 4338 had
1123 4302 1140 4339 a
1164 4288 1268 4352 remed]
1288 4290 1393 4352 against
1416 4290 1462 4343 tbe

352 4358 395 4408 his
415 4356 529 4419 16661666.
565 4355 628 4406 Mat.
653 4350 1074 4415 16666166111666666.

353 4424 410 4473 ata.
445 4421 493 4471 See
514 4419 620 4482 alsop.
647 4419 696 4470 167
723 4416 805 4467 where
827 4388 878 4467 ’tha
