3342 5217
414 414 477 480 278
715 423 940 486 sisinnio.
964 410 1057 486 1229,
1079 424 1143 474 nn
1167 413 1217 474 13.

413 619 506 662 suom
526 597 612 661 unde
632 595 770 682 predicti
793 596 978 662 Willelmus
1002 603 1037 660 et
1055 596 1167 682 Agnes
1185 595 1300 660 dicunt
1321 596 1407 682 quod
1430 595 1516 661 idem

415 699 597 765 Willelmus
628 699 762 764 tradidit
791 697 944 784 predictis
969 698 1041 763 Ade
1071 706 1106 762 et
1135 698 1290 763 Metillidi
1318 699 1361 763 ud
1389 699 1518 763 firmam

415 813 449 869 et
474 827 539 869 non
568 805 604 868 in
626 803 718 868 feodo
748 812 782 867 et
811 802 1057 888 inquisicionem
1086 810 1146 867 etc
1176 802 1256 868 scire
1285 804 1383 867 faciet
1410 803 1518 868 iustic'

414 907 502 995 epud
521 904 848 972 Westmonesterium
869 913 928 969 etc
943 926 1003 990 per
1019 905 1130 969 literas
1147 914 1207 972 etc.
1225 911 1339 991 et'per
1356 905 1437 971 duos
1456 914 1518 970 etc„

415 1013 459 1076 Et
487 1010 678 1075 mandatum
709 1015 759 1072 est
785 1006 969 1072 uioecomiti
994 1006 1167 1072 Leiccstrie
1190 1008 1278 1093 quod
1301 1006 1345 1072 od
1365 1008 1454 1072 diem
1482 1017 1520 1072 et

415 1115 521 1178 locum
537 1133 634 1198 quem
648 1109 813 1196 predictus
833 1109 1012 1174 nicecomes
1033 1109 1256 1175 Norhsmtone
1276 1111 1306 1174 ei
1326 1111 1407 1176 scire
1421 1111 1520 1176 faciet

415 1216 526 1280 uenire
556 1213 653 1280 facist
682 1214 722 1299 vj.
747 1221 849 1277 testes
874 1212 915 1276 de
940 1212 1097 1276 comitutu
1120 1236 1179 1278 suo
1201 1213 1244 1278 ed
1265 1213 1446 1279 faciendum
1467 1213 1521 1278 in·

415 1319 623 1406 quisicionem
640 1316 729 1381 illam
748 1316 846 1380 simul
866 1339 940 1392 cum
960 1315 1113 1401 predictis
1130 1316 1186 1403 iiij.
1203 1317 1343 1382 testibus
1359 1317 1401 1382 de
1420 1317 1519 1382 comi-

416 1432 488 1489 tatu
504 1421 693 1487 Leioestrie¹
709 1428 743 1485 et
758 1420 855 1485 simul
869 1443 945 1484 cum
959 1419 1113 1505 predictis
1127 1443 1183 1484 sex
1197 1421 1239 1486 de
1254 1421 1408 1486 uiseneto.

480 1523 684 1589 ¹Willelrnus
709 1522 750 1586 de
774 1522 982 1587 Auerenches
1004 1522 1220 1586 summonitus
1240 1523 1304 1587 fuit
1325 1523 1367 1589 sd
1387 1544 1518 1608 respon-

324 1632 349 1662 ‘¹¹
416 1627 559 1692 dendum
574 1626 738 1691 Willelmo
758 1626 799 1690 de
814 1625 1008 1691 Auberuille
1024 1634 1058 1690 et
1075 1622 1281 1715 qliisss’quare
1295 1627 1416 1691 iniuste
1431 1627 1519 1712 oepit

416 1731 528 1796 suerio
547 1730 692 1815 ipsorum
717 1736 751 1792 et
775 1727 897 1792 iniuste
920 1728 1063 1792 detinuit
1085 1738 1144 1792 etc
1165 1728 1252 1793 unde
1275 1729 1460 1793 Willelmus
1476 1729 1519 1793 de

416 1833 608 1897 Auberuillo
633 1831 780 1917 queritur
805 1830 892 1917 quod
914 1831 1020 1895 dictus
1041 1831 1225 1896 Willelmus
1248 1831 1288 1897 de
1311 1832 1519 1897 Auerenclres

254 1939 394 2026 §mgr
416 1935 536 2000 iniuste
558 1934 646 2020 cepit
667 1933 731 2019 viij.
755 1933 856 1998 boues
877 1942 912 1998 et
933 1933 965 2019 ij.
989 1956 1088 2020 equos
1109 1935 1144 1998 in
1170 1943 1257 1999 tene
1281 1957 1379 2021 quem
1409 1935 1451 2000 de
1480 1959 1519 2000 eo

254 2033 403 2119 mitt*
416 2047 507 2104 tenet
536 2039 571 2102 in
601 2037 727 2102 Kencie
749 2044 784 2101 et
812 2058 867 2101 eos
888 2037 1025 2102 abduxit
1046 2061 1149 2124 usque
1170 2039 1213 2104 ed
1235 2039 1323 2105 Gom
1347 2039 1449 2104 Buclr
1470 2041 1521 2105 its

253 2127 384 2212 ttlllltllt
415 2143 501 2228 quod
516 2165 570 2207 eos
585 2142 702 2207 hebere
718 2164 782 2206 non
797 2141 906 2228 potuit
921 2165 980 2206 nec
994 2165 1053 2228 per
1066 2143 1200 2207 uedium
1220 2165 1280 2208 nec
1298 2165 1357 2229 per
1373 2145 1518 2231 plegium

252 2219 396 2322 diffidi}
414 2267 581 2333 quousque
601 2245 773 2310 deliberati
792 2245 925 2309 fuerunt
946 2267 1005 2330 per
1025 2244 1164 2330 speciale
1186 2245 1284 2311 breue
1306 2246 1400 2311 Dom
1419 2247 1519 2332 Regis

253 2312 402 2448 {ffiiffit}
415 2360 449 2416 et
464 2373 522 2437 per
536 2350 727 2415 withernem
742 2371 800 2435 per
813 2348 900 2434 quod
915 2349 1093 2413 uicecomes
1111 2371 1188 2414 eum
1206 2349 1249 2414 ed
1271 2349 1330 2415 hoo
1351 2350 1519 2415 distrinxit

253 2451 280 2490 ”¹
289 2453 360 2500 ΜΘΝ·
415 2463 449 2520 et
464 2455 550 2540 quod
564 2454 613 2518 ite
626 2453 714 2539 cepit
728 2452 840 2517 auerie
853 2474 913 2517 sua
927 2461 963 2517 et
976 2475 1016 2517 ee
1029 2451 1173 2518 detinuit
1187 2462 1247 2518 etc
1258 2476 1318 2540 per
1331 2469 1430 2541 quom
1444 2479 1516 2542 cep-

415 2561 540 2624 oionem
553 2559 767 2622 deterioretus
785 2565 835 2622 est
850 2565 885 2621 et
899 2557 1077 2642 dampnum
1091 2557 1192 2622 hebet
1205 2558 1248 2623 ed
1262 2559 1444 2625 uulenciam
1458 2570 1517 2626 etc.

414 2672 449 2728 et
466 2663 542 2728 inde
564 2662 713 2748 producit
734 2669 856 2726 sectam
879 2669 939 2726 etc
955 2669 989 2725 et
1011 2661 1098 2726 unde
1112 2661 1297 2728 Willelmus
1318 2662 1360 2728 de
1382 2665 1517 2751 Cering·

414 2775 492 2832 tona
506 2767 653 2853 queritur
667 2765 753 2852 quod
768 2765 882 2832 eodem
897 2766 993 2830 modo
1006 2767 1095 2852 cepit
1114 2766 1156 2832 ob
1173 2789 1211 2831 eo
1226 2767 1290 2852 viij.
1307 2768 1420 2832 aueris
1432 2769 1519 2833 unde

414 2871 592 2957 dampnum
622 2870 722 2934 hebet
751 2878 810 2935 etc.
836 2877 870 2934 et
891 2871 1000 2955 plures
1021 2870 1078 2934 olii
1100 2871 1213 2936 eodem
1234 2870 1386 2935 modoet
1408 2895 1520 2936 ornnes

414 2974 596 3060 producunt
610 2980 670 3037 etc.

479 3077 523 3139 Et
537 3075 720 3139 Willelmus
736 3073 776 3138 de
791 3075 999 3139 Auerenches
1012 3097 1072 3161 per
1089 3083 1291 3141 attornetum
1311 3098 1408 3141 suum
1426 3078 1521 3142 uenit

413 3189 447 3245 et
482 3179 628 3246 defendit
650 3179 819 3244 'iniustum
856 3179 1041 3265 capcionem
1078 3189 1113 3244 et
1148 3180 1372 3246 detencionem
1408 3190 1522 3246 contro

413 3285 546 3351 undium
569 3294 603 3349 et
628 3284 774 3370 plegium
797 3291 832 3348 ct
857 3291 965 3348 totum
991 3269 1026 3347 et
1050 3268 1278 3348 abductionem
1303 3293 1398 3350 extre
1421 3286 1521 3350 comi·

413 3398 520 3454 tatum
543 3396 577 3452 et
599 3387 884 3452 deterioracionem
906 3395 1073 3451 ettotum
1102 3395 1137 3452 et
1166 3409 1281 3452 uerum
1310 3389 1385 3453 uult
1412 3388 1521 3453 dicere

412 3490 499 3578 quod
528 3513 639 3555 omnes
668 3489 846 3575 supradicti
875 3497 989 3554 tenent
1018 3489 1059 3554 de
1088 3511 1127 3554 eo
1156 3498 1191 3554 et
1219 3491 1313 3556 Dom.
1342 3492 1415 3555 Rex
1442 3513 1520 3556 con-

413 3596 508 3661 cessit
535 3595 565 3658 ci
591 3593 775 3680 scutagium
801 3591 902 3658 suuni
925 3594 967 3659 de
989 3595 1090 3659 feodis
1118 3595 1194 3673 suis,
1217 3596 1340 3660 scilicet
1368 3596 1410 3660 de
1437 3617 1521 3681 quo-

413 3701 495 3765 libet
524 3699 615 3764 feodo
651 3699 765 3763 militis
801 3699 834 3784 ij.
865 3721 960 3764 marc.
989 3706 1024 3764 et
1059 3698 1136 3764 inde
1172 3699 1263 3763 misit
1290 3699 1391 3766 breue
1419 3724 1520 3766 suum

414 3801 596 3867 uicecomiti
619 3801 744 3866 Kencie
764 3809 799 3865 et
819 3801 997 3866 uicecomes
1011 3801 1177 3866 distrinxit
1195 3825 1249 3867 eos
1269 3803 1391 3868 scilicet
1404 3826 1523 3889 quem-

413 3905 494 3970 libet
513 3903 690 3969 secundum
705 3903 925 3989 quantitatem
945 3902 1205 3969 tenementorum
1226 3927 1358 3969 suorum
1378 3906 1421 3970 od
1434 3905 1523 3971 illud

413 4007 596 4093 scutagium
628 4006 828 4072 reddendum
864 4017 898 4072 et
932 4007 1015 4072 bene
1049 4008 1195 4073 defendit
1229 4009 1316 4094 quod
1349 4031 1522 4094 nunquam

414 4111 522 4174 uetuit
551 4111 662 4175 suerin
684 4111 826 4197 ipsorum
850 4119 962 4176 contre
986 4111 1120 4176 uedium
1144 4119 1178 4177 et
1201 4112 1346 4198 plegium
1372 4120 1407 4177 et
1430 4115 1523 4199 quod

413 4237 579 4300 nunquam
604 4237 643 4280 eo
666 4215 794 4302 fugouit
817 4224 909 4281 extis
932 4217 1122 4281 comitatum
1149 4223 1183 4281 et
1206 4216 1267 4280 hoc
1288 4215 1381 4280 offert
1407 4214 1524 4284 defen·

510 4381 519 4412 ¹
537 4381 608 4430 Corr.
621 4357 797 4434 Norlromtorie.
1055 4385 1065 4415 ³
1081 4383 1162 4445 Eight
1173 4382 1247 4432 other
1258 4382 1392 4445 plentina

511 4445 568 4494 21³.
581 4461 616 4498 m.
631 4449 678 4510 11;
696 4448 724 4497 0.
737 4463 772 4498 m.
785 4450 824 4498 14.
