3342 5217
505 415 641 476 unsrun,
664 413 729 463 nn.
755 373 848 476 luit,
870 416 933 464 un
958 403 1007 466 13.
1239 403 1302 469 273

196 591 290 662 terre,
314 592 349 648 et
377 606 477 648 unum
508 607 568 650 aer.
599 583 685 671 prati
715 606 789 649 cum
818 592 900 670 pert.
931 584 966 649 in
996 582 1156 672 Litlebyri
1184 593 1223 650 ut
1251 585 1303 651 ius

195 709 291 752 suum
307 697 367 753 eto.
1091 692 1094 696 ⁴

261 791 305 855 Et
320 791 459 857 Isabello
473 815 531 877 per
545 798 747 856 attornotum
762 815 858 857 snum
873 793 967 857 uenit
988 801 1022 857 et
1037 792 1117 858 dicit
1132 793 1218 879 quod
1238 816 1302 858 non

193 893 293 958 debet
312 893 354 958 ad
374 894 434 959 hoc
453 893 554 958 breue
574 894 766 980 respondere
787 894 865 981 quio
878 894 1063 960 Willelmus
1082 896 1187 961 Luuel
1210 904 1302 962 tenet

192 998 269 1062 inde
289 1020 391 1062 unum
413 999 634 1064 molendinum
657 1007 692 1063 et
709 1022 738 1063 x.
762 1021 823 1066 eor.
844 1006 879 1062 et
898 998 1070 1064 dimidium
1090 1000 1302 1086 mesuagium,

191 1111 227 1167 et
250 1103 358 1167 tenuit
383 1104 572 1190 priusquam
599 1104 698 1169 breue
729 1103 769 1168 de
799 1111 887 1167 recto
916 1103 1031 1167 fuisset
1058 1102 1301 1188 perpetratnm¹

192 1213 228 1267 et
243 1204 319 1268 inde
333 1206 427 1290 ponit
441 1228 475 1270 se
496 1228 592 1291 super
612 1205 752 1270 iuratum
773 1204 878 1290 patrie
898 1212 933 1268 et
948 1204 1031 1268 bene
1053 1204 1199 1269 concedit
1215 1204 1301 1291 qnod

191 1308 256 1372 nisi
276 1307 325 1373 ita
346 1309 445 1374 fuerit
469 1309 554 1396 quod
577 1311 667 1395 ipse²
685 1309 906 1374 molendinum
930 1318 1050 1373 tenum
1073 1317 1107 1373 et
1128 1309 1300 1374 dimidium

189 1411 395 1498 mesuagium
410 1411 571 1478 amittet⁸.
590 1411 595 1498 Ι

257 1513 301 1576 Et
321 1513 487 1579 Johannes
507 1514 566 1579 hoc
591 1523 699 1578 totum
721 1513 868 1579 defendit
891 1521 925 1578 et
948 1512 1028 1579 dicit
1052 1513 1137 1600 quod
1155 1513 1301 1599 predicte

189 1615 332 1681 Isobella
346 1617 410 1682 fuit
425 1617 459 1682 in
481 1618 599 1683 seisina
618 1619 659 1682 de
679 1627 749 1682 toto
770 1626 958 1683 tenemento
978 1618 1034 1682 illo
1055 1617 1106 1683 die
1123 1640 1186 1704 quo
1200 1618 1300 1683 breue

189 1721 255 1784 fuit
266 1721 467 1807 inpetratum
484 1732 518 1787 et
532 1723 608 1787 inde
624 1723 716 1809 ponit
731 1745 764 1788 se
780 1745 878 1808 super
891 1722 1032 1787 iuratam
1042 1721 1060 1788 ⁴.
1090 1722 1179 1787 Dato
1193 1722 1301 1788 breuis

189 1824 339 1909 queritur
368 1835 403 1890 et
433 1827 497 1891 fnit
526 1827 726 1912 inpetratum
757 1827 818 1912 xvj.
844 1827 897 1892 die
924 1826 1120 1892 Nouembris
1145 1849 1218 1892 ann.
1245 1826 1299 1912 xij.

189 1937 251 1992 etc
275 1937 309 1993 et
331 1929 404 1995 ideo
426 1931 484 1995 fiat
505 1929 581 1994 inde
604 1929 716 1995 iurato
763 1931 807 1994 Et
828 1939 1019 2017 preceptum
1043 1938 1093 1994 est
1117 1931 1300 1996 uiceoomiti

188 2031 278 2116 quod
292 2054 398 2096 eorem
420 2055 457 2097 eo
478 2041 512 2097 et
532 2055 637 2098 comm
658 2033 846 2098 custodibus
863 2033 1056 2120 placitorum
1076 2056 1189 2098 corone
1204 2034 1299 2102 Dom.

188 2136 291 2222 Regis
317 2137 428 2202 uenire
459 2138 557 2202 faciut
588 2138 641 2222 xij.
672 2145 741 2214 ete,
771 2145 805 2202 et
834 2160 893 2222 per
921 2159 1032 2201 eorum
1062 2146 1298 2202 sacromentum

188 2239 366 2325 diligenter
384 2241 528 2327 inquiret
548 2241 576 2304 si
594 2241 741 2326 predicte
761 2240 901 2304 Isobelle
923 2240 1031 2305 tenuit
1052 2247 1156 2304 totam
1179 2248 1298 2305 terram

188 2340 282 2404 illam
297 2342 519 2407 molendinum
534 2349 569 2406 et
589 2341 792 2428 mesuagium
813 2343 866 2405 uel
887 2341 916 2406 si
935 2341 1100 2427 predictus
1115 2341 1299 2406 Willelmus

188 2442 244 2508 die
260 2467 324 2530 quo
339 2445 439 2510 breue
455 2453 514 2510 otc.
531 2453 565 2509 et
580 2444 826 2531 inquisicionem
843 2452 902 2509 etc.
919 2467 978 2530 per
992 2445 1103 2510 litores
1118 2453 1179 2511 eto.
1194 2445 1299 2532 sigillo

190 2570 251 2612 suo
269 2555 303 2612 et
319 2547 415 2635 sigill'
430 2556 489 2614 etc.
506 2557 541 2612 et
555 2570 614 2634 per
627 2549 707 2613 duos
723 2555 782 2613 ete
799 2548 886 2612 odie
901 2556 960 2613 ete.

79 2715 99 2730 ,,
124 2717 133 2732 ,
258 2653 440 2739 ‘Mergens
458 2653 526 2716 filia
545 2652 689 2738 Philippi
710 2652 769 2716 filii
789 2652 918 2717 Alberti
937 2653 1023 2738 petit
1043 2675 1156 2739 uersus
1173 2653 1298 2718 Willel·

188 2777 282 2818 mum
305 2755 469 2820 Abbotem
492 2754 533 2818 de
558 2755 761 2820 Middeltoue
783 2755 859 2820 dim.
882 2755 994 2820 hidem
1016 2764 1101 2820 terre
1122 2779 1196 2821 cum
1216 2765 1296 2842 pert.

188 2858 225 2920 in
239 2857 429 2943 Upsiteling
443 2865 481 2921 ut
501 2856 552 2921 ius
574 2880 671 2921 suum
692 2857 778 2921 unde
794 2857 927 2943 quidem
942 2858 1099 2922 Albertus
1118 2881 1200 2922 auus
1220 2881 1298 2922 suus

188 2961 254 3026 suit
268 2961 397 3025 seisitus
412 2960 447 3024 in
462 2961 622 3025 dominico
637 2983 695 3025 suo
709 2969 748 3024 ut
759 2959 800 3024 de
815 2960 907 3024 feodo
922 2968 982 3024 etc.
996 2969 1141 3047 tempore
1153 2962 1184 3027 J.
1196 2962 1297 3049 Regis

189 3075 335 3152 tempore
351 3067 438 3152 pncis
453 3066 608 3152 capiendo
623 3066 699 3130 inde
714 3067 845 3151 expleto.
858 3065 900 3129 ad
914 3066 1095 3130 ualenciam
1110 3066 1184 3130 dim.
1202 3089 1295 3131 marc

187 3177 250 3233 etc.
273 3177 308 3232 ot
331 3169 371 3232 de
395 3168 465 3254 ipso
494 3168 630 3233 Albsrto
659 3167 826 3233 descendit
856 3167 907 3231 ius
936 3175 1021 3231 terre
1050 3167 1139 3233 illius
1168 3167 1296 3232 cuidem

187 3273 341 3360 Philippo
364 3283 401 3338 ut
423 3275 491 3338 filio
513 3297 570 3338 suo
593 3282 627 3338 et
650 3271 761 3337 heredi
783 3281 817 3337 et
840 3273 880 3338 de
901 3273 1046 3358 predicto
1070 3271 1219 3357 Philippo
1241 3271 1297 3336 isti

187 3377 349 3464 Margerie
379 3387 419 3443 ut
449 3379 515 3443 filie
539 3387 573 3442 et
597 3377 717 3453 heredi,
741 3385 775 3440 et
799 3374 885 3462 quod
911 3376 976 3440 tale
999 3375 1043 3439 sit
1066 3375 1118 3440 ius
1141 3397 1236 3439 suum
1262 3384 1297 3440 et

186 3481 276 3568 quod
297 3481 463 3568 predictus
480 3481 636 3546 Albertus
653 3481 702 3545 ita
723 3481 787 3544 fuit
812 3480 942 3544 seisitus
965 3480 1059 3544 offert
1085 3479 1296 3544 disroeionore

184 3607 248 3672 per
283 3607 397 3670 corpus
433 3584 599 3649 cuiusdam
631 3582 723 3648 liberi
752 3583 893 3647 hominis
922 3581 973 3647 sui
1007 3582 1178 3646 Duneconi
1207 3581 1296 3646 Seoti

184 3688 320 3754 nomine
341 3688 398 3774 qui
420 3688 506 3753 uidit
528 3688 710 3774 predictum
728 3687 902 3752 Albertum
925 3688 973 3751 ita
994 3686 1142 3750 seisitum
1163 3695 1202 3750 ut
1225 3707 1296 3770 pre-

183 3793 315 3858 dictum
330 3799 380 3854 est
395 3799 454 3855 etc.

222 3987 504 4050 ²Gorr.impetratum.
769 3990 859 4036 tenure
881 3984 904 4034 is
925 3984 997 4034 false.
1036 3981 1062 4034 u
1083 3982 1106 4032 is
1128 3996 1144 4031 a
1165 3995 1294 4044 ungens

220 4052 295 4103 ’Sic
310 4053 347 4112 B;
370 4055 410 4102 ito
426 4055 491 4116 quod
512 4052 630 4118 concedat
653 4053 719 4115 quod
768 4049 900 4115 joopordy.

183 4121 210 4170 εἰ
233 4133 284 4167 noo
302 4125 384 4168 teneat
402 4126 448 4167 etc.
469 4120 572 4167 amittat
589 4121 717 4174 saisinam,
801 4116 812 4148 ³
828 4115 931 4164 Ithinlr
941 4114 1001 4164 unt
1011 4113 1071 4164 here
1088 4110 1196 4175 Copyist
1212 4112 1260 4161 No.
1278 4114 1293 4161 3

184 4187 217 4234 C.
249 4183 297 4232 See
308 4183 352 4231 Br.
360 4184 390 4232 de
398 4185 503 4245 Except.
516 4197 572 4244 esp.
584 4184 625 4234 27,
655 4179 719 4231 This
769 4185 842 4243 stopo
868 4179 923 4230 and
950 4179 1056 4242 Copyist
1083 4179 1131 4229 No.
1163 4179 1176 4226 1
1204 4177 1295 4240 begins

183 4251 211 4300 is
223 4263 260 4298 an
272 4248 389 4297 instance
401 4249 430 4296 of
439 4249 534 4310 ojocur
540 4250 664 4310 partium.
674 4247 718 4298 the
769 4247 855 4309 uguin.

183 4315 455 4365 tcmntconsentsto
472 4313 525 4362 loss
541 4311 577 4362 sll
595 4311 639 4360 tho
656 4311 719 4362 lond
801 4311 946 4374 ⁴potrr'cm,
959 4310 988 4359 G.
1021 4307 1214 4371 HeroGstops.

183 4381 248 4430 that
276 4377 310 4426 he
332 4377 407 4426 holds
430 4378 453 4426 it
472 4377 494 4428 it
516 4376 546 4426 be
568 4376 663 4438 proved
685 4376 719 4439 by
802 4375 976 4434 ⁵B.m.od;
994 4373 1137 4424 omno.

183 4446 297 4506 inquens
309 4441 374 4492 theo
380 4443 421 4491 his
432 4442 490 4504 plen
501 4442 530 4491 of
546 4441 642 4506 particl
654 4455 717 4490 non-

277 4557 313 4605 u.
1168 4541 1208 4600 18
