3342 5217
511 390 733 453 91919919.
758 377 852 450 1227,
874 392 936 439 aa
961 378 1010 438 11.
1247 379 1307 440 211

204 564 383 650 quodcum
402 565 536 629 haberat
555 587 594 628 911
612 564 696 628 (1999
716 563 809 627 Dom.
829 562 929 647 Regis
948 561 1128 626 custodiam
1151 561 1311 647 Margerie

203 676 239 732 91
253 667 358 732 Α11919
378 667 519 733 filiarum
540 675 575 732 et
594 666 752 732 heredum
771 663 903 730 Ricardi
922 663 963 729 de
983 663 1146 741 Bodenho‚
1161 673 1196 728 91
1215 687 1311 750 posu·

203 771 283 835 isset
304 771 408 856 ipsam
432 770 571 835 Aliciam
598 793 672 834 cum
702 769 896 833 monialibus
925 768 965 832 dc
996 765 1104 832 Swin¹
1132 767 1167 833 in
1197 767 1311 834 eadem

203 872 299 938 domo
321 873 537 949 nutriendam,
553 872 725 937 Eustacius
740 871 839 936 frater
859 869 973 936 Saheri
992 871 1033 935 de
1057 869 1199 936 Suttona
1220 873 1312 937 uenit

203 975 244 1040 ad
260 975 396 1040 eandem
412 976 543 1041 domum
563 985 597 1041 91
612 975 716 1061 ipsam
734 972 874 1038 Aliciam
894 971 935 1038 (19
953 973 1065 1038 eadem
1086 972 1181 1038 domo
1201 985 1313 1040 contra

203 1099 317 1162 pacem
347 1077 441 1142 Dom.
471 1078 571 1165 Regis
600 1078 745 1153 abduxit,
775 1077 816 1140 de
846 1075 993 1141 custodia
1021 1075 1114 1142 Dom.
1146 1076 1252 1164 Regis,
1277 1085 1312 1142 91

204 1181 244 1246 (19
267 1203 328 1246 sua
349 1181 502 1259 custodia,
518 1189 552 1247 st
571 1181 648 1246 fecit
670 1181 710 1245 de
733 1203 772 1245 ea
794 1179 949 1266 quicquid
970 1179 1084 1255 uoluit,
1099 1179 1148 1244 ita
1169 1180 1255 1266 quod
1277 1181 1312 1246 in

204 1286 352 1350 custodia
372 1307 431 1350 999
452 1285 589 1350 inuenta
604 1285 667 1349 1911
687 1307 745 1370 per
763 1283 987 1348 uicecomitem
1008 1281 1144 1348 Eboraci
1162 1306 1222 1369 per
1240 1307 1312 1370 pra-

204 1397 343 1473 ceptum·
353 1388 447 1453 Dom.
463 1388 572 1475 Regis,
587 1387 673 1453 unde
692 1388 761 1473 ipse
777 1387 991 1452 deterioratus
1006 1395 1056 1452 cst
1076 1394 1110 1450 91
1131 1386 1311 1474 dampnum

205 1490 306 1554 habet
329 1490 371 1554 ad
397 1490 577 1554 ualenciam
603 1513 645 1554 99
673 1512 766 1554 marc.
812 1489 904 1554 Dicit
927 1488 1030 1553 eciam
1056 1488 1142 1574 quod
1170 1489 1312 1556 Saherus

203 1593 244 1657 de
283 1592 426 1658 Suttona
461 1594 561 1658 frater
588 1593 690 1679 ipsius
719 1592 889 1657 Eustachii
916 1591 1141 1656 consenciens'
1175 1593 1217 1657 ad
1251 1595 1311 1660 hoc

203 1695 389 1760 faciendum
405 1705 516 1760 contra
530 1719 678 1761 coronam
694 1703 728 1760 91
743 1695 938 1782 dignitatem
955 1695 1047 1759 Dom
1065 1695 1164 1782 Regis
1179 1704 1239 1761 etc.

271 1800 316 1864 Et
342 1799 537 1864 Eustachius
567 1806 601 1863 91
631 1798 773 1864 Saherus
802 1798 942 1862 ueniunt
972 1804 1006 1860 91
1035 1797 1215 1862 defendunt
1245 1801 1314 1864 uim

203 1911 239 1968 91
262 1903 415 1968 iniuriam
437 1912 473 1968 91
499 1925 611 1989 pacem
641 1902 734 1968 Dom.
767 1899 876 1988 Regis,
891 1911 925 1966 91
951 1901 1105 1987 quiequid
1130 1911 1180 1967 est
1203 1912 1315 1969 contra

203 2029 356 2072 coronam
381 2007 476 2072 Dom.
500 2005 609 2092 Regis,
634 2015 668 2070 91
693 2005 779 2092 quod
806 2027 974 2090 nunquam
1001 2027 1073 2069 cam
1097 2005 1185 2090 cepit
1209 2029 1314 2092 neque

203 2110 345 2176 abduxit
359 2118 394 2174 91
408 2110 469 2174 hoc
483 2093 598 2174 offert⁸
614 2109 785 2174 defendere
801 2108 886 2173 sicut
901 2109 991 2173 curia
1005 2108 1264 2176 considerauerit.

273 2215 318 2278 Et
340 2215 518 2300 Episcopus
539 2213 727 2300 dicitquod
750 2236 813 2278 non
837 2213 965 2298 potest⁴
986 2213 1047 2277 hoc
1067 2213 1224 2293 dedicere,
1239 2216 1316 2301 quia

204 2320 386 2384 uicecomes
401 2319 537 2384 Eboraci
551 2341 609 2405 per
629 2327 818 2406 preceptum
838 2319 931 2383 Dom.
955 2319 1056 2404 Regis
1075 2318 1165 2384 illam
1187 2321 1316 2385 inuenit

204 2423 241 2486 in
264 2421 411 2486 custodia
432 2421 534 2507 ipsius
557 2421 726 2486 Eustachii
755 2430 838 2507 aput
867 2422 999 2486 Satcote
1029 2430 1148 2486 terram
1178 2424 1316 2510 predicti

205 2523 323 2590 Saberi
337 2525 372 2588 in
387 2524 482 2589 domo
497 2523 634 2590 Galfridi
649 2523 690 2589 de
705 2524 870 2590 Wattona

274 2627 318 2693 Et
341 2627 518 2692 uicecomes
540 2649 671 2712 presens
694 2634 744 2690 991
768 2635 802 2690 91
828 2626 889 2691 hoc
919 2627 1082 2713 cognoscit
1111 2637 1146 2692 ct
1175 2637 1316 2693 testatur

205 2741 243 2797 91
262 2732 400 2798 adduxit
418 2732 523 2818 ipsam
543 2731 691 2796 Aliciam.
737 2731 780 2795 Et
799 2731 907 2796 Α11919
923 2731 1086 2819 cognoscit
1106 2733 1193 2818 quod
1212 2733 1317 2798 exiuit

205 2835 249 2899 (19
272 2833 367 2898 domo
388 2835 445 2898 illa
466 2856 526 2921 per
546 2857 580 2898 se
605 2833 714 2910 solam,
739 2841 774 2898 91
799 2833 884 2898 91991
909 2833 974 2898 1911
1000 2843 1094 2899 extra
1118 2835 1251 2899 domum
1280 2835 1316 2899 in

205 2939 350 3004 chimino
379 2939 473 3004 Dom.
502 2938 611 3026 Regis,
633 2939 728 3003 uenit
757 2938 845 3004 idem
870 2939 1066 3004 Eustachius
1094 2940 1136 3005 ad
1165 2940 1255 3005 illam
1281 2949 1316 3005 et

206 3065 280 3108 eam
301 3042 438 3107 adduxit
458 3065 560 3128 usque
581 3043 623 3107 ad
643 3043 774 3107 domum
796 3043 935 3129 predicti
955 3043 1092 3109 Galfridi
1111 3044 1153 3108 de
1176 3045 1316 3119 Satcote,

206 3157 244 3214 91
278 3147 366 3212 idem
403 3147 568 3214 Galhidus
597 3147 726 3214 inuenit
755 3149 786 3213 ci
815 3149 1012 3214 estouerium
1042 3147 1158 3213 suum⁶
1186 3171 1245 3233 per
1273 3148 1315 3214 ix.

205 3251 403 3318 ebdomadas
425 3261 460 3318 91
482 3252 569 3339 quod
595 3253 683 3318 idem
710 3252 906 3318 Eustachius
934 3251 1064 3317 inuenit
1093 3251 1124 3315 ei
1149 3251 1173 3336 j
1204 3251 1315 3316 robam

205 3356 248 3420 de
273 3355 380 3432 uiridi,
401 3363 452 3419 set
474 3355 554 3420 dicit
577 3355 663 3441 quod
686 3377 750 3419 non
772 3363 823 3420 est
845 3355 1040 3440 desponsata
1062 3363 1096 3418 et
1118 3354 1206 3440 quod
1228 3355 1315 3420 idem

208 3457 406 3524 Eustachius
432 3481 496 3523 non
526 3459 679 3544 cognouit
709 3481 788 3523 eam.
833 3457 898 3523 ‘Et
928 3458 1123 3524 Eustachius
1152 3460 1316 3546 cognoscit

206 3561 295 3647 quod
310 3583 374 3624 non
390 3560 598 3646 desponsauit
613 3584 685 3626 eam
701 3584 760 3626 999
775 3583 847 3626 9919
863 3561 1044 3647 cognouit⁸.

274 3661 320 3725 Et
339 3661 417 3747 quia
438 3663 616 3727 uicecomes
638 3661 800 3750 cognoscit
821 3662 908 3749 quod
930 3685 1002 3728 eam
1023 3663 1152 3728 inuenit
1173 3664 1209 3728 in
1231 3673 1318 3730 terra

206 3763 311 3850 ipsius
341 3763 455 3829 Saheri
484 3765 614 3849 etipsa
642 3764 830 3851 dicitquod
854 3765 1144 3831 Eustachiuseam
1170 3767 1316 3843 abduxit,

208 3867 405 3933 Eustachius
419 3868 622 3933 custodiatur
636 3876 670 3932 et
685 3869 903 3934 committitur
916 3870 1017 3957 gaola.
1062 3869 1107 3933 Et
1126 3879 1316 3955 preceptum

208 3981 261 4037 991
271 3972 454 4037 91999991111
464 3972 600 4038 Eboraci
612 3973 698 4059 quod
708 3973 819 4038 uenire
832 3975 929 4039 faciat
940 3973 1123 4060 predictum
1135 3975 1316 4040 Galfridum

207 4079 243 4143 in
260 4077 353 4143 cuius
367 4077 462 4141 domo
477 4077 540 4140 fuit
555 4076 597 4141 ad
619 4076 876 4163 cognoscendum
896 4099 1064 4163 perquem
1082 4078 1145 4143 1911
1166 4079 1200 4142 19
1223 4078 1317 4143 domo

244 4213 736 4264 ιΤ1199991991918111991919111-
821 4215 958 4277 ‘potsunt
970 4215 1002 4263 B.

208 4279 286 4331 shira.
821 4279 832 4308 ⁵
849 4282 974 4328 eatoueria
984 4295 1040 4337 11111,
1053 4280 1081 4331 B.

243 4345 254 4377 ²
271 4345 372 4407 Supply
378 4345 442 4407 suit.
822 4343 860 4373 Η
877 4343 929 4393 Not
941 4343 969 4393 in
981 4345 1012 4392 B.

242 4411 254 4444 ³
270 4411 342 4460 Corr.
355 4413 461 4474 offerant
476 4411 516 4472 (2).
