3342 5217
412 436 739 500 mensunusum.
762 424 856 501 1232,
878 438 942 489 nn„
967 424 1103 493 16-17.
1246 426 1308 496 671

205 607 241 672 in
255 607 481 676 misericordis„
519 610 565 675 Et
578 610 745 676 sciendum
760 611 847 697 quod
861 612 1014 678 Wan'nus
1029 620 1064 678 et
1077 613 1199 680 semino
1213 636 1311 701 quam

205 712 359 797 pmdnxit
373 715 507 780 fuerunt
520 714 555 779 iu
569 716 672 802 gaola„

83 816 157 879 864.
270 814 397 882 ¹Assisa
417 818 511 882 uenit
529 818 734 905 recognitum
753 819 825 905 quis
844 819 1021 885 aduocatos
1035 830 1096 887 etc.
1111 822 1313 908 presentauit
1348 826 1454 869 mm

205 926 267 983 etc.
280 918 323 983 ud
342 920 554 986 medietatem
573 921 706 987 ecclesie
729 922 770 987 de
792 922 1027 988 Chenefeuldie
1048 946 1111 1010 que
1133 932 1231 990 uacet
1252 934 1312 991 etc.

205 1022 298 1088 cuius
318 1024 531 1090 medietatem
552 1025 776 1091 aduocucionis
797 1027 961 1092 Robertus
980 1028 1021 1093 de
1036 1029 1069 1093 le
1083 1029 1180 1115 Hsye
1194 1029 1314 1094 elamat

205 1147 318 1191 uersus
340 1126 447 1192 Adam
468 1127 573 1194 filium
589 1128 755 1206 Willelmi,
770 1129 827 1215 qui
848 1130 942 1196 uenit
963 1139 997 1196 et
1017 1131 1097 1197 dicit
1115 1132 1201 1219 quod
1215 1134 1315 1199 assisa

204 1248 271 1291 non
299 1227 398 1293 debet
425 1228 503 1294 inde
531 1230 609 1309 fieri,
636 1230 715 1316 quie
743 1231 903 1297 medietas
932 1232 989 1297 ille
1013 1255 1079 1298 non
1105 1242 1211 1312 uacet,
1236 1236 1314 1322 quie

205 1330 338 1415 quidam
353 1332 516 1397 Robertus
530 1333 570 1398 de
586 1333 727 1400 Greuele
742 1342 792 1400 est
806 1334 883 1400 inde
898 1357 1041 1421 persone

270 1435 316 1500 Et
334 1435 498 1502 Rob'ertus
519 1435 600 1502 dicit
621 1437 708 1524 quod
729 1462 849 1505 nocens
868 1440 1019 1527 estquis
1038 1438 1171 1528 quidum
1191 1441 1314 1508 Redol-

206 1536 257 1602 fus
272 1537 313 1603 de
328 1538 361 1603 lc
375 1540 473 1626 Heys
486 1538 543 1625 qui
557 1538 622 1604 fuit
641 1539 718 1606 inde
739 1563 877 1627 persone
897 1562 1002 1627 nuper
1022 1543 1202 1630 resignauit
1223 1544 1314 1609 illam

205 1642 417 1707 medietatem
431 1643 577 1728 predicte
592 1644 734 1722 ecclesie,
749 1651 784 1708 et
798 1643 827 1709 si
841 1643 959 1730 aliquis
973 1666 1008 1709 se
1023 1652 1137 1710 teneat
1150 1645 1185 1710 in
1200 1644 1314 1711 eedem

205 1744 286 1811 hoc¹
307 1768 366 1832 per
389 1747 599 1813 collusionem
621 1756 655 1814 et
678 1769 847 1833 nunquam
870 1748 1030 1813 admissus
1053 1748 1117 1814 fuit
1139 1748 1182 1815 ab
1205 1749 1314 1836 eliquo

205 1847 372 1935 Episcopo.

270 1952 315 2017 Et
335 1951 410 2017 Ado
438 1952 532 2017 uenit
560 1959 595 2017 et
623 1951 705 2017 dicit
733 1950 821 2038 quod
851 1951 975 2038 Symon
1003 1952 1091 2017 filius
1120 1952 1192 2017 Ade
1222 1950 1314 2017 dedit

204 2055 371 2121 ecclesiam
391 2055 433 2121 de
453 2056 593 2122 Grauele
615 2056 713 2121 simul
734 2078 810 2121 cum
834 2057 959 2141 capelle
979 2054 1019 2121 de
1047 2054 1315 2122 Ohenelfeuldiu⁸

204 2159 333 2226 cuidem
348 2162 471 2227 Thome
486 2162 544 2249 qui
557 2162 623 2227 fuit
636 2184 774 2248 persona
787 2160 828 2226 de
845 2161 984 2228 Greuele
999 2161 1057 2248 qui
1078 2160 1161 2226 obiit
1175 2183 1314 2247 persone

204 2261 246 2328 de
268 2263 402 2329 ecclesie
422 2264 480 2330 ills
501 2272 537 2330 et
559 2272 731 2351 postquam
755 2263 846 2328 illem
867 2264 1025 2350 capellam
1044 2263 1103 2329 diu
1126 2264 1236 2330 tenuit
1259 2286 1312 2329 co·

204 2369 325 2454 pellam
339 2368 430 2433 illum
445 2369 604 2434 alienauit
617 2392 677 2456 per
690 2368 907 2435 collusionem

271 2472 315 2537 Et
325 2472 487 2539 Redulfus
497 2474 538 2538 de
550 2474 583 2538 le
594 2474 689 2559 Haye
700 2472 918 2537 summonitus
929 2470 1313 2559 fuitadrespondendum

206 2576 348 2642 Henrico
363 2576 533 2664 Tybbeot⁴
546 2600 646 2663 quere
667 2600 734 2642 non
753 2576 918 2663 permittit
940 2598 1015 2643 enm
1037 2584 1223 2663 presentare
1244 2575 1313 2642 ido·

205 2679 295 2745 niem
314 2688 375 2746 etc
399 2678 442 2747 ud
463 2680 675 2746 medietatem
699 2679 845 2746 eiusdem
868 2679 1000 2745 ecclesie
1024 2679 1065 2746 de
1086 2680 1314 2746 Chenelluldiu

206 2805 270 2869 que
284 2791 381 2849 uacet
395 2792 455 2851 etc.
492 2784 537 2850 Et
548 2784 709 2850 Redulfus
725 2784 818 2849 uenit
833 2791 868 2848 et
882 2782 963 2848 dicit
978 2783 1063 2869 quod
1078 2784 1178 2849 nichil
1193 2784 1313 2849 clamat

206 2886 241 2951 in
255 2886 469 2952 uduoeucione
483 2887 549 2953 illa.
592 2887 638 2951 Et
657 2907 755 2972 super
776 2886 837 2950 hoo
859 2884 953 2950 uenit
967 2885 1041 2950 Ada
1055 2885 1141 2951 filius
1155 2884 1313 2951 Willelmi

207 2996 242 3053 et
269 2988 350 3053 dicit
379 2989 466 3075 quod
487 2988 559 3054 ius'
588 2988 623 3053 in
647 2987 862 3054 uduocecione
885 2987 986 3051 totius
1012 2986 1153 3053 ecclesie.
1197 2987 1315 3052 Postea

207 3092 301 3157 uenit
329 3093 488 3181 Magister
517 3092 679 3158 Robertus
707 3091 749 3156 de
773 3090 913 3157 Greuele
942 3112 1002 3176 per
1026 3088 1313 3156 summonicionem

207 3201 242 3259 et
274 3194 355 3259 dicit
383 3194 471 3280 quod
500 3193 570 3280 ipse
599 3193 663 3260 fuit
694 3192 770 3259 inde
798 3214 935 3279 persone
970 3200 1146 3278 antequam
1182 3190 1314 3277 uliquod

206 3296 306 3363 breue
332 3307 417 3363 esset
445 3297 523 3363 inde
551 3297 761 3383 inpetratum
807 3296 852 3360 Et
880 3294 961 3359 nlius
989 3293 1226 3359 consideratum
1249 3294 1314 3359 fuit

207 3400 293 3487 quod
330 3408 416 3466 esset
451 3398 643 3465 mandatum
679 3398 840 3485 Episcopo
869 3397 1086 3463 Lincolnicnsi
1121 3397 1208 3483 quod
1243 3396 1313 3483 ipse

207 3502 376 3569 mundaret
398 3510 511 3567 utrum
532 3522 652 3567 uocans
674 3508 768 3577 esset,
789 3500 844 3565 uel
866 3522 939 3566 non
985 3500 1029 3564 Et
1051 3498 1122 3586 ipse
1144 3498 1314 3564 mandauit

207 3606 293 3694 quod
315 3628 380 3671 non
402 3613 453 3671 est
474 3628 602 3683 uocans,
617 3626 676 3670 neo
698 3603 813 3669 habits
833 3612 884 3669 est
906 3625 964 3689 pro
985 3610 1131 3667 nocente.
1176 3602 1220 3667 Et
1242 3601 1314 3667 ideo

207 3710 283 3775 Ado
299 3718 334 3776 et
348 3709 513 3775 Robertus
526 3710 567 3775 de
583 3708 722 3774 Grauele
737 3708 813 3774 inde
828 3708 898 3772 sine
913 3707 974 3784 die,
986 3713 1021 3771 et
1035 3704 1212 3772 Henricus⁸
1226 3704 1266 3771 de
1281 3705 1315 3771 le

208 3816 304 3903 Hsye
333 3823 368 3880 et
385 3813 392 3902 Ι
412 3815 575 3880 Henricus
596 3813 637 3879 de
659 3813 815 3878 Tibbetet
837 3811 1028 3898 perquirent
1052 3809 1115 3875 sibi
1134 3831 1193 3896 per
1213 3811 1313 3876 breue
1366 3816 1443 3867 [Μ]

207 3917 249 3984 de
263 3926 352 3984 recto
365 3918 395 3983 si
408 3917 580 3982 noluerint
626 3916 701 3981 Sint
715 3915 750 3979 in
764 3912 988 3979 misericordie

85 4046 158 4109 865,
273 4020 454 4086 'Rudulfus
470 4018 629 4086 Carbonel
644 4016 765 4104 optulit
780 4038 814 4081 se
828 4015 909 4101 iiij20.
923 4014 977 4079 die
992 4035 1105 4078 uersus
1119 4011 1313 4100 Magistrum
1374 4015 1432 4057 Μ

208 4125 385 4191 Ricardum
408 4123 588 4190 Officiulem
609 4119 833 4209 Norwycensis
849 4118 999 4205 Episcopi
1019 4115 1059 4182 dc
1082 4117 1201 4203 placito
1216 4139 1314 4203 qnare

240 4268 423 4399 iiissii‘aerr,
434 4334 470 4387 s.
818 4264 830 4360 i
848 4260 1040 4390 iiiiiiiai'e,
1051 4326 1084 4377 s.

240 4400 252 4433 ⁸
269 4398 437 4462 cheensem
452 4400 489 4458 B;
506 4396 552 4447 the
565 4398 652 4461 places
667 4410 736 4446 soem
819 4392 831 4425 ⁸
848 4393 918 4443 (tort.
931 4392 1060 4448 Robertus,
1073 4390 1103 4439 B.

209 4465 414 4528 tobeGreveley
425 4462 479 4514 end
489 4462 628 4513 (therfield.
820 4458 878 4507 7Β.
890 4472 925 4505 m.
938 4455 962 4505 6.
