3342 5217
439 458 671 521 messurum,
692 456 759 505 nn.
784 443 876 518 1219,
898 456 962 505 ss.
987 443 1081 505 3-4.
1233 515 1235 518 ,
1273 442 1314 503 59

207 634 271 699 fuit
285 634 320 699 in
334 632 470 720 grangia
484 630 585 714 ipsius
600 628 698 705 Petri,
713 638 747 693 et
762 628 824 713 ipsi
844 650 909 691 non
929 635 1151 713 cognonerunt
1172 635 1316 713 recepta·

208 746 356 801 mentum
379 735 503 799 roberie
526 735 579 799 uel
601 742 813 820 negauerunt,
829 742 864 797 et
885 734 969 797 bene
989 740 1211 819 cognouerunt
1230 733 1317 819 quod

207 847 457 927 receptaucrunt
479 840 587 925 ipsum
609 838 788 903 Radulfum
811 844 850 901 ut
877 838 981 901 filiurn
1007 837 1098 902 Petri
1123 846 1158 902 et
1184 839 1316 903 fratrem

206 944 231 1007 J
232 944 366 1007 ohannis
390 943 606 1008 considerauit
628 942 802 1006 comitatus
816 941 904 1027 quod
918 940 981 1027 ipsi
995 941 1269 1027 suspenderentur
1282 949 1317 1005 et

209 1048 270 1111 tali
284 1048 378 1112 modo
394 1048 527 1111 fuerunt
542 1046 697 1131 suspensi

276 1150 319 1213 Et
341 1150 419 1233 quia
440 1148 573 1212 uidetur
594 1146 726 1211 consilio
747 1146 871 1235 domini
893 1145 993 1232 Regis
1014 1153 1049 1210 et
1071 1145 1255 1211 iusticiariis
1277 1145 1318 1210 de

210 1254 319 1329 banco,
342 1254 428 1338 quod
450 1253 534 1317 male
557 1260 591 1317 et
613 1252 733 1316 iniuste
755 1250 904 1336 suspensi
925 1252 1058 1314 fuerunt
1084 1272 1122 1313 eo
1145 1249 1232 1335 quod
1254 1272 1318 1313 non

211 1356 344 1420 fuerunt
373 1355 477 1420 seisiti
505 1356 546 1419 de
581 1354 690 1441 aliquo
725 1354 812 1417 furto
842 1353 896 1417 uel
925 1353 1058 1429 rubetis,
1088 1375 1148 1417 nee
1176 1354 1318 1438 aliquam

210 1458 367 1529 roboriam
388 1465 619 1544 cognoueruut,
633 1478 693 1520 nec
713 1477 772 1541 per
794 1455 919 1519 dictum
941 1455 1120 1519 iuratorum
1141 1464 1320 1541 potuerunt

211 1564 252 1627 de
266 1564 336 1627 iure
351 1562 543 1648 dampnari¹,
558 1562 794 1627 consideratum
810 1569 861 1625 cst
875 1561 962 1646 quod
975 1561 1110 1625 heredes
1129 1583 1240 1625 eorum
1255 1582 1320 1624 non

211 1666 457 1743 exheredentur,
472 1674 506 1731 et
520 1666 594 1732 ideo
608 1674 797 1751 preceptum
818 1664 1003 1729 uicecomiti
1022 1664 1108 1750 quod
1131 1664 1178 1728 eis
1200 1673 1319 1729 terram

211 1792 304 1834 suam
316 1770 434 1835 habere
446 1767 847 1844 faciatetc.,ctiusticia1ii
857 1768 893 1830 in
907 1767 1130 1832 misericordia
1160 1766 1321 1831 Dominus

214 1872 440 1936 Bathoniensis
450 1894 516 1936 non
528 1872 678 1935 interfuit
690 1870 748 1935 ubi
762 1852 919 1934 iudidium
934 1870 1057 1934 sactum
1072 1870 1136 1934 fuit
1151 1869 1228 1955 quia
1242 1878 1321 1933 tunc

213 1974 366 2060 temporis
381 1996 446 2039 non
461 1974 525 2038 fuit
540 1974 574 2037 in
589 1973 737 2059 partibus
757 1972 905 2037 Deuonie
921 1980 959 2036 ut
974 1970 1112 2058 predicti
1125 1979 1322 2058 cognoscunt

213 2088 248 2142 et
264 2077 436 2143 comitatus
450 2063 709 2141 summoneatur'
723 2084 782 2141 etc

279 2180 420 2265 ⁸[Assisa
441 2180 534 2244 uenit
556 2178 761 2266 recognitum
780 2178 853 2263 quis
873 2179 1050 2243 aduncatus
1069 2187 1214 2265 tempore
1234 2178 1322 2264 pacis
1391 2204 1438 2234 xor

213 2284 416 2371 presentauit
440 2284 589 2348 ultimam
609 2304 778 2369 personam
802 2304 866 2367 que
886 2291 1015 2346 mortua
1034 2290 1085 2346 est
1099 2282 1141 2347 ad
1155 2282 1322 2347 ecclesiam

214 2388 255 2453 de
270 2387 474 2473 Harpcdeno,
494 2408 557 2472 que
580 2395 676 2451 uacat
697 2394 756 2450 etc.
778 2385 871 2449 cuius
892 2385 1139 2449 aduocacionem
1161 2385 1324 2449 Robertus

213 2491 255 2555 de
270 2489 468 2577 Harpedena
482 2492 600 2555 clamat
614 2512 727 2554 uersus
741 2488 961 2575 Reginaldum
975 2487 1016 2551 de
1030 2488 1116 2553 Albo
1128 2488 1324 2553 Monasterio

212 2605 248 2661 et
263 2595 401 2660 Aliciam
417 2595 519 2659 filiam
534 2594 662 2659 Nicolei
677 2594 717 2659 de
733 2591 882 2658 Buleha⁴.
927 2594 973 2657 Et
995 2593 1194 2679 chinaldus
1216 2601 1323 2658 custos

213 2700 315 2785 ipsius
329 2699 434 2764 Alieie
450 2722 513 2785 que
528 2708 578 2763 est
598 2700 682 2763 infra
701 2706 823 2762 etatem
844 2697 937 2761 uenit
959 2706 994 2761 et
1016 2697 1096 2761 dicit
1118 2696 1204 2782 quod
1225 2696 1325 2761 assisa

213 2823 280 2864 non
293 2801 392 2865 debet
406 2801 482 2865 inde
497 2801 577 2877 fieri,
592 2801 668 2887 quia
682 2800 765 2865 bene
780 2799 943 2885 cognoscit
959 2800 1045 2885 quod
1059 2799 1146 2863 idern
1162 2800 1324 2864 Robertns

215 2904 416 2990 presentauit
437 2903 588 2968 ultimam
611 2926 780 2989 personam
800 2925 864 2989 que
883 2912 1013 2968 mortua
1031 2912 1082 2968 est
1101 2903 1143 2967 ad
1157 2902 1324 2967 ecclesiam

214 3006 305 3069 illam
319 3014 370 3069 set
385 3004 445 3068 hoc
465 3004 542 3068 fecit
562 3026 619 3089 por
639 3003 802 3089 quandam
825 3003 1075 3068 'conueneionem
1098 3004 1217 3067 factam
1239 3002 1326 3066 inter

215 3107 323 3192 ipsum
346 3107 526 3171 Robertum
547 3114 581 3170 et
604 3106 800 3170 Nicholaum
820 3106 861 3170 de
882 3105 1024 3170 Sedham
1039 3105 1238 3169 auunculum
1253 3126 1324 3189 pre-

214 3211 297 3276 dicti
322 3210 474 3275 Nicholai
498 3210 539 3275 de
569 3210 696 3275 Buleha
721 3209 813 3275 cuius
838 3210 932 3274 heres
961 3209 1048 3274 idem
1078 3210 1256 3273 Nicholaus
1284 3210 1326 3274 de

216 3314 344 3379 Buleha
358 3314 422 3378 fuit
436 3336 494 3400 per
508 3336 606 3400 quam
621 3314 708 3379 idem
724 3313 886 3378 Robertus
901 3312 1015 3377 debuit
1029 3312 1130 3376 semel
1143 3311 1233 3376 illam
1248 3311 1326 3375 dare

216 3428 252 3483 et
274 3418 452 3483 Nicholaus
468 3472 473 3483 .
491 3470 497 3483 .
514 3471 520 3483 .
537 3470 543 3483 .
559 3418 609 3483 ‘et
629 3417 705 3482 inde
726 3418 847 3503 profert
869 3427 991 3482 cartam
1011 3416 1178 3482 cuiusdam
1201 3418 1326 3481 Thome

216 3526 293 3611 ΗΕ]
314 3546 376 3609 que
398 3531 540 3589 testetur
562 3522 647 3609 quod
669 3523 739 3608 ipse
761 3522 853 3587 dedit
874 3534 933 3586 etc.
957 3522 1115 3586 Nicholao
1137 3522 1177 3586 de
1200 3522 1328 3586 Buleha

216 3650 275 3714 pro
299 3628 450 3713 homagio
474 3650 533 3692 suo
558 3626 769 3691 medietatem
799 3626 903 3691 tocius
933 3626 1011 3690 uille
1040 3627 1081 3691 de
1107 3625 1328 3712 Harpendena

214 3730 339 3796 scilicet
350 3730 385 3794 in
397 3730 590 3807 hominibus
602 3730 783 3794 redditibus
794 3737 829 3793 et
843 3729 878 3792 in
893 3728 1105 3793 aduocacione
1120 3729 1326 3793 ecclesiarum

203 3842 277 3897 etc.
293 3841 328 3896 et
348 3832 382 3895 in
403 3832 551 3896 omnibus
573 3833 669 3897 rebus
691 3840 750 3897 etc.
770 3832 952 3896 habendam
975 3841 1009 3895 et
1031 3833 1204 3896 tenendam
1225 3832 1266 3897 de
1289 3854 1327 3896 eo

215 3944 252 4001 et
280 3934 322 3999 de
352 3934 525 3999 heredibus
548 3935 615 3999 suis
638 3934 701 3999 sibi
729 3942 763 3998 et
790 3934 963 3999 heredibus
985 3935 1053 4000 suis
1079 3936 1224 4001 faciendo
1250 3935 1326 4000 inde

251 4092 261 4126 ¹
277 4093 291 4143 1
305 4108 415 4157 suppose
429 4094 538 4144 beoanse
554 4093 616 4157 they
631 4092 684 4143 hsd
700 4099 747 4143 not
831 4094 842 4125 ⁸
859 4095 933 4143 hm.
944 4095 975 4144 15
986 4095 1028 4157 d.;
1045 4095 1075 4143 Β.
1087 4109 1122 4143 m.
1134 4096 1173 4144 11.
1201 4096 1236 4145 So
1247 4095 1326 4145 much

215 4158 376 4221 rolunturily
390 4162 438 4223 put
453 4159 606 4208 themselves
621 4174 691 4221 upon
703 4159 748 4209 the
798 4160 827 4207 os
845 4160 898 4208 this
917 4174 977 4209 case
996 4174 1026 4209 as
1045 4160 1069 4208 is
1087 4160 1179 4209 within
1198 4162 1209 4223 [
1227 4162 1237 4223 ]
1255 4165 1327 4209 must

215 4228 337 4286 country.
798 4224 865 4273 have
879 4224 943 4273 been
958 4240 993 4273 on
1010 4225 1056 4273 ths
1073 4225 1126 4274 lost
1143 4225 1215 4274 sheet
1232 4225 1285 4275 und
1302 4225 1327 4273 is

250 4303 338 4353 ἐιιιῖι
376 4300 488 4351 Joscclin
505 4301 554 4363 Bp.
570 4300 598 4350 of
611 4300 681 4351 Bsth
696 4317 748 4351 was
799 4288 994 4351 ⁸¹¹PP¹i⁰df¹⁰m
1004 4289 1105 4339 ΒΘΗ·

215 4372 246 4419 at
261 4368 307 4418 the
321 4366 388 4421 head
403 4368 432 4415 of
450 4366 493 4416 the
507 4366 614 4427 justices
628 4367 747 4417 commis·
832 4354 844 4385 ⁴
859 4356 997 4417 BW'WW·
1011 4355 1042 4403 Β·

216 4432 309 4483 sioncd
328 4437 355 4481 to
373 4430 436 4481 hold
454 4430 498 4481 the
514 4431 674 4483 Deroushirs
690 4448 748 4497 cyre
807 4474 811 4483 .
832 4418 977 4493 ⁵?0fflibly
1002 4423 1105 4495 uerum,-
1139 4420 1192 4470 this
1217 4419 1270 4470 and
1296 4420 1327 4469 1⁰

215 4498 380 4549 011218-9.
800 4499 918 4547 preuous
929 4484 1011 4533 words
1023 4490 1070 4534 not
1081 4501 1108 4534 ur
1120 4485 1149 4535 B.
