3342 5217
489 493 722 555 arcessistis,
745 496 809 544 an.
834 482 927 559 1219,
948 495 1012 545 aa.
1036 482 1130 544 3-4.
1319 484 1361 544 55

326 664 368 727 Et
397 663 554 729 Ricardus
582 665 662 731 dicit
691 665 777 752 quod
805 666 833 731 si
867 667 958 731 ouria
990 666 1242 732 considerauerit
1276 665 1363 753 quod
1488 668 1494 679 “

258 766 377 833 debeat
393 769 439 833 eis
452 770 643 855 respondere
658 770 782 835 desiout
798 778 994 857 cognoscunt
1009 779 1128 835 terram
1145 771 1236 836 illam
1250 772 1362 837 datam

259 872 357 937 fuisse
371 874 406 937 in
421 874 628 959 marilegium
643 874 729 938 dicet
743 874 840 939 aliud

325 976 368 1039 Et
388 976 465 1061 quia
487 976 548 1061 ipsi
569 976 724 1041 Ricardus
739 984 773 1040 et
789 976 967 1063 Antigonia
980 986 1177 1063 cognoscunt
1191 976 1277 1063 quod
1292 976 1363 1063 ipsa

260 1077 360 1142 habet
382 1087 517 1163 nepotes
541 1079 623 1143 filios
646 1078 754 1143 fratris
774 1079 825 1143 sui
844 1079 1052 1165 primogeniti
1066 1079 1123 1165 qui
1137 1089 1215 1144 sunt
1229 1079 1363 1144 heredes
1375 1077 1508 1173 mm,

259 1180 398 1264 predicti
421 1181 550 1245 Ricardi
573 1182 613 1246 de
634 1182 792 1246 Budenho
806 1181 978 1258 donatoris,
990 1190 1028 1245 et
1041 1182 1249 1267 maritagium
1264 1182 1363 1246 debet
1374 1172 1522 1257 {ffiff‘l‘

1375 1268 1442 1303 torem
1451 1264 1486 1304 aot

259 1283 380 1347 reuerti
408 1283 450 1347 ad
476 1284 608 1348 heredes
638 1286 808 1360 donatoris,
832 1284 1080 1351 Consideratum
1101 1294 1152 1350 est
1177 1286 1264 1372 quod
1292 1286 1420 1371 ipsaau·
1428 1311 1515 1350 aaran

1375 1362 1397 1397 ot
1404 1358 1432 1396 tbi
1441 1368 1507 1397 mm·

257 1385 359 1449 nichil
384 1386 521 1449 clamare
545 1394 652 1471 potest
675 1387 753 1451 dum
777 1387 837 1451 filii
859 1388 968 1452 fratris
990 1388 1041 1452 sui
1063 1388 1207 1453 uixerint
1229 1397 1265 1452 ot
1289 1388 1363 1453 ideo
1376 1414 1524 1489 diffie*

258 1490 416 1554 Ricardus
438 1492 478 1554 de
500 1491 620 1555 Tiuilla
640 1490 716 1555 inde
738 1492 806 1556 sine
833 1492 887 1556 die
907 1500 943 1556 et
965 1492 1122 1557 Ricardus
1145 1494 1174 1557 le
1201 1494 1305 1558 Harre
1328 1492 1363 1558 in
1376 1497 1513 1583 gfflgfl

259 1592 482 1658 misericordia
559 1670 564 1677 ⁹
1376 1590 1470 1631 *Μ’*

324 1697 925 1764 ¹Pri0rde1entonaathaehiatusfuit
939 1700 981 1764 ad
994 1722 1063 1764 esse
1079 1709 1139 1765 eto.
1154 1722 1363 1786 responsurus
1402 1715 1500 1763 Nom

259 1798 398 1864 Radulfo
421 1800 462 1863 de
488 1800 662 1887 Wileghby
684 1824 781 1886 quare
804 1802 912 1867 tenuit
933 1802 1091 1887 placitum
1112 1803 1147 1866 in
1172 1803 1263 1867 cirria
1285 1802 1362 1867 eris-

259 1902 419 1967 tianitatis
434 1902 474 1966 de
488 1902 700 1967 aduocatione
715 1904 847 1969 eoelesie
861 1905 902 1969 de
917 1905 1082 1990 Pleseleye
1096 1912 1208 1969 eontra
1221 1906 1362 1990 prohibi·

257 2005 384 2070 aionem
403 2004 526 2069 domini
548 2006 648 2093 Regis
667 2016 727 2073 ete.
742 2007 828 2071 unde
843 2006 931 2071 idem
945 2007 1106 2071 Radulfus
1120 2008 1262 2071 ostendit
1276 2008 1362 2093 quod

258 2132 334 2173 oum
349 2110 532 2175 Willelmus
546 2112 645 2175 frater
663 2134 741 2176 suus
760 2121 871 2176 teneat
890 2111 1057 2176 eeclesiam
1080 2134 1121 2176 ex
1144 2111 1227 2176 dono
1250 2134 1309 2176 suo
1327 2120 1363 2177 et

258 2214 419 2277 Johannis
452 2214 492 2278 de
526 2214 714 2300 Aeyncano'
747 2215 880 2301 quidam
914 2216 1061 2302 Rogems
1089 2215 1192 2279 trahit
1221 2238 1297 2280 eum
1326 2216 1362 2279 in

259 2318 416 2402 placitum
431 2317 472 2382 de
488 2318 621 2383 eeclesia
634 2318 690 2383 illa
704 2327 739 2383 et
753 2318 839 2405 petit
854 2340 926 2383 eam
940 2341 981 2383 er
995 2320 1079 2384 dono
1093 2320 1194 2406 Regis
1207 2320 1238 2385 J.
1253 2328 1313 2386 ete

325 2420 369 2484 Et
391 2420 481 2485 Prior
501 2421 593 2485 uenit
615 2430 649 2486 et
672 2422 817 2486 defendit
840 2422 926 2508 quod
945 2444 1010 2486 non
1029 2431 1122 2487 tenet
1140 2422 1298 2506 placitum
1321 2423 1362 2489 de

258 2521 473 2587 aduocaeione
493 2523 592 2587 immo
615 2524 656 2588 de
672 2524 850 2589 intrusione
865 2524 942 2610 quia
956 2525 1026 2589 Rex
1040 2523 1071 2590 J.
1087 2534 1232 2610 tempore
1247 2548 1363 2612 guerre

259 2624 388 2709 quando
413 2625 545 2689 eeclesia
563 2647 682 2690 uacans
702 2626 765 2690 fuit
785 2626 987 2711 presentauit
1001 2626 1183 2712 predictum
1197 2627 1363 2714 Rogemm

258 2729 301 2793 ad
316 2728 482 2793 ecelesiam
501 2728 591 2793 illam
611 2729 736 2793 racione
752 2738 837 2793 terre
851 2729 994 2814 ipsorum
1009 2730 1140 2795 Radulfi
1154 2738 1191 2795 et
1205 2730 1364 2795 Johannis

258 2852 322 2915 que
334 2839 414 2895 tune
427 2830 491 2895 fuit
505 2830 540 2894 in
554 2853 688 2895 manum
702 2832 825 2896 domini
839 2832 939 2919 Regis
953 2855 991 2896 eo
1007 2833 1092 2918 quod
1107 2834 1239 2897 fuerunt
1252 2841 1365 2898 contra

259 2934 427 2999 dominum
453 2935 577 3021 Regem
602 2944 638 2999 et
667 2936 744 3021 quia
772 2936 906 3001 clericus
934 2936 989 3000 ille
1019 2958 1095 3001 non·
1113 2936 1177 3001 fuit
1204 2937 1364 3001 admissus

258 3037 430 3123 inplaoitat
455 3040 510 3103 ille
529 3040 534 3126 1
553 3026 705 3104 clericum
734 3063 830 3105 suum
857 3062 915 3126 per
942 3041 1043 3105 breue
1068 3040 1191 3105 domini
1213 3063 1298 3126 papo
1323 3040 1364 3105 de

259 3140 437 3207 intrusione
453 3142 530 3228 quia
544 3165 655 3207 eorum
670 3143 802 3207 clericus
817 3143 975 3208 admissus
989 3143 1054 3208 fuit
1070 3152 1184 3229 postea
1197 3143 1239 3207 ad
1252 3165 1365 3207 eorum

258 3246 533 3331 presentacionem
567 3255 602 3311 et
630 3247 703 3311 ideo
732 3248 759 3312 si
787 3248 878 3312 curia
906 3247 1156 3313 considerauerit
1185 3248 1272 3334 quod
1299 3270 1365 3312 non

257 3348 377 3413 debeat
399 3358 509 3414 tenere
531 3350 689 3435 plaeitum
710 3350 850 3415 libenter
868 3351 1007 3416 cessabit
1027 3359 1062 3416 et
1075 3352 1148 3416 ideo
1163 3350 1364 3437 prohibitum

258 3461 309 3517 est
334 3453 365 3517 ei
391 3474 432 3517 ne
457 3460 570 3517 teneat
594 3453 734 3538 aliquod
749 3454 906 3539 placitum
932 3454 967 3518 in
992 3476 1056 3540 quo
1085 3454 1143 3519 fiat
1168 3453 1293 3518 mencio
1322 3453 1363 3518 de

256 3556 472 3621 aduoeaeione
500 3566 534 3621 et
559 3557 631 3621 ideo
657 3558 816 3622 Radulfus
841 3558 971 3623 recedat
993 3581 1106 3623 uersus
1128 3558 1208 3623 alios
1232 3558 1363 3625 iudices

258 3659 411 3745 quietus³.

323 3762 568 3850 ‘Recognitores
588 3766 685 3829 assisa
705 3788 789 3829 noue
809 3765 976 3831 diffleisine
991 3787 1055 3851 que
1068 3775 1166 3851 capta
1179 3766 1243 3830 fuit
1257 3789 1364 3831 eoram
1434 3798 1448 3827 ο

258 3926 312 3975 vill
326 3924 424 3975 inherit
441 3925 486 3975 the
499 3926 570 3985 land,
582 3928 623 3977 lor
638 3930 660 3977 B
676 3942 724 3977 ean
739 3930 786 3977 not
836 3929 949 3978 Braeton
961 3926 1015 3978 and
1025 3927 1070 3978 the
1084 3931 1226 3977 annotator
1240 3928 1305 3978 both
1318 3942 1365 3979 use

257 3992 291 4041 be
304 3992 369 4040 both
384 3990 440 4041 lord
455 3991 508 4042 and
521 3992 586 4042 heir.
619 3994 680 4051 But,
691 4008 721 4042 as
733 3993 786 4042 this
838 3994 882 4042 the
907 3994 977 4043 word
998 4008 1120 4050 retronea,
1146 3992 1235 4042 ‘debet
1260 3994 1299 4043 ibi
1325 4008 1365 4042 re-

256 4070 318 4106 oasa
340 4056 426 4105 shows
447 4056 500 4106 and
521 4056 633 4107 Braeton
660 4057 784 4119 explains,
836 4060 960 4119 manere‚’
972 4064 1043 4108 ‘eum
1055 4058 1179 4108 donatore
1189 4057 1349 4108 remanebit)

257 4121 447 4170 thisisnotso
462 4120 536 4171 when
551 4122 613 4171 land
628 4123 651 4171 ir
666 4124 741 4185 giren
757 4122 786 4172 in
869 4124 926 4172 ²A.
946 4138 981 4172 m.
1002 4124 1033 4172 11
1055 4124 1094 4182 d.;
1126 4124 1156 4172 B.
1178 4137 1214 4173 m.
1240 4124 1279 4171 10.
1312 4123 1366 4171 For

257 4186 396 4247 marriage.
428 4185 650 4249 Failingissueof
663 4187 786 4238 themar·
836 4188 938 4237 Lenton
953 4187 1040 4251 priory
1055 4202 1097 4238 soe
1112 4188 1226 4238 Monast.
1237 4189 1287 4240 rol
1302 4190 1326 4246 6.
1337 4202 1363 4251 p.
1439 4207 1441 4210 ·

257 4250 338 4313 siege,
352 4251 374 4300 it
388 4254 486 4301 reverte
501 4255 528 4300 to
543 4252 587 4301 the
602 4252 685 4301 donor
696 4260 720 4301 et
731 4268 786 4302 eum
838 4254 893 4303 10⁸.

257 4319 379 4366 donatore
396 4318 539 4365 resumtis.
573 4316 628 4367 The
646 4318 728 4367 donor
747 4322 786 4380 (or
869 4318 880 4349 ¹
896 4317 967 4367 Gerr.
979 4320 1114 4381 Aeyaeart.

256 4380 301 4430 his
311 4380 377 4445 heir)
392 4380 456 4430 does
471 4386 518 4430 not
532 4396 604 4431 eome
619 4386 647 4431 to
662 4382 707 4431 the
723 4382 786 4432 land
868 4382 880 4415 ⁸
896 4386 996 4445 quietas
1013 4382 1097 4432 added
1114 4383 1253 4446 seemingly
1267 4383 1302 4447 by
1318 4380 1364 4431 the

256 4462 289 4495 aa
301 4444 359 4495 heir
370 4446 398 4495 ol
408 4446 453 4495 the
464 4444 551 4504 donee.
564 4460 593 4496 so
605 4446 677 4496 thera
691 4462 740 4497 ean
755 4448 786 4497 be
836 4451 988 4507 annotator;
1006 4448 1092 4497 notin
1104 4449 1134 4509 A,
1148 4448 1178 4497 B.

257 4526 293 4561 no
305 4512 360 4561 talk
369 4512 398 4561 of
406 4510 449 4560 his
457 4510 532 4575 being
539 4511 660 4561 dominus
669 4515 694 4561 et
703 4512 784 4561 heres.
868 4514 880 4545 ⁴
895 4514 925 4561 Δ.
937 4528 973 4562 m.
986 4515 1015 4562 11
1028 4512 1067 4572 (1.;
1084 4512 1115 4562 B.
1127 4527 1161 4562 m.
1176 4514 1216 4562 10.
