3342 5217
381 424 445 493 676
590 436 908 499 mummuleno.
934 425 1026 500 1232,
1047 438 1112 489 su
1137 426 1274 494 16-17.

379 620 573 690 eumenum,
594 611 672 698 quis
692 609 853 674 Redulfus
875 630 1013 696 persone
1034 609 1066 675 S.
1087 610 1216 675 Julinni
1236 619 1328 675 tenet
1348 610 1423 676 inde
1445 610 1488 676 xl.

378 738 440 781 acr.
455 724 491 780 et
504 722 613 779 custos
627 713 660 779 S.
676 713 779 777 Marte
794 712 834 777 de
850 712 957 777 Pretis
971 722 1064 779 tenet
1078 714 1154 779 inde
1169 714 1226 801 iiij
1242 737 1304 781 scr.
1315 714 1402 779 unde
1416 714 1490 801 ipse

378 820 477 886 nichil
493 819 601 897 habet,
616 841 677 883 nec
691 818 726 881 in
741 817 878 882 seruicio
892 840 952 882 nec
966 818 1002 882 in
1016 816 1185 897 dominico,
1201 828 1236 884 et
1256 819 1381 885 desicut
1401 817 1490 905 petit

377 930 482 987 tetam
511 922 602 986 illam
631 927 815 985 namnetem
839 920 976 1007 integre,
999 928 1035 985 et
1061 920 1148 985 unde
1174 921 1275 986 freter
1300 944 1379 985 suus
1404 920 1490 985 obiit

376 1025 515 1101 scisitus,
530 1032 565 1088 et
579 1023 649 1109 ipse
663 1022 754 1087 illam
769 1022 897 1108 integre
913 1044 978 1085 non
994 1029 1096 1099 tenet,
1109 1045 1169 1087 nec
1187 1024 1287 1087 frater
1306 1046 1384 1089 suns
1403 1024 1490 1088 obiit

376 1128 506 1191 seisitus
520 1126 647 1213 integre
663 1146 728 1189 non
743 1124 818 1188 uult
832 1123 1024 1209 respondere
1040 1125 1103 1189 nisi
1118 1124 1208 1189 curia
1225 1126 1489 1201 considerauerit‚

377 1240 413 1296 et
427 1232 515 1297 unde
529 1230 611 1297 dicit
625 1230 712 1316 qnod
727 1250 792 1293 non
806 1234 900 1292 tenet
914 1228 978 1293 nisi
992 1227 1074 1293 dues
1088 1236 1198 1315 partes
1219 1230 1307 1295 illius
1326 1238 1489 1306 curacete¹

375 1341 411 1398 et
432 1333 513 1399 dicit
534 1331 621 1419 quod
645 1330 740 1415 longe
766 1338 843 1394 ente
872 1338 1011 1393 mortem
1034 1330 1137 1415 ipsius
1162 1329 1294 1395 Ricerdi
1317 1330 1397 1396 dete
1423 1332 1489 1396 fuit

375 1444 463 1501 tenu
475 1436 542 1514 illa,
557 1444 592 1501 et
607 1434 687 1499 dicit
702 1432 788 1519 quod
804 1433 840 1497 in
855 1433 1043 1521 Wenrugge
1063 1456 1129 1499 non
1149 1442 1199 1499 est
1220 1434 1284 1501 nisi
1305 1458 1373 1501 una
1393 1458 1490 1501 curu·

375 1548 686 1707 eataEiteriliiidullus¹
706 1639 795 1727 qnod
813 1640 972 1705 Ricardus
993 1640 1093 1705 freter
1107 1662 1186 1706 suus
1200 1640 1283 1707 obiit
1296 1641 1430 1707 saisitus
1445 1642 1487 1707 de

374 1768 442 1810 nne
455 1752 613 1821 carucata,
628 1743 748 1830 etipse
766 1744 859 1808 illem
878 1744 964 1830 petit
984 1744 1033 1808 itu
1054 1744 1181 1831 integre
1203 1745 1378 1832 sicutipse
1403 1746 1489 1813 obiit

374 1848 505 1914 seisitus
526 1856 561 1912 et
582 1869 648 1912 non
669 1847 773 1921 aliter,
793 1854 828 1912 et
849 1848 934 1912 bene
959 1847 1041 1913 dicit
1066 1848 1154 1934 quod
1178 1848 1279 1914 nichil
1305 1850 1429 1915 clamat
1452 1850 1488 1915 in

374 1953 529 2041 predictis
554 1952 595 2018 xl.
620 1974 682 2018 scr.
708 1974 789 2039 quas
814 1953 962 2039 predicte
985 1976 1123 2039 persona
1147 1961 1249 2029 tenet,
1273 1976 1333 2019 nec
1359 1955 1395 2019 in
1421 1956 1490 2022 illis

374 2056 529 2141 predictis
548 2055 606 2141 iiij.
620 2078 682 2120 acr.
698 2076 778 2141 ques
797 2054 964 2141 predictus
985 2064 1095 2121 custos
1115 2064 1218 2134 tenet,
1239 2066 1273 2121 et
1295 2056 1375 2121 dicit
1396 2059 1486 2145 quod

374 2158 444 2225 sine
470 2166 558 2224 terra
578 2158 636 2222 ills
661 2166 711 2223 est
734 2157 782 2223 ihi
807 2157 947 2243 quedam
973 2166 1125 2225 erucae
1142 2156 1147 2245 Ι
1167 2160 1262 2245 plene
1288 2168 1323 2225 et
1345 2160 1487 2249 integre.

375 2262 419 2327 Et
434 2262 592 2328 iuratores
611 2262 681 2328 sine
701 2270 902 2327 sacramento
924 2261 1045 2347 quesiti
1063 2262 1092 2326 si
1111 2262 1277 2348 predictus
1299 2262 1487 2331 Rendullirs

373 2373 486 2429 teneat
506 2366 634 2452 integre
654 2387 753 2430 unam
773 2372 957 2431 carucatam
972 2372 1058 2429 terne
1073 2374 1182 2451 preter
1196 2373 1316 2431 tenum
1331 2366 1435 2447 illam,
1450 2378 1485 2435 et

371 2468 400 2533 si
421 2467 566 2553 predicte
586 2466 676 2551 xliiij.
699 2488 772 2531 acre
794 2466 862 2531 sint
882 2466 923 2532 de
947 2488 1077 2553 corpore
1100 2467 1189 2532 illius
1211 2478 1361 2534 umente
1384 2479 1483 2546 terre,

372 2571 487 2636 dicunt
501 2571 588 2657 quod
607 2571 772 2657 predictus
792 2570 976 2637 chdulfus
996 2579 1089 2637 tenet
1105 2571 1130 2657 j.
1145 2580 1329 2637 cuneatim]
1351 2574 1482 2662 integre

372 2684 481 2761 preter
494 2675 595 2755 illam,
610 2684 645 2741 et
660 2683 747 2740 terre
766 2674 824 2740 ills
843 2696 909 2739 non
930 2682 982 2739 est
1004 2674 1045 2740 de
1067 2698 1197 2761 corpore
1219 2676 1308 2742 illius
1328 2688 1483 2745 mulcete

372 2787 464 2845 terre.

437 2883 514 2948 Post
528 2883 622 2948 uenit
636 2882 819 2947 Rendulfirs
833 2890 869 2947 et
883 2880 964 2947 dicit
979 2882 1065 2969 quod
1080 2884 1180 2949 assisa
1199 2906 1264 2949 non
1284 2884 1382 2951 debet
1402 2886 1481 2954 inde

371 2986 443 3052 fieri
458 2987 536 3073 quin
548 2986 713 3073 predictus
728 2985 886 3050 Ricardus
901 3007 966 3050 non
981 2985 1063 3051 obiit
1073 2984 1150 3052 inde
1165 2987 1294 3053 seisitus
1309 2988 1386 3075 quia
1401 3000 1482 3057 ente

371 3099 510 3156 mortem
533 3113 625 3155 suem
651 3088 743 3154 dedit
767 3088 838 3175 ipse
864 3088 1023 3154 Ricardus
1048 3089 1080 3154 ei
1105 3097 1225 3156 terrum
1250 3091 1341 3156 illem
1365 3114 1481 3178 perv.

370 3194 569 3280 septimanas
591 3200 669 3257 ante
693 3199 831 3256 mortem
855 3212 948 3257 sunm
972 3198 1008 3255 et
1032 3212 1091 3277 per
1114 3201 1237 3259 certem
1262 3217 1355 3261 suem
1379 3220 1481 3285 quarn

371 3296 493 3382 profert
514 3304 575 3361 etc.
596 3294 647 3359 its
667 3293 755 3381 quod
779 3300 859 3359 ante
882 3302 1020 3359 mortem
1045 3294 1148 3381 ipsius
1172 3297 1303 3363 Ricardi
1326 3303 1481 3387 apposuit

371 3398 441 3485 ipse
462 3420 609 3463 curucam
631 3418 733 3473 suem,
748 3403 905 3461 eteorum
925 3395 1019 3463 Dom.
1040 3398 1183 3463 Maltino
1202 3399 1243 3465 de
1264 3401 1481 3470 Petheshulle

369 3502 485 3568 recita'
499 3502 563 3567 fuit
583 3510 674 3567 cem
692 3501 750 3567 ille
769 3509 864 3565 extre
882 3502 1039 3587 capellam
1055 3502 1096 3569 de
1111 3503 1300 3583 Weuthum,
1314 3516 1348 3573 et
1362 3518 1479 3594 postea

367 3606 488 3671 iterum
510 3605 647 3671 recitate
668 3605 733 3670 fuit
753 3605 841 3691 apud
863 3606 1110 3673 Herefordium⁸
1125 3616 1160 3673 et
1174 3608 1223 3673 ibi
1236 3631 1271 3674 se
1286 3610 1414 3678 dimisit
1429 3612 1480 3679 its

367 3712 454 3799 quod
478 3711 548 3798 ipse
574 3710 757 3776 Randull‘us
779 3710 869 3796 cepit
894 3709 1047 3799 homagia
1067 3719 1103 3777 et
1124 3711 1301 3781 fidelitates
1319 3715 1369 3782 its
1387 3719 1477 3804 quod

366 3814 531 3900 predictus
564 3812 722 3879 Ricardus
754 3812 856 3878 nichil
886 3813 1011 3900 legeuit
1039 3814 1080 3881 de
1109 3815 1208 3883 rebus
1237 3818 1272 3883 in
1302 3828 1391 3888 terra
1420 3824 1478 3889 ills

366 3917 590 3985 existentibus.

429 4022 474 4086 Et
496 4018 700 4086 Rsndulfus⁴
719 4018 779 4084 hcc
801 4026 909 4084 totum
936 4019 1083 4085 defendit
1109 4031 1144 4086 et
1170 4021 1252 4088 dicit
1277 4024 1365 4111 quod
1387 4026 1476 4092 idem

364 4124 522 4192 Ricardus
542 4145 711 4211 nunquam
732 4146 767 4188 se
789 4123 915 4189 dimisit
936 4133 987 4191 set
1007 4124 1090 4192 obiit
1109 4125 1186 4192 inde
1201 4127 1332 4194 seisitus
1347 4138 1383 4196 et
1397 4130 1475 4197 inde

364 4228 457 4316 ponit
471 4250 506 4295 se
520 4249 617 4313 super
632 4227 781 4293 iuratam.

395 4395 604 4461 ¹8upplycsuc
615 4394 647 4444 B.
972 4393 1073 4445 ⁸(loir.
1084 4396 1229 4460 Hmsord',
1244 4396 1276 4447 B.
1396 4449 1400 4455 ,

395 4464 406 4497 ²
423 4462 493 4513 corr.
504 4464 622 4519 recitate,
633 4459 664 4512 B.
973 4460 983 4491 ⁴
1000 4460 1072 4510 Corr.
1084 4462 1228 4525 Rcdutruu
1246 4462 1321 4525 Rau,
1335 4462 1368 4515 Β.
