3342 5217
348 398 410 461 526
651 406 788 467 nissen,
811 406 875 454 nn.
901 392 993 465 1232,
1018 405 1081 454 nu.
1106 392 1154 453 16.

347 586 499 649 (lunnore
523 582 683 669 quondam
708 582 816 645 uxoris
838 580 941 666 ipsius
963 580 1121 644 Willelmi
1144 602 1201 666 per
1223 582 1339 666 quem¹
1366 580 1454 645 idem

347 687 529 751 Willelmus
555 686 672 751 habuit
696 686 832 750 eandem
857 684 1037 749 custodiam
1061 684 1144 748 obiit
1169 685 1261 748 cuius
1283 684 1376 748 heres
1402 694 1455 749 est

347 790 431 855 iufra
446 797 568 853 etatum
584 797 618 853 et
634 798 753 851 terram
774 787 864 851 illam
885 786 926 851 de
949 786 996 850 eis
1018 795 1129 851 tenere
1151 786 1252 851 debet
1273 808 1332 871 per
1352 786 1456 850 serui·

346 893 433 957 cium
449 893 644 957 militarent
659 891 721 977 ipsi
736 892 904 955 Johannes
919 898 953 954 et
968 890 1113 955 Hawisia
1126 890 1248 955 dicunt.

413 997 456 1060 Et
472 996 655 1061 Willelmus
667 996 759 1059 uenit
772 1003 806 1059 et
818 994 898 1059 dicit
910 995 995 1081 quod
1008 1018 1073 1060 non
1088 995 1186 1059 dehet
1201 996 1248 1059 eis
1263 994 1456 1081 respondere

348 1100 390 1165 ad
405 1100 464 1165 hoc
479 1101 578 1165 breue
596 1100 722 1164 desicut
743 1100 829 1185 petit
850 1100 1062 1163 medietatem
1086 1099 1164 1163 uille
1188 1100 1229 1165 de
1252 1101 1457 1164 Hemertcna

348 1226 422 1269 cum
446 1204 654 1289 pertinenciis
677 1211 711 1267 et
733 1226 798 1267 non
820 1202 942 1288 excipit
963 1201 1088 1287 aliquid
1107 1202 1148 1266 de
1167 1202 1374 1287 pertinenciis
1388 1202 1456 1266 scil.

350 1306 506 1371 medietat
458 1315 560 1371 tatem
590 1307 813 1395 aduocecionis
839 1306 972 1370 ecclesie
998 1328 1098 1391 quam
1124 1306 1237 1370 Abbas
1260 1306 1456 1371 Colecestiie

186 1424 280 1517 Νοιιριιι
266 1421 329 1507 nonu
352 1418 442 1474 tenet
465 1410 591 1497 integre
614 1390 731 1475 unde
723 1434 791 1497 ipse
814 1411 914 1475 nichil
937 1411 1045 1486 hahet,
1061 1419 1095 1474 et
1113 1418 1261 1525 preterea
1274 1410 1354 1475 dicit
1369 1409 1458 1497 quod

186 1481 338 1601 ζωῇ
266 1572 313 1609 ΜΡ
302 1563 338 1600 Μ,
351 1534 415 1576 non
438 1520 529 1577 tenet
552 1514 672 1578 mediet
671 1521 762 1577 atem
785 1514 889 1577 tocius
909 1514 1046 1577 manerii
1067 1513 1196 1577 nomine
1211 1513 1364 1590 custodie,
1379 1513 1458 1598 quia

186 1610 220 1694 3⁴⁰.
220 1620 269 1741 ¹¹2²
234 1612 320 1694 ⁰⁰³2?
352 1618 416 1681 Oto
439 1616 525 1682 filius
548 1618 740 1682 Willelmit
727 1627 818 1682 tenet
805 1617 917 1682 tinde
940 1618 1020 1682 duas
1042 1640 1102 1682 aer.
1126 1616 1457 1701 etdim.unde1pse

188 1703 239 1741 Μ
350 1721 449 1785 nichil
466 1721 575 1797 habet,
582 1731 624 1785 et
638 1722 711 1785 ideo
733 1744 796 1785 non
816 1721 891 1786 uult
913 1721 955 1785 ad
977 1722 1037 1785 hoc
1059 1721 1158 1785 breue
1180 1721 1371 1806 respondere
1393 1721 1459 1785 nisi

349 1825 440 1889 curia
454 1825 712 1890 considerauerit.

417 1928 460 1991 Et
480 1927 647 1991 Johannes
666 1935 701 1992 et
722 1927 867 1991 Hawisia
889 1950 947 2013 per
967 1936 1169 1991 ottomatum
1191 1926 1293 2013 ipsius
1314 1927 1460 1992 Hawisie

351 2030 490 2096 ueniunt
505 2040 540 2095 et
560 2032 673 2095 dieunt
696 2032 781 2117 quod
806 2032 978 2097 aduocacio
1003 2034 1135 2098 ecclesie
1158 2056 1222 2097 ιιοιι
1246 2034 1364 2097 accidit
1386 2034 1460 2098 siue

351 2134 466 2199 incidit
496 2134 530 2198 in
560 2135 739 2199 custodiam
770 2142 808 2199 ut
842 2136 1009 2220 pertinens
1045 2135 1087 2199 ed
1124 2135 1334 2200 medietatem
1370 2135 1461 2199 illius

352 2238 497 2315 manerii,
513 2246 547 2302 et
562 2237 675 2301 dicunt
691 2238 777 2323 quod
796 2238 963 2322 predictus
977 2237 1042 2301 Oto
1057 2246 1149 2302 tenet
1163 2238 1236 2301 illas
1250 2238 1332 2301 duas
1346 2260 1407 2302 acr.
1424 2247 1462 2302 et

352 2342 427 2407 dim.
444 2343 479 2406 in
494 2342 690 2407 escambium
706 2342 834 2427 capital'
851 2344 928 2406 mes'
940 2352 1001 2408 etc.
1046 2344 1123 2407 Post
1139 2343 1278 2407 ueniunt
1292 2344 1461 2409 lohannes

353 2455 387 2509 et
411 2447 556 2511 Hawisia
581 2455 615 2510 et
637 2455 756 2532 petunt
779 2447 947 2511 licenciam
969 2446 1139 2511 recedendi
1162 2448 1203 2512 de
1225 2448 1318 2512 breui
1339 2472 1398 2513 suo
1424 2458 1462 2512 et

354 2552 485 2629 habent,
504 2562 537 2616 et
559 2552 631 2616 ideo
652 2552 726 2616 inde
747 2552 816 2616 sine
840 2552 902 2628 die,
925 2560 959 2615 et
981 2552 1165 2616 Willelmus
1187 2552 1350 2637 cognoscit
1373 2552 1463 2638 quod

353 2662 445 2719 tenet
471 2663 578 2719 totum
600 2653 767 2718 residuum
792 2654 896 2718 tocius
918 2654 1063 2740 predicte
1085 2663 1169 2717 terre
1193 2677 1256 2739 que
1280 2655 1386 2739 petita
1409 2663 1463 2719 est

353 2778 465 2821 uersus
481 2780 563 2821 eum.
644 2764 645 2769 ’

296 2927 303 2941 ,
418 2860 583 2924 Johauues
599 2857 639 2922 de
656 2860 765 2945 Burgo
780 2867 814 2922 et
830 2858 976 2922 Hawisia
990 2880 1071 2922 uxor
1091 2858 1161 2922 eius
1180 2880 1239 2944 per
1257 2867 1463 2923 attornatum

282 2987 301 3017 ι
354 2963 455 3049 ipsius
479 2962 621 3026 Hawisie
648 2970 767 3047 petunt
792 2984 904 3025 uersus
927 2960 1129 3025 Willelmum
1151 2961 1192 3025 de
1219 2961 1310 3025 Bello
1336 2961 1463 3047 Campo

354 3066 534 3131 manerium
549 3066 589 3130 de
606 3066 804 3152 Brumleghs
818 3089 892 3130 cum
907 3074 987 3150 pert.
1005 3066 1091 3151 quod
1106 3066 1249 3129 clamant
1268 3086 1337 3128 esse
1357 3066 1409 3129 ins
1427 3075 1464 3130 et

354 3171 569 3236 hereditatem
585 3170 687 3256 ipsius
702 3169 846 3235 Hawisie
862 3180 896 3233 et
910 3171 946 3233 in
964 3169 1050 3255 quod
1070 3193 1135 3234 non
1158 3170 1259 3234 habet
1281 3170 1462 3257 ingressum

354 3275 416 3340 nisi
439 3298 498 3361 per
520 3276 706 3340 Gunuoram
730 3274 770 3338 de
792 3274 960 3360 Lanualay
974 3275 1137 3360 quondam
1152 3298 1286 3339 uxorem
1301 3298 1393 3339 suam
1408 3276 1464 3339 cui

354 3377 498 3441 Hawisia
516 3377 555 3441 de
577 3377 755 3461 Lamualay
770 3376 933 3462 quondam
956 3399 1038 3440 uxor
1051 3376 1209 3440 Willelmi
1231 3376 1272 3441 de
1295 3378 1467 3463 Lanualay

353 3480 434 3545 illud
449 3480 573 3545 dimisit
589 3504 651 3565 que
667 3502 732 3544 non
748 3480 809 3544 nisi
824 3479 936 3544 dotem
955 3481 1031 3545 inde
1053 3481 1169 3545 hahuit
1191 3481 1231 3545 de
1254 3481 1338 3546 dono
1360 3482 1466 3568 ipsius

336 3568 510 3648 ¹Willelmi
536 3584 697 3669 quondam
724 3584 787 3648 uiri
811 3584 863 3648 sui
888 3592 923 3648 et
948 3583 1042 3649 auie⁸
1068 3584 1171 3670 ipsius
1196 3585 1340 3649 Hawisie
1369 3587 1465 3649 cuius

353 3687 446 3751 heres
460 3688 531 3773 ipsa
545 3696 594 3751 est
610 3695 669 3751 etc.
1080 3683 1083 3687 ⁵

419 3793 462 3856 Et
483 3791 666 3855 Willelmus
690 3792 782 3855 uenit
807 3800 841 3855 et
863 3793 949 3877 petit
972 3793 1048 3857 inde
1069 3792 1186 3869 uisum,
1206 3794 1327 3857 habeat
1347 3803 1408 3860 etc.
1428 3804 1465 3859 et

354 3895 485 3960 interim
500 3906 560 3959 etc.

420 3999 597 4064 Nicholaus
613 3998 698 4063 filius
715 3999 828 4063 Sahcri
843 4000 1051 4065 athachiatus
1066 4002 1129 4065 fuit
1144 4000 1185 4065 ad
1201 4002 1464 4087 respondendum

265 4053 490 4189 m'Hugoni
505 4102 578 4166 Dod
593 4124 691 4187 quare
708 4112 838 4165 secutus
853 4111 903 4167 est
919 4104 1076 4189 placitum
1088 4104 1122 4168 in
1134 4106 1225 4169 curia
1241 4104 1247 4192 Ι
1267 4105 1466 4171 cristianita-

389 4304 486 4353 ¹Corr.
499 4320 580 4367 prium.
965 4304 1065 4356 'Corn
1094 4310 1149 4356 ιιιί.
1191 4306 1307 4356 Hnwisiu
1334 4310 1407 4356 must
1434 4310 1468 4359 be

389 4370 399 4400 ²
415 4369 465 4417 For
473 4370 516 4417 the
524 4370 617 4431 plenos
623 4371 716 4433 pertinl
726 4375 881 4421 non-tenure
935 4373 1070 4421 Williom’s
1081 4372 1146 4423 heir.
1181 4373 1226 4421 Br.
1243 4372 1261 4420 l.
1274 4374 1323 4422 323
1331 4373 1404 4433 gives
1411 4376 1469 4437 just

356 4450 397 4483 sce
408 4434 452 4481 nr.
465 4434 482 4483 l.
497 4434 578 4482 4321).
933 4436 987 4486 this
999 4437 1055 4485 wn't
1066 4437 1113 4486 but
1125 4437 1236 4486 without
1246 4437 1357 4499 naming
1365 4454 1467 4489 names.
