3342 5217
398 400 925 479 menemus,nn.1224,en
947 402 1043 467 8-u.
1205 398 1271 467 689

229 584 403 653 Jruutoies'
427 584 542 653 dicunt
571 588 658 675 quod
686 588 837 654 nesciunt
862 610 922 653 nec
947 586 1108 675 inquirere
1134 595 1269 674 possunt

160 690 253 777 quod
273 712 441 779 nunquam
463 700 549 757 esset
570 690 764 779 desponsata
782 691 825 756 ed
845 691 989 756 hostium
1010 689 1198 756 monasterii
1218 698 1271 755 set

159 802 203 859 ut
218 794 417 861 eudiuerunt
430 796 467 860 in
481 796 566 861 lecto
579 818 638 861 suo
651 795 782 862 mortali
801 796 866 860 fuit
885 796 1086 882 desponsare
1131 795 1176 860 Et
1195 794 1270 859 ideo

159 898 403 965 consideratum
424 907 475 965 est
496 900 584 987 quod
603 900 743 967 Thomas
760 908 816 967 eut
829 900 906 967 inde
921 900 1051 987 quietus
1066 906 1101 965 et
1114 897 1220 965 Alicia
1233 898 1271 965 in

158 1002 389 1071 misericordia

78 1166 89 1183 ‚
230 1108 403 1174 ¹Ricerdus
431 1108 518 1174 filius
546 1106 667 1195 Rogeri
697 1106 784 1193 petit
816 1128 931 1173 uersus
966 1108 1131 1194 Agnetem
1166 1104 1270 1170 filium

160 1210 278 1277 Brieni
299 1231 373 1278 m
394 1235 457 1279 scr.
478 1221 565 1278 terre
590 1234 666 1278 cum
690 1220 773 1298 pert
794 1211 830 1276 in
856 1212 997 1277 Beinllet
1022 1220 1061 1277 ut
1091 1212 1144 1276 ius
1172 1232 1269 1275 suum

160 1324 226 1382 etc.
240 1317 328 1384 unde
342 1317 451 1384 Adam
465 1340 548 1383 uuus
566 1340 645 1384 suus
666 1317 731 1382 fuit
752 1316 883 1382 scisitus
905 1324 944 1381 ut
965 1316 1006 1383 de
1028 1316 1120 1381 feodo
1141 1314 1268 1395 etium

61 1457 63 1462 ,
159 1428 198 1485 et
220 1420 256 1485 in
278 1421 439 1486 dominico
460 1408 608 1508 ternpore
628 1414 673 1487 E
687 1420 789 1507 Regis
809 1414 866 1485 oui
885 1420 978 1485 Dom
995 1419 1096 1506 Regis
1111 1418 1268 1504 cupiendo

61 1578 63 1585 .
159 1524 241 1589 inde
261 1525 392 1611 explete
410 1524 453 1591 ed
472 1523 654 1591 uolenciem
668 1548 696 1590 v.
712 1525 767 1591 sol
783 1533 843 1591 etc
859 1533 894 1590 et
908 1525 949 1591 de
963 1525 1033 1611 ipso
1046 1524 1087 1591 A.
1101 1521 1268 1589 descendit

159 1626 216 1692 ius
230 1634 316 1693 terre
330 1628 419 1693 illius
433 1625 560 1714 Rogero
574 1626 641 1693 filio
655 1649 714 1693 suo
728 1637 763 1693 et
777 1627 819 1693 de
836 1627 964 1714 Rogero
980 1627 1060 1693 huic
1076 1626 1214 1692 Ricurdo
1229 1632 1269 1691 ut

159 1730 231 1796 filio
245 1731 406 1797 etheredi
420 1754 487 1798 suo.

230 1837 274 1901 Et
288 1838 400 1925 Agnes
414 1837 508 1903 uenit
522 1844 557 1902 et
571 1836 716 1903 defendit
735 1837 788 1902 ius
809 1860 906 1903 suurn
927 1844 978 1902 set
999 1836 1083 1903 bene
1105 1834 1268 1923 cognoscit

61 2012 62 2017 γ
160 1939 315 2005 seisinum
341 1941 416 2005 Ade
443 1939 499 2005 aui
527 1939 587 2017 sui,
612 1949 648 2005 et
676 1940 764 2005 idem
793 1940 901 2005 Adam
930 1939 1047 2006 hebuit
1075 1938 1156 2005 duos
1185 1938 1269 2003 filios

161 2044 329 2130 Rogemm
358 2044 425 2112 scil.
454 2053 489 2110 et
517 2044 675 2109 Briunum
703 2053 831 2131 putrem
866 2044 1012 2109 eiusdem
1041 2043 1189 2131 Agnetis,
1217 2048 1270 2107 set

161 2148 311 2234 Rogerus
324 2171 390 2214 non
405 2149 592 2234 expectauit
606 2156 744 2213 mortem
758 2148 862 2234 petris
876 2146 951 2225 sui',
963 2156 997 2213 et
1012 2145 1116 2213 idem⁸
1129 2147 1269 2211 Brianus

63 2308 68 2316 .
162 2258 394 2336 postmortem
414 2251 487 2317 Ado
508 2251 647 2317 intrauit
668 2250 885 2316 hereditatem
906 2250 1009 2336 putris
1030 2250 1081 2315 sui
1103 2258 1138 2315 et
1159 2248 1269 2315 tenuit

61 2434 64 2437 .
163 2362 236 2420 tots
249 2355 321 2420 uite
334 2378 394 2421 sue
407 2363 443 2420 et
456 2356 527 2443 ipso
540 2364 614 2442 post
634 2378 710 2422 eum
729 2363 769 2422 ut
789 2356 858 2421 filia
877 2378 938 2421 sue
959 2362 994 2421 et
1014 2355 1107 2421 heres
1128 2362 1164 2419 et
1185 2354 1270 2418 bene

65 2536 69 2541 ,
162 2458 249 2544 petit
278 2458 354 2523 inde
378 2458 535 2524 iudicium
561 2459 687 2525 desicut
712 2460 867 2546 Rogems,
892 2480 951 2545 per
975 2480 1072 2546 quem
1096 2456 1184 2523 idem
1210 2456 1269 2521 Ri-

163 2562 280 2628 cordus
293 2562 421 2641 clumat,
435 2585 501 2627 non
515 2563 703 2650 expectauit
716 2572 855 2629 mortem
870 2562 1046 2649 petris-sui

214 2652 274 2731 Et
287 2665 446 2731 Ricardus
459 2665 540 2732 dicit
554 2666 640 2754 quod
654 2667 801 2753 Rogcrus
815 2674 909 2753 peter
922 2690 1001 2733 suus
1014 2690 1080 2732 non
1095 2666 1176 2731 obiit
1190 2672 1269 2731 ante

163 2787 264 2834 ouum
284 2790 381 2834 suum
399 2768 501 2833 immo
516 2769 624 2834 Adam
639 2790 722 2834 uuus
735 2790 814 2833 suus
828 2768 910 2834 obiit
925 2792 990 2833 uno
1004 2767 1058 2834 dis
1072 2774 1107 2833 et
1121 2767 1269 2853 Rogerus

71 2922 74 2927 .
163 2870 199 2936 in
217 2871 356 2936 crastino
375 2878 411 2937 et
429 2870 507 2955 inde
527 2871 621 2958 ponit
641 2894 676 2937 se
698 2892 796 2958 super
815 2870 964 2957 petrium
1009 2871 1053 2936 Et
1074 2870 1186 2959 Agnes
1207 2868 1268 2934 hoc

62 3032 72 3069 ¹:
163 2974 331 3042 defendit‘.

62 3133 109 3165 ,.,
228 3077 397 3145 ‘Werinus
417 3077 459 3144 de
481 3078 594 3144 Monte
620 3077 751 3145 Caninio
775 3077 862 3165 petit
884 3099 997 3143 uersus
1020 3074 1202 3142 Walterum
1225 3073 1266 3140 de
1344 3110 1370 3141 ω
1386 3026 1398 3105 Ι’

70 3269 73 3271 v
164 3178 375 3246 Godnrduille
392 3180 523 3246 feodum
542 3179 619 3245 dim
633 3179 749 3246 militis
762 3202 838 3245 cum
852 3187 932 3265 pert
948 3180 984 3245 in
998 3178 1148 3245 Wichem
1162 3184 1201 3243 ut
1215 3176 1268 3241 ius

62 3272 73 3283 '³
163 3305 259 3349 suum
282 3282 319 3347 in
339 3282 427 3369 quod
447 3304 513 3347 non
534 3282 634 3349 hebet
655 3280 836 3370 ingressum
858 3282 922 3347 nisi
946 3304 1005 3368 per
1026 3281 1202 3368 Hugonem
1225 3279 1269 3345 de

164 3386 313 3452 Vullibus
333 3387 391 3472 qui
412 3408 478 3451 non
499 3386 616 3451 habuit
637 3385 713 3451 inde
735 3386 798 3451 nisi
817 3386 997 3451 custodiam
1014 3408 1089 3450 cum
1103 3384 1268 3449 Willelmo

163 3493 205 3557 de
219 3491 332 3556 Monte
348 3490 479 3558 Oanisio
498 3492 596 3556 fratre
619 3490 764 3556 eiusdem
779 3491 906 3556 Werini
920 3490 1011 3557 cuius
1026 3490 1118 3556 heres
1132 3488 1202 3575 ipse
1216 3497 1268 3553 est

69 3590 73 3646 ἶ
164 3595 243 3660 dum
267 3595 332 3659 fuit
357 3594 442 3660 infru
462 3602 585 3660 etatem
608 3604 669 3661 etc.
713 3596 757 3659 Et
779 3595 945 3660 Walterus
969 3593 1101 3660 uocauit
1125 3590 1267 3657 indeed

164 3708 343 3765 warantum
358 3699 538 3765 Robertum
553 3699 658 3765 filium
672 3707 710 3765 et
721 3698 875 3764 heredem
889 3698 1040 3786 Hugonis
1053 3697 1095 3763 de
1109 3696 1266 3773 Vsllibus,

63 3799 73 3916 t
164 3802 222 3889 qui
246 3802 341 3869 uenit
362 3810 398 3867 et
423 3802 455 3867 ei
476 3802 665 3868 uerentizst
688 3811 723 3868 et
745 3802 829 3868 bene
852 3802 1015 3890 cognoscit
1039 3800 1126 3887 quod
1150 3799 1267 3864 hebuit

72 3952 76 3983 2
164 3906 344 3993 ingressum
367 3928 427 3991 per
450 3906 613 3973 Comitem
636 3906 838 3973 Willelmum
864 3906 905 3971 de
931 3903 1077 3971 Arundel
1100 3903 1266 3969 custodem

65 4082 76 4119 ,ἐ
166 4009 310 4075 eiusdem
323 4010 480 4075 Willelmi
494 4010 574 4076 dum
588 4010 676 4076 idem
690 4010 875 4076 willelmus
890 4009 954 4075 fuit
972 4008 1056 4074 infru
1069 4014 1201 4085 etatem,
1217 4015 1268 4071 set

198 4190 207 4223 ¹
223 4190 254 4242 Δ.
267 4204 303 4241 m
316 4189 346 4249 63
362 4190 394 4239 B.
405 4205 441 4242 m.
456 4190 504 4241 ed.
740 4191 825 4253 Roget
835 4188 950 4241 outlivsd
961 4188 1052 4239 Adum.

197 4254 506 4306 *Thissesmstomenn
522 4254 581 4306 thet
597 4254 630 4307 he
645 4256 690 4307 did
772 4256 864 4316 ’ideo
878 4255 908 4316 Δ,
922 4254 953 4305 Β.

74 4377 76 4382 ,
168 4319 477 4372 notoutlivshislcther.
511 4320 690 4372 semotos.
772 4321 824 4371 ‘A
845 4320 896 4384 day
917 4318 941 4370 is
962 4318 1038 4383 given
1061 4316 1102 4369 lor
1123 4316 1267 4383 judgment.

63 4377 76 4409 ²¹
168 4388 247 4450 Apul
257 4386 324 4435 from
334 4399 387 4447 my
398 4385 518 4447 question
529 4387 558 4436 ol
571 4388 691 4437 mocten-
741 4388 772 4449 A,
784 4386 817 4436 B.

64 4443 76 4466 ⁸
167 4449 694 4505 tivelsuRiohard'scouulisbsdunless
774 4448 1096 4512 ennom-une
1148 4496 1151 4503 ,

253 4566 290 4616 u.
1140 4550 1182 4611 44
