3342 5217
287 90 331 153 Et
353 88 539 154 Willelmus
562 88 656 152 uenit
679 95 715 153 et
737 87 818 153 dicit
844 88 930 174 quod
956 89 1103 153 tulerunt
1128 110 1225 174 super
1253 112 1328 153 eum

220 191 351 257 assisam
366 190 481 256 mortis
494 189 704 255 antecessoris
719 198 754 254 et
768 190 856 255 unde
871 190 971 255 assisa
991 192 1056 255 iam
1077 192 1253 257 anamiata
1269 201 1327 258 est.

221 296 264 359 Et
280 295 464 361 Willelmus
478 302 513 359 et
528 294 663 359 Juliana
677 316 712 358 se
726 294 899 359 retrahunt
919 294 960 359 de
980 294 1074 359 breui
1093 295 1149 359 illo
1169 295 1210 360 de
1230 296 1330 361 assisa

218 398 332 463 mortis
345 396 578 474 antecessoris¹,
594 404 629 461 et
643 396 717 461 ideo
732 396 795 482 ipsi
810 405 844 460 et
859 396 960 483 plegii
975 397 1027 461 sui
1046 398 1087 462 de
1107 399 1329 484 prosequendo

219 500 254 565 in
268 500 494 566 misericordia
531 500 719 580 Querantur
733 498 885 563 nomina².
932 500 976 563 Et
991 500 1083 586 sequi
1098 502 1215 566 uolunt
1229 502 1329 569 breue

219 604 261 671 de
275 605 431 692 ingressu

284 711 328 774 Et
342 710 378 775 in
393 709 533 775 crastino
550 707 658 775 uenit⁸
673 717 708 773 et
729 707 809 773 dicit
828 708 915 794 quod
935 708 1063 773 nullum
1085 708 1185 774 habet
1207 710 1329 798 ingres-

218 836 291 878 sum
320 836 379 899 per
406 813 510 898 ipsam
541 812 695 877 Basiliam
724 811 767 876 ad
792 810 979 888 terminum,
1008 810 1107 876 immo
1137 812 1218 877 dieit
1243 814 1328 898 quod

218 925 338 982 terram
353 916 443 981 illam
458 924 551 981 tenet
565 917 600 981 in
616 915 708 981 feodo
722 923 758 980 et
772 914 813 981 de
828 915 912 980 dono
925 915 1103 980 Alexandri
1115 916 1330 982 Mercennarii

219 1041 277 1105 per
290 1027 413 1083 cartam
428 1042 521 1083 suam
539 1041 638 1105 quam
658 1020 780 1104 profert
800 1026 834 1083 et
855 1041 918 1104 que
940 1018 1001 1083 hoe
1023 1026 1165 1084 testatur
1186 1031 1220 1085 et
1243 1021 1329 1086 unde

218 1120 299 1186 dicit
313 1122 400 1207 quod
413 1120 561 1207 predicta
575 1122 697 1186 Basilia
710 1120 853 1186 reddidit
875 1130 994 1186 terram
1014 1121 1104 1186 illam
1125 1122 1268 1188 Roberto
1287 1123 1328 1189 de

219 1227 286 1291 Ver
323 1226 445 1292 Comiti
482 1226 617 1301 Oxonie,
648 1235 683 1291 et
712 1226 781 1313 ipse
811 1227 1018 1312 postmodum
1047 1227 1193 1293 feoffauit
1222 1228 1328 1315 ipsum

218 1329 441 1393 Alexandrum
469 1351 529 1415 per
556 1337 678 1393 cartam
708 1352 800 1394 suam
832 1352 931 1415 quam
961 1330 1082 1416 profert
1112 1340 1147 1395 et
1176 1354 1239 1418 que
1269 1332 1328 1397 hoo

219 1440 365 1497 testatur.
412 1433 456 1497 Et
469 1433 655 1497 Alexander
674 1456 806 1519 presens
825 1440 876 1498 est
897 1441 931 1498 et
950 1433 1010 1497 hoe
1030 1440 1138 1498 totum
1157 1436 1328 1523 cognoscit.

219 1537 263 1600 Et
278 1535 355 1622 quia
369 1536 552 1602 Willelmus
566 1539 688 1623 profert
702 1547 825 1603 cartam
840 1537 881 1603 de
902 1537 1118 1617 feoffamento,
1133 1547 1168 1603 et
1188 1540 1328 1604 Alexan-

218 1635 276 1701 der
296 1638 419 1723 profert
440 1647 563 1703 eartam
584 1637 626 1703 de
648 1640 856 1704 feoffamento
880 1639 1025 1716 Comitis,
1041 1648 1075 1704 et
1090 1640 1274 1706 Willelmus
1293 1650 1328 1707 et

217 1743 352 1809 Juliana
379 1744 505 1808 nullam
534 1752 656 1808 sectam
686 1743 878 1830 producunt,
908 1743 971 1808 nisi
1003 1743 1182 1830 simplicem
1215 1767 1328 1811 uocem

217 1870 319 1927 suam,
338 1847 401 1912 nisi
420 1870 523 1912 unum
546 1856 665 1913 testem
687 1848 744 1933 qui
766 1847 866 1912 nichil
889 1847 978 1924 dicit,
996 1847 1069 1912 ideo
1091 1849 1328 1915 consideratum

218 1952 369 2039 estquod
385 1952 570 2017 Willelmus
584 1950 742 2015 Herlioun
763 1949 895 2036 quietus
912 1950 1042 2015 recedat
1057 1950 1097 2015 de
1112 1951 1172 2017 hoe
1187 1952 1280 2018 breui
1294 1961 1329 2019 et

218 2056 402 2122 Willelmus
424 2056 458 2120 in
480 2054 704 2120 misericordia
750 2054 794 2118 Et
815 2052 983 2139 perquirat
1004 2054 1067 2119 sibi
1088 2077 1146 2142 per
1167 2057 1266 2123 breue
1288 2057 1329 2123 de

218 2168 307 2225 recto
321 2160 350 2225 si
364 2160 515 2237 uoluerit,
530 2167 589 2224 etc.

159 2322 168 2338 ‚
283 2263 511 2329 ‘Ricardusde
526 2261 731 2328 Pauleshost¹⁵
751 2262 969 2327 summonitus
989 2264 1054 2328 fuit
1073 2264 1114 2329 ad
1134 2265 1328 2351 responden·
1374 2268 1460 2307 Wl²⁰¹²

218 2366 296 2431 dum
313 2367 477 2432 Willelmo
493 2366 670 2431 Kuokewel
685 2387 784 2451 quare
804 2365 972 2452 distringit
992 2389 1068 2431 eum
1085 2367 1128 2432 ad
1148 2367 1282 2432 faciend'
1298 2368 1329 2432 ei

217 2470 467 2535 eonsuetudines
491 2479 527 2533 et
546 2469 683 2534 seruicia
702 2492 765 2555 que
790 2469 830 2533 de
851 2469 920 2534 iure
942 2470 1046 2535 faeere
1066 2494 1131 2535 non
1150 2470 1249 2535 debet
1269 2493 1329 2535 neo

217 2575 310 2652 solet,
324 2581 359 2638 et
373 2574 460 2638 unde
476 2572 556 2638 dicit
571 2573 657 2659 quod
677 2596 750 2638 oum
767 2595 832 2637 non
852 2571 971 2637 debeat
992 2572 1022 2638 ei
1043 2572 1083 2638 de
1104 2571 1216 2637 eodem
1237 2578 1346 2639 tene-'

217 2686 329 2742 mento
342 2677 407 2742 nisi
419 2676 594 2741 seruicium
613 2677 806 2742 forinsecum
830 2682 991 2760 quantum
1007 2676 1150 2761 pertinet
1165 2676 1208 2740 ad
1227 2698 1327 2740 unam

218 2783 382 2870 uirgatarn
409 2792 493 2847 terre
521 2790 556 2846 et
581 2781 658 2848 dim.
683 2789 718 2846 et
744 2787 893 2867 quartam
919 2788 1045 2866 partem
1075 2780 1173 2845 unius
1201 2780 1328 2867 uirgate

217 2895 304 2951 terre
319 2908 393 2951 eum
408 2893 488 2971 pert.
504 2884 539 2948 in
555 2884 669 2948 eadem
684 2883 764 2947 uilla
781 2882 850 2969 ipse
871 2884 974 2969 exigit
994 2884 1036 2950 ab
1055 2908 1093 2949 eo
1113 2894 1147 2950 et
1162 2885 1328 2972 distringit

216 3013 293 3055 eum
319 3013 377 3077 pro
399 2987 534 3055 seruieio
560 2996 721 3074 quantum
746 2990 891 3074 pertinet
916 2990 958 3055 ad
984 2998 1050 3055 tres
1074 2990 1218 3077 uirgatae
1243 2999 1328 3056 terre

215 3096 352 3181 integre,
367 3102 402 3160 et
416 3103 564 3180 preterea
583 3094 751 3181 distringit
777 3117 854 3161 eum
873 3096 915 3161 ad
935 3094 1136 3161 reddendum
1156 3096 1187 3159 ei
1206 3118 1256 3160 xx.
1273 3096 1339 3162 sol.-

215 3198 257 3265 de
272 3198 412 3263 redditu.

283 3302 327 3365 Et
341 3299 500 3365 Ricardus
514 3300 608 3365 uenit
623 3308 658 3364 et
677 3300 758 3366 dicit
778 3302 865 3389 quod
887 3301 1015 3367 nullum
1038 3310 1264 3367 tenementum
1285 3303 1327 3370 de
1342 3316 1463 3367 Nosruod

1341 3364 1377 3403 ubi
1385 3364 1449 3405 breue

216 3429 255 3472 eo
276 3413 377 3485 tenet,
392 3413 443 3471 set
462 3428 577 3470 reuera
597 3405 733 3470 tradidit
755 3406 786 3471 ei
808 3414 843 3471 et
865 3406 1015 3472 uendidit
1038 3406 1199 3493 quandam
1223 3416 1328 3473 eusto-
1342 3412 1486 3460 ”⁰⁰¹⁰‘1ul11‘

1341 3458 1367 3497 de
1375 3458 1445 3506 aliquo
1454 3463 1482 3499 te·

216 3511 305 3577 diam
331 3508 502 3596 usquead
529 3508 707 3573 terminum
732 3509 811 3595 xiiij.
838 3532 1004 3585 annorum,
1027 3508 1113 3573 unde
1140 3510 1170 3575 ei
1196 3510 1329 3576 reddere
1341 3506 1473 3592 ffiffiffi

1342 3599 1495 3639 eonsuetudlnl-

249 3680 377 3731 ¹Basilia
388 3679 433 3730 did
443 3682 491 3730 not
502 3678 545 3729 die
556 3677 647 3728 seised.
832 3677 1058 3737 ⁵PoulealzoltA.
1342 3644 1474 3731 immffliffi.

249 3746 334 3796 ’Tlm
356 3760 449 3796 names
472 3745 501 3795 ot
528 3745 573 3794 tha
595 3743 700 3807 pledges
721 3746 750 3793 to
833 3742 930 3793 ⁶Gorr.
957 3745 1000 3791 ubi
1024 3744 1096 3791 breue
1117 3744 1147 3792 cle
1170 3744 1286 3793 emmila
1307 3738 1454 3825 etffiffl

216 3813 363 3877 promulo·
800 3808 1331 3873 eonnoetrrdinitwoonloquiturdealiqao
1441 3813 1447 3825 '

250 3875 396 3925 ⁸Willinm
406 3874 541 3925 Herlioun.
801 3881 937 3923 uaenaeato
947 3875 997 3923 eto.

251 3943 263 3975 ⁴
280 3942 328 3994 aee
339 3939 475 4004 appendix
486 3944 514 3989 to
526 3938 579 3989 this
593 3939 701 3989 volume.
