3342 5217
371 452 434 516 252
602 465 835 526 1111111111,
859 465 924 514 an.
950 452 1044 527 1220,
1066 466 1128 516 1111
1152 453 1245 515 4-5.

370 649 408 706 ut
427 639 479 705 ius
498 662 593 705 suum
612 645 723 704 11111
744 645 783 704 ut
805 636 888 703 illud
909 635 997 703 unde
1018 637 1183 724 predictus
1204 637 1361 704 Ricardus
1378 644 1476 724 pater

369 769 448 812 suus
469 745 532 811 fuit
547 744 676 810 seisitus
690 751 730 809 ut
744 743 785 808 de
801 743 893 808 feodo
907 751 943 808 et
956 743 1027 809 iure
1042 751 1077 809 et
1095 742 1131 808 in
1150 742 1311 809 dominico
1329 751 1474 828 tempore

371 849 470 938 Regis
484 849 515 917 J.
531 847 584 914 et¹
599 846 755 935 capiendo
769 846 846 913 inde
857 855 927 927 etc,
936 854 971 913 et
985 847 1068 913 obiit
1078 845 1154 912 inde
1165 846 1295 912 saisitus
1305 845 1341 910 in
1350 869 1474 934 guerra,

370 963 405 1021 et
429 955 498 1042 ipse
520 953 605 1020 sicut
626 953 863 1040 primogenitus
884 952 971 1018 filius
992 952 1033 1017 de
1055 973 1155 1018 uxore
1177 951 1370 1039 desponsata
1390 951 1475 1037 petit

370 1059 459 1124 illam
475 1066 594 1124 terram
609 1081 722 1124 uersus
737 1081 812 1123 eum
831 1065 870 1122 ut
889 1079 1003 1122 uersus
1017 1057 1149 1122 fiatrem
1170 1079 1265 1122 suum
1286 1063 1474 1142 postratum

370 1162 411 1229 de
444 1163 558 1230 eadem
587 1185 686 1229 uxore
716 1171 751 1228 et
779 1162 840 1227 hoc
869 1161 964 1228 offert
996 1161 1130 1248 probare
1159 1168 1256 1247 prout
1284 1160 1374 1226 curia
1401 1181 1476 1224 con-

370 1267 568 1336 sidemuerit

436 1374 479 1438 Et
503 1373 660 1440 Osbertus
682 1371 775 1437 uenit
800 1378 835 1437 et
858 1369 1006 1436 defendit
1027 1371 1079 1436 ius
1099 1394 1196 1436 suum
1225 1394 1312 1437 nunc
1341 1380 1376 1437 et
1396 1371 1476 1437 alias

370 1477 499 1564 quando
514 1486 548 1542 et
563 1477 620 1542 ubi
635 1476 806 1544 defendere
821 1474 964 1554 debebit,
979 1483 1013 1540 et
1027 1474 1108 1540 dicit
1122 1474 1209 1561 quod
1229 1475 1298 1562 ipse
1319 1475 1476 1541 Osbertus

370 1583 530 1650 1111111111
555 1582 789 1670 primogenitus
812 1589 848 1647 et
871 1568 1092 1667 heres'ipsius
1117 1580 1256 1667 predicti
1283 1580 1413 1645 Ricardi
1442 1590 1477 1644 et

370 1712 536 1777 nunquam
558 1688 804 1754 Bartholomeus
826 1687 891 1752 fuit
912 1687 1000 1752 filius
1020 1687 1122 1773 ipsius
1144 1684 1282 1763 Ricardi,
1297 1708 1357 1751 nec
1378 1687 1478 1752 iiater

370 1816 449 1859 suus
478 1800 536 1870 cst,
561 1815 622 1858 nec
650 1814 805 1878 umquam
830 1790 1014 1856 habebatur
1037 1813 1096 1876 pro
1121 1789 1187 1853 filio
1210 1788 1313 1874 patris
1335 1788 1396 1866 sui,
1417 1812 1478 1854 nec

371 1907 465 1986 pater
478 1921 556 1963 suus
574 1921 649 1963 eum
669 1898 810 1963 nutriuit
829 1904 870 1962 111
883 1896 988 1961 filium
1008 1917 1113 1973 suum,
1128 1917 1188 1960 nec
1206 1893 1380 1960 aduocauit
1400 1917 1477 1959 cum

371 2012 410 2067 ut
430 2003 533 2067 filium
556 2025 651 2067 suum
673 2025 733 2068 nec
754 2009 793 2066 111
813 2001 918 2065 filium
940 2023 1035 2065 suum
1058 2023 1092 2064 11
1110 1999 1195 2076 fecit,
1210 2007 1245 2065 et
1266 1999 1391 2064 desicut
1412 2022 1478 2064 non

371 2115 421 2172 est
435 2108 535 2173 fiater
548 2128 627 2170 suus
641 2113 675 2170 et
689 2112 783 2190 pater
797 2127 875 2170 suus
890 2127 966 2169 eum
981 2126 1047 2169 non
1066 2103 1240 2170 aduocauit
1259 2102 1301 2169 ad
1314 2103 1427 2181 filium,
1443 2113 1478 2168 et

372 2210 458 2275 idem
474 2209 631 2276 Osbertus
647 2217 761 2274 tenens
776 2216 826 2274 est
840 2209 934 2295 ponit
948 2231 983 2273 se
1003 2208 1039 2273 in
1059 2229 1211 2295 magnam
1231 2207 1363 2272 assisam
1383 2207 1476 2273 Dom.

372 2315 471 2402 Regis
494 2323 529 2379 et
557 2313 644 2400 petit
672 2313 927 2400 recognicionem
956 2313 1027 2378 fieri
1050 2313 1123 2400 quis
1152 2335 1263 2378 eorum
1292 2311 1397 2376 maius
1426 2312 1479 2377 ius

372 2420 492 2484 habeat
505 2418 540 2482 in
555 2417 712 2482 1111111111
726 2417 754 2482 si
768 2417 859 2482 curia
875 2417 1126 2482 considerauerit
1140 2417 1227 2504 quod
1245 2415 1345 2482 assisa
1364 2415 1477 2482 iaceat

372 2523 463 2588 Dicit
485 2522 586 2587 eciam
609 2521 695 2608 quod
716 2529 810 2607 pater
830 2543 909 2586 suus
931 2521 1040 2586 tenuit
1063 2520 1103 2586 de
1124 2518 1262 2585 Ricardo
1285 2519 1413 2585 Comite
1435 2519 1478 2584 de

374 2623 468 2691 Clare
494 2624 582 2689 illam
610 2632 729 2689 terram
759 2632 793 2689 et
822 2624 892 2710 ipse
921 2632 995 2710 post
1024 2632 1161 2689 mortem
1190 2623 1291 2710 patris
1320 2623 1372 2688 sui
1400 2624 1478 2689 fecit

374 2728 560 2815 homagium
587 2727 649 2813 ipsi
673 2727 794 2793 comiti
818 2735 853 2791 et
876 2737 990 2814 postea
1012 2729 1088 2793 huic
1112 2728 1234 2794 comiti
1259 2737 1299 2792 ut
1327 2727 1415 2792 filius
1442 2737 1479 2793 et

374 2834 467 2899 heres
486 2832 587 2919 ipsius
606 2831 744 2898 Ricardi.
788 2831 881 2897 Dicit
903 2833 1005 2898 eciam
1020 2832 1106 2920 quod
1129 2833 1293 2920 predictus
1310 2833 1478 2898 Bartholo

374 2960 466 3003 meus
490 2944 586 3002 natus
608 2937 672 3001 fuit
692 2935 728 3000 in
749 2937 907 3002 comitatu
931 2935 1083 3002 Suffolcie
1106 2945 1140 3002 et
1161 2938 1306 3002 nutritus
1326 2937 1362 3002 in
1383 2937 1479 3002 domo

375 3040 510 3107 Roberti
524 3040 565 3106 de
581 3041 675 3119 Crek,
691 3049 725 3105 et
740 3040 818 3106 ubi'
836 3041 1010 3106 tenebatur
1028 3062 1086 3127 pro
1101 3041 1199 3106 fratre
1219 3040 1320 3126 ipsius
1334 3041 1479 3118 Roberti‚

375 3155 409 3210 ct
423 3145 498 3210 inde
518 3145 611 3232 ponit
629 3168 663 3210 se
682 3167 779 3232 super
800 3146 940 3231 patriam
961 3145 1061 3222 illam,
1074 3153 1110 3208 et
1131 3143 1257 3209 desicut
1278 3167 1343 3208 non
1365 3153 1416 3210 est
1435 3145 1478 3212 de

374 3251 486 3336 stipite
509 3273 567 3316 suo
589 3273 648 3316 nec
670 3251 769 3316 frater
793 3273 880 3328 suus,
901 3251 996 3315 offert
1021 3249 1115 3316 Dom.
1143 3249 1227 3337 Regi
1256 3273 1307 3314 xx.
1336 3251 1391 3315 sol.
1422 3273 1479 3336 pro

376 3353 525 3420 habenda
545 3376 664 3442 magna
685 3354 792 3433 assisa,
814 3355 869 3419 uel
891 3376 949 3440 pro
971 3353 1121 3418 habenda
1140 3352 1248 3418 iurata
1269 3353 1373 3439 patrie
1394 3354 1479 3418 sicut

375 3461 465 3527 111111
479 3461 737 3530 considerauerit.

441 3565 485 3629 Et
507 3565 753 3629 Bartholomcus
774 3563 958 3651 dicitquod
979 3565 1049 3651 ipse
1071 3572 1122 3630 est
1142 3563 1377 3652 primogenitus
1391 3563 1479 3628 filius

376 3667 513 3754 predicti
542 3667 672 3733 Ricardi
694 3676 728 3732 et
750 3669 851 3734 frater
878 3677 929 3733 est
957 3669 1060 3755 ipsius
1089 3668 1224 3734 Roberti
1245 3669 1480 3755 primogenitus

375 3771 416 3836 dc
443 3771 555 3836 eadem
578 3795 676 3836 uxore
699 3780 733 3838 et
758 3781 856 3838 natus
879 3773 943 3838 fuit
968 3773 1003 3837 in
1029 3772 1124 3838 domo
1149 3772 1280 3838 Ricardi
1301 3773 1404 3859 patris
1427 3774 1479 3838 sui

375 3885 456 3962 aput
472 3877 704 3942 Hunesdonam
719 3876 754 3941 in
769 3877 926 3942 comitatu
945 3876 1098 3943 Suffolcie
1118 3884 1290 3963 postquam
1309 3877 1381 3962 ipsa
1400 3899 1481 3942 uxor
1540 3939 1545 3944 .

375 3979 568 4065 desponsata
589 3979 652 4044 fuit
674 3979 780 4045 eidem
802 3981 949 4058 Ricardo,
969 3988 1005 4045 et
1025 3979 1170 4045 nutritus
1192 3979 1227 4043 in
1250 3979 1362 4045 eadem
1385 3979 1480 4045 domo

375 4109 433 4172 per
469 4084 640 4150 dimidium
669 4107 801 4163 annum,
831 4095 882 4152 set
918 4095 1032 4173 postea
1060 4086 1154 4150 uenit
1183 4085 1260 4149 auia
1288 4106 1348 4150 1111
1375 4093 1482 4150 mater

376 4189 507 4256 Ricardi
529 4190 630 4275 patris
655 4190 707 4254 1111
732 4198 767 4254 11
796 4189 882 4255 dixit
909 4191 1047 4255 Ricardo
1076 4189 1163 4276 patri
1190 4211 1249 4253 suo
1277 4188 1365 4274 quod
1392 4189 1481 4254 idem

376 4294 622 4359 Bartholomeus
647 4317 711 4358 non
735 4295 799 4359 fuit
823 4295 910 4359 filius
940 4317 1018 4360 suus
1047 4303 1082 4360 et
1109 4294 1146 4358 in
1174 4301 1305 4359 tantum
1330 4303 1482 4379 procurat

605 4514 613 4547 ¹
631 4515 745 4574 01111111,
757 4517 787 4574 A,
799 4517 831 4566 B.
1086 4518 1098 4548 ²
1114 4518 1159 4578 iti,
1173 4516 1204 4574 Δ,
1213 4516 1244 4566 Β.
