3342 5217
420 464 741 528 mammillam).
765 451 860 526 1220,
881 463 945 514 aa.
969 452 1064 517 4-5.
1230 450 1294 515 249

254 636 298 701 Et
320 635 504 702 willelmus
526 643 636 701 nanal
657 642 772 722 postea
792 633 833 700 de
856 643 1002 721 tempore
1029 636 1165 702 Hearici
1187 637 1297 726 Regis,

188 740 245 828 qui
260 740 324 805 fuit
338 762 421 805 auus
435 740 490 806 aui
505 741 598 806 Dom.
614 739 722 827 Regia

254 845 299 910 Et
313 852 427 932 postea
440 844 534 910 uenit
546 843 732 930 Stephanus
748 851 782 908 et
794 843 880 930 petit
890 843 1007 910 uisum.
1045 843 1184 910 Habeat.
1217 844 1297 910 Dies

189 949 287 1016 datus
302 958 352 1015 est
366 958 426 1016 ela
1261 970 1265 976 ·
1297 969 1303 976 ·

133 1109 140 1124 .
255 1053 382 1119 ¹Assisa
406 1053 500 1118 uenit
528 1053 734 1141 recognitum
763 1052 791 1118 si
819 1052 1005 1118 Willelmus
1035 1053 1171 1118 Muchst
1199 1054 1299 1118 frater
1339 1060 1435 1101 ⁰¹³¹*-

189 1157 321 1224 Rioardi
342 1157 492 1223 Musehet
514 1158 578 1222 fuit
598 1157 729 1226 saisitus
743 1157 779 1222 in
793 1157 954 1223 dominico
967 1180 1026 1223 suo
1040 1169 1080 1222 ut
1094 1158 1135 1224 de
1150 1158 1242 1225 feodo
1257 1159 1298 1224 de

190 1262 363 1350 quinquies
384 1262 505 1350 uiginti
528 1285 587 1328 aar.
610 1271 694 1327 teme
719 1269 753 1326 et
773 1261 813 1348 vj.
836 1261 891 1326 sol
907 1261 1053 1327 redditus
1072 1283 1148 1327 cum
1166 1273 1247 1349 pem.
1262 1263 1299 1328 in

190 1367 330 1432 Ditmna
344 1375 379 1431 el
396 1366 437 1432 de
457 1374 598 1453 quatuor
616 1366 670 1432 sol
686 1365 833 1432 redditus
853 1389 928 1432 cum
947 1376 1028 1452 pem.
1043 1367 1079 1432 in
1099 1367 1298 1456 Hominges-

191 1473 281 1560 heye,
297 1481 332 1536 st
346 1472 421 1558 xvij.
437 1472 508 1537 den.
525 1471 672 1536 redditus
687 1494 761 1536 cum
777 1481 856 1557 pert.
873 1473 908 1536 in
924 1472 1097 1559 Clayheye‚
1111 1473 1164 1538 die
1180 1482 1249 1551 eta,
1264 1481 1300 1539 et

190 1576 216 1642 si
243 1583 314 1655 eta,
336 1598 434 1662 quam
456 1582 576 1640 terram
598 1583 633 1640 et
655 1598 753 1662 quem
774 1575 939 1640 redditum
963 1576 1126 1641 Hem-icus
1148 1576 1299 1642 Muaehst

190 1685 290 1743 tenea
336 1677 402 1758 Qui
424 1677 518 1742 uenit
540 1684 574 1742 ei
596 1677 783 1764 dicitquod
804 1677 874 1764 ipse
895 1686 945 1743 est
964 1677 1051 1744 filius
1070 1687 1105 1743 et
1120 1678 1213 1744 heres
1226 1701 1298 1765 pre·

190 1782 270 1848 dicti
285 1781 452 1859 Willelmi,
467 1782 553 1847 unde
568 1782 668 1846 assisa
683 1805 747 1846 non
762 1781 883 1848 debet·
896 1806 994 1870 super
1008 1806 1084 1849 eum
1099 1793 1158 1849 ela

256 1885 300 1949 Et
316 1884 472 1949 Ricardus
492 1884 572 1950 dicit
594 1884 680 1970 quod
699 1884 864 1971 predictus
883 1885 1045 1951 Hearieus
1065 1887 1235 1952 bastardus
1249 1895 1300 1952 eat

190 1999 225 2056 el
254 1990 303 2055 ita
324 1989 494 2055 bastardus
517 1989 602 2076 quod
625 1998 722 2054 natus
744 1990 808 2054 fuit
830 1999 1007 2078 antequam
1029 2001 1134 2056 mater
1154 2015 1214 2056 sua
1235 1993 1299 2057 fuit

190 2093 390 2180 desponsata

257 2198 302 2263 Et
317 2197 478 2262 Henricus
493 2197 572 2263 dicit
588 2197 675 2284 quod
690 2197 856 2285 legitimus
870 2207 921 2263 est
935 2207 970 2264 et
984 2207 1081 2263 natus
1098 2206 1172 2284 post
1186 2198 1297 2263 matri-

190 2301 344 2366 monium.
390 2302 434 2366 Et
455 2301 528 2366 ideo
551 2300 742 2366 mandalum
767 2309 816 2366 est
848 2302 1006 2388 Episcopo
1036 2302 1167 2389 Elyensi
1197 2301 1298 2388 qu0d⁸

189 2404 335 2490 inquirat
349 2403 396 2468 rei
411 2405 584 2468 ueritatem
600 2413 660 2470 etc.
676 2412 710 2468 et
725 2404 883 2469 iuratores
899 2404 975 2468 inde
989 2405 1060 2470 sine
1074 2405 1127 2470 die
1142 2413 1201 2470 ete.

189 2740 384 2808 PLACITA
395 2740 456 2804 DE
471 2739 680 2804 TERMINO
697 2739 727 2804 S.
741 2738 994 2804 MIOHAELIS
1005 2738 1137 2804 ANNO
1153 2738 1298 2804 REGNI

277 2845 412 2910 REGIS
430 2842 626 2908 HENRIOI
648 2843 759 2907 FILII
781 2842 916 2907 REGIS
936 2842 1171 2907 JOHANNIS
1192 2842 1295 2906 IIIJ0.

277 2950 333 3014 ET
355 2948 624 3015 INCIPIENTE
646 2945 732 3012 VT⁰.⁴

129 3219 135 3232 ,
254 3153 382 3218 ‘Aesim
402 3153 497 3218 uenit
522 3150 727 3240 recognitum
749 3151 822 3236 quis
844 3150 1022 3217 aduocatus
1044 3160 1188 3238 tempore
1211 3153 1298 3238 pacis
1377 3191 1417 3221 m.

188 3257 393 3344 presentauit
422 3264 481 3321 ela
506 3256 547 3320 ad
577 3254 743 3320 ecclesiam
774 3254 815 3319 de
844 3254 1005 3321 Strettona
1034 3279 1097 3342 que
1120 3266 1215 3322 uacat
1237 3267 1296 3322 etc.

189 3363 283 3428 euius
303 3361 550 3427 aduocacionem
574 3359 734 3426 Radulfus
755 3359 842 3424 filius
865 3359 1016 3425 Nieholai
1037 3361 1157 3426 clamat
1186 3384 1299 3426 uersus

190 3465 377 3530 Prioaissam
393 3464 434 3528 de
449 3464 556 3528 iliona
570 3485 632 3548 que
649 3461 741 3526 uenit
757 3471 791 3526 et
806 3461 887 3527 dicit
902 3462 989 3548 quod
1006 3462 1106 3527 assisa
1120 3485 1184 3527 non
1199 3462 1298 3528 debet

189 3568 266 3634 inde
281 3568 352 3633 fieri
367 3568 445 3655 quia
458 3569 592 3633 eeclesia
606 3568 663 3632 illa
683 3589 780 3653 quam
801 3573 897 3631 uocat
917 3566 1082 3630 eeclesiam
1105 3575 1155 3631 est
1174 3568 1299 3654 (apella

190 3684 225 3739 el
248 3696 312 3738 non
334 3679 431 3737 uacat
452 3671 530 3757 quia
548 3670 619 3756 ipsa
640 3677 674 3734 et
693 3668 849 3734 moniales
869 3676 947 3732 sunt
964 3668 1040 3733 inde
1055 3692 1188 3754 persone
1203 3681 1242 3735 ut
1256 3673 1297 3736 de

190 3778 248 3843 illa
269 3799 332 3864 que
355 3785 405 3840 est
425 3775 549 3862 capella
567 3774 732 3860 pertinens
747 3773 788 3837 ad
808 3773 975 3838 eeclesiam
989 3796 1081 3838 suam
1096 3773 1137 3838 de
1153 3775 1299 3840 Burmna

190 3889 225 3946 et
239 3880 316 3945 inde
331 3876 470 3965 profert⁶
484 3885 545 3943 ele.
559 3885 598 3941 ut
613 3877 704 3942 infra

256 3984 300 4048 Et
323 3983 401 4070 quia
421 3981 586 4048 eontentio
608 3981 671 4045 fuit
692 3981 779 4046 inter
800 3989 909 4066 partes
931 3985 1042 4044 utrum
1065 4003 1183 4046 uacans
1212 3990 1297 4046 esset

222 4166 592 4230 ¹B.m.1sd;c.m12‹1.
799 4164 1157 4226 ὓΑ.ιιι1(1;Β.ιιι.1ᾱ.
1193 4167 1296 4218 Thisis

222 4234 501 4349 :sfflmtgdm'
512 4232 543 4294 Β,
556 4231 586 4282 Ο.
767 4231 858 4346 iilis&
867 4245 1001 4294 summary
1018 4232 1047 4281 of
1064 4231 1109 4282 the
1128 4247 1187 4283 oasa
1204 4247 1234 4283 as
1251 4249 1294 4283 an·

221 4367 233 4399 ⁴
250 4317 307 4415 i'hs
317 4313 419 4414 rollplgr
430 4334 484 4412 tliis
495 4365 562 4412 term
573 4362 634 4412 here
649 4362 718 4413 ailad
787 4361 850 4438 fa
871 4361 974 4412 chariat
994 4361 1022 4410 ol
1043 4362 1122 4425 Hugh
1142 4363 1172 4412 of
1187 4364 1295 4415 Nonanl

187 4447 218 4482 as
229 4433 253 4480 Δ
264 4431 288 4480 is
298 4431 394 4479 (loram
405 4429 472 4490 Rege
483 4428 542 4477 Roll
553 4429 601 4480 No.
616 4431 643 4488 9;
660 4427 718 4477 Bis
769 4426 862 4489 bmhop
880 4428 909 4475 ol
935 4427 1071 4489 Goventry,
1099 4427 1144 4477 the
1171 4429 1246 4480 ellset
1267 4431 1294 4480 ol

187 4499 236 4550 No.
251 4499 276 4545 8.
770 4492 854 4542 which
865 4491 889 4540 is
899 4491 984 4543 stated
995 4492 1024 4541 in
1034 4493 1065 4550 Δ,
1077 4493 1108 4544 Β.
