3342 5217
364 36 427 99 550
666 43 817 101 ιιιιιιιιιι,
840 40 905 91 An.
931 24 1024 100 1225,
1048 38 1109 87 An.
1134 24 1163 86 9.

362 226 456 304 peter
472 215 574 302 ipsius
596 210 732 278 Henrici
751 210 850 275 uiuus
868 216 903 273 et
923 228 1020 272 senus
1038 214 1074 271 et
1095 226 1228 292 presens
1247 205 1282 269 in
1304 203 1395 269 curie
1416 203 1475 267 ubi

361 323 443 387 fines
456 321 505 386 illi
520 319 598 385 fecti
612 319 745 383 fuerunt
760 324 795 380 et
809 336 875 379 non
890 312 1042 399 apposuit
1056 310 1211 376 clemium
1229 326 1325 375 suum
1346 317 1380 373 et
1400 307 1475 373 ideo

362 430 448 515 petit
462 426 619 493 iudicium
634 424 662 491 si
677 424 795 490 debeat
810 421 886 487 inde
900 418 1102 507 respondere.

429 532 472 596 Et
488 530 650 596 Henricus
664 527 744 593 dicit
763 525 852 612 quod
874 546 989 591 reuera
1009 530 1182 609 postquem
1205 530 1299 607 pater
1319 542 1397 585 suus
1418 518 1476 605 qui

362 638 426 702 fuit
455 635 696 723 crucesignatus
725 631 824 697 rediit
854 630 895 695 de
924 638 1012 694 terra
1041 634 1154 693 sancto
1183 626 1247 691 fuit
1281 626 1351 711 ipse
1381 625 1476 711 quasi

362 742 486 807 stultus
515 748 549 805 et
578 739 732 805 amiserat
761 735 951 803 memoriam
981 734 1030 799 its
1060 732 1147 819 quod
1177 732 1316 797 nesciuit
1354 740 1475 796 ter-mm

363 868 473 933 regere
487 846 543 911 uel
558 844 719 910 custodire
734 843 783 907 ita
798 840 885 928 quod
899 838 1026 905 dimisit
1040 860 1076 903 se
1091 838 1131 903 de
1147 846 1234 903 terre
1247 858 1313 901 sue

429 950 473 1014 Et
501 949 668 1014 Johennes
696 947 757 1011 hoc
783 942 930 1011 defendit
959 952 994 1009 et
1019 941 1101 1007 dicit
1126 941 1214 1027 quod
1237 963 1334 1007 sunus
1363 949 1399 1004 et
1426 940 1477 1004 in-

364 1053 499 1120 columis
512 1052 654 1118 reddidit
668 1073 703 1116 se
718 1047 868 1137 religioni
883 1056 1038 1165 tempore·
1049 1046 1232 1113 interdicti¹
1253 1045 1288 1110 in
1305 1045 1428 1131 Anglia
1442 1057 1479 1109 et

363 1160 398 1224 in
413 1160 499 1224 bone
512 1157 668 1224 memorie
681 1165 716 1220 et
731 1155 788 1220 diu
804 1154 890 1219 uixit
901 1162 1015 1240 postea
1028 1152 1064 1217 in
1079 1151 1173 1218 habit
1159 1159 1197 1217 tn
1211 1150 1398 1239 religionis&

201 1280 317 1374 Jugffi
430 1264 475 1328 Et
497 1261 574 1349 quia
598 1259 763 1347 prodictus
788 1258 951 1324 Henricue
974 1256 1133 1321 concessit
1160 1256 1246 1343 quod
1275 1264 1369 1342 pater
1398 1278 1479 1321 suus

191 1337 321 1459 ᾗῇ*
283 1366 514 1467 &interfuit
537 1365 595 1429 fini
618 1364 703 1429 fecto
733 1372 767 1428 et
792 1361 892 1427 nichil
917 1359 1061 1427 ostendit
1086 1360 1172 1446 quod
1196 1360 1260 1425 fuit
1286 1361 1420 1426 demens
1441 1376 1479 1423 et

202 1419 352 1552 ἭἫ
365 1478 458 1535 extro
471 1467 659 1534 memoriam
674 1476 709 1531 et
723 1473 872 1552 preterea
886 1465 974 1551 quod
987 1463 1131 1530 reddidit
1145 1487 1179 1529 se
1194 1472 1308 1551 postes
1326 1463 1478 1552 religioni

203 1559 312 1645 ttulit
365 1572 603 1640 consideratum
625 1580 676 1636 eet
697 1570 784 1656 quod
805 1569 974 1635 Johennes
996 1578 1031 1635 et
1052 1568 1188 1635 heredes
1210 1567 1262 1635 sui
1284 1578 1420 1635 teneant
1441 1569 1480 1633 in

203 1657 287 1747 113⁰?
282 1655 343 1691 ω’
318 1654 445 1765 enpuoe
468 1676 578 1764 quiete
596 1676 641 1757 de
663 1673 808 1761 predicto
831 1673 974 1738 Henrico
996 1681 1030 1738 et
1052 1672 1227 1739 heredibus
1249 1673 1317 1739 suis
1339 1673 1374 1739 in
1404 1694 1479 1760 per-

366 1789 504 1868 petuum
519 1788 553 1845 et
569 1778 730 1844 Henricus
744 1778 778 1843 in
795 1776 1017 1843 misericordie

243 1882 316 1950 717.
432 1883 627 1951 ’Gilihertus
638 1883 678 1948 de
688 1881 860 1948 Eldeneie⁴
872 1881 1072 1947 attachiatus
1081 1882 1145 1947 fuit
1160 1882 1203 1948 nd
1216 1882 1479 1969 respondendum

244 1984 313 2023 *Μ
367 1988 487 2055 Felicio
516 1987 642 2054 custodi
670 1986 774 2051 Merie
804 1985 844 2051 de
874 1984 1039 2051 Mandona
1065 2009 1163 2073 quere
1190 1985 1267 2052 fecit
1289 1996 1421 2052 uastum
1444 1996 1482 2053 et

367 2093 502 2158 exilium
516 2091 557 2157 de
572 2090 721 2156 domibus
741 2090 844 2177 ipsius
865 2089 967 2155 Mulie
990 2112 1071 2175 quas
1093 2090 1194 2156 hebet
1216 2092 1250 2156 in
1272 2072 1422 2157 custodie
1440 2115 1481 2157 eo

239 2204 281 2253 11⁰⁴
289 2202 331 2264 *1,
366 2196 454 2282 quod
468 2195 633 2261 Walterus
648 2194 689 2259 de
705 2194 863 2259 Eldenein
877 2202 971 2281 puter
988 2194 1091 2280 ipsius
1112 2194 1117 2282 Ι
1136 2195 1238 2261 Murie
1259 2198 1368 2262 tenuit
1383 2197 1424 2262 de
1440 2220 1481 2262 eo

366 2324 424 2387 per
438 2300 611 2367 seruicinm
627 2299 768 2364 militare
782 2306 822 2363 ut
837 2298 918 2364 dicit
933 2306 1002 2375 etc,
1018 2297 1105 2363 unde
1126 2299 1239 2365 eudem
1261 2301 1385 2367 Felicia
1398 2301 1481 2367 dicit

367 2405 453 2491 quod
467 2405 537 2491 ipse
552 2402 702 2470 uendidit
713 2403 736 2489 j.
753 2403 863 2467 aulem
883 2410 917 2467 et
934 2403 958 2489 j.
976 2403 1148 2489 coquinam
1163 2414 1197 2470 et
1215 2406 1241 2492 j.
1256 2406 1423 2472 honoriam
1444 2418 1480 2471 et

362 2508 386 2595 j.
402 2510 549 2574 horream
569 2518 605 2574 et
624 2518 773 2594 preterea
794 2506 853 2572 uhi
876 2516 962 2571 terre
983 2530 1043 2573 sua
1063 2508 1150 2574 iacet
1171 2510 1257 2575 inter
1279 2511 1480 2577 dominicum

367 2613 469 2699 ipsius
487 2612 639 2679 Giliherti
662 2610 749 2676 idem
774 2610 954 2676 Gilihertus
970 2611 1018 2677 'ed
1040 2612 1354 2680 exhereditacionem
1378 2617 1482 2703 ipsius

369 2717 471 2783 Mario
486 2717 593 2782 ereuit
612 2716 760 2803 etfregit
780 2716 903 2782 diuisos
923 2724 1008 2782 terre
1032 2718 1135 2803 ipsius
1154 2719 1256 2787 Marie
1272 2729 1307 2786 et
1327 2722 1414 2808 quod
1432 2723 1482 2787 ite

318 2847 322 2854 ²
368 2821 413 2887 sit
426 2821 575 2907 producit
590 2829 719 2886 sectum.

287 2952 307 2980 m
331 2952 342 2980 e
433 2927 478 2991 Et
499 2926 677 2993 Gilihertus
699 2925 792 2990 uenit
813 2933 848 2990 et
871 2924 1019 2991 defendit
1041 2935 1172 2993 uastum
1196 2937 1230 2993 et
1252 2928 1478 2995 uendicionom

265 3018 271 3027 ’
368 3030 536 3095 domorum
566 3041 600 3094 et
629 3030 809 3095 eracionem
840 3028 1019 3095 diuisurum
1049 3040 1084 3095 et
1114 3040 1221 3095 totum
1251 3031 1293 3095 de
1317 3034 1419 3099 uerbo
1444 3034 1478 3098 in

368 3134 505 3199 uerbum
521 3142 555 3197 et
569 3132 662 3218 ponit
677 3155 711 3197 se
726 3132 802 3196 inde
817 3133 852 3196 in
872 3132 1013 3197 iuratum
1036 3141 1070 3197 et
1089 3132 1212 3198 Felicia
1231 3133 1388 3201 similiter.
1435 3136 1479 3201 Et

367 3237 441 3303 ideo
455 3237 514 3303 fiet
528 3236 604 3303 inde
618 3236 727 3301 iurata
741 3244 775 3301 et
790 3236 905 3302 ueniat
918 3260 1025 3303 coram
1040 3237 1228 3303 iusticieriis
1238 3261 1313 3304 cum
1325 3239 1360 3304 in
1370 3248 1478 3326 partes

367 3343 440 3407 illas
457 3341 609 3407 uenerint
626 3341 731 3427 primo
753 3341 795 3407 od
817 3342 932 3408 assises
952 3365 1037 3409 noue
1061 3342 1230 3410 disseisine
1248 3343 1424 3431 capiendus
1445 3356 1478 3408 et

368 3445 410 3512 ad
432 3446 542 3532 gaoles
567 3453 626 3511 etc.
651 3445 694 3511 ad
716 3447 1008 3534 recognoscendum
1040 3448 1125 3536 quod
1155 3458 1285 3515 uastum
1315 3458 1351 3515 et
1380 3471 1476 3536 quam

324 3628 328 3635 ¹
369 3551 624 3617 destruccionem
657 3551 743 3616 idem
781 3552 962 3619 Gilihertus
992 3554 1069 3619 fecit
1105 3555 1146 3620 de
1182 3550 1348 3619 domibus⁵
1385 3552 1477 3617 terris

369 3654 513 3722 eiusdem
529 3653 641 3731 Maris,
657 3654 743 3720 unde
759 3655 882 3723 Felicia
896 3664 1003 3723 mater
1016 3656 1163 3724 eiusdem
1178 3656 1281 3723 Merie
1296 3656 1377 3723 dicit
1393 3654 1477 3743 quod

368 3762 437 3848 ipse
453 3760 602 3826 uendidit
616 3759 672 3846 iiij.
687 3759 798 3825 domos
813 3770 873 3827 etc.
890 3770 926 3827 et
943 3762 1030 3849 quod
1050 3762 1157 3829 erouit
1178 3769 1212 3827 et
1234 3760 1333 3849 fregit
1357 3759 1476 3827 diuisus

401 3943 491 3994 ¹23rd
502 3944 592 3995 March
606 3946 677 3996 1206.
981 3950 991 3982 ³
1007 3950 1037 3998 A.
1051 3964 1087 3997 m.
1100 3952 1127 4008 5;
1145 3950 1176 3998 B.
1188 3964 1224 3998 m.
1237 3948 1288 3998 ed

401 4009 898 4088 ¹Bhesnotthelollowingindgment
981 4016 1109 4064 ⁴nrh'lte
1070 4017 1136 4075 ιιιιιι,
1151 4017 1186 4075 A;
1203 4016 1333 4079 Elteneye,
1348 4014 1379 4064 B.

369 4075 473 4127 which
464 4090 488 4125 rs
498 4074 638 4142 posteoript
649 4076 717 4127 inA.
982 4080 992 4112 ⁵
1010 4080 1108 4146 supply
1119 4088 1151 4145 et,
1167 4083 1197 4130 A.
1209 4078 1240 4130 B.
