3342 5217
342 420 382 482 56
571 431 891 494 mensunusum.
917 420 1010 494 1219,
1031 433 1095 482 su
1119 420 1213 482 3-4.
1277 381 1280 386 Ι

337 599 522 666 166616166116
555 601 784 667 itinerantibus
818 603 904 667 inter
938 603 1140 668 Willelmum
1173 603 1278 667 filium
1308 600 1445 666 Walteri

173 714 322 800 {mm
338 713 527 788 querentem
539 713 573 768 et
582 705 724 768 Alanum
739 705 844 769 lilium
854 705 877 769 J
878 705 1013 770 ohannis
1023 713 1191 770 tenentem
1202 705 1243 770 de
1259 711 1445 769 tenemento

175 807 322 896 :mm
338 805 372 869 in
388 805 529 871 Forhod¹
545 807 734 871 summoniti
753 807 795 871 ad
815 807 1059 872 certificandum
1079 807 1271 871 iusticiarios
1285 807 1326 870 (16
1340 828 1443 870 soom

338 917 448 974 mento
468 932 526 974 suo
546 911 632 995 quod
651 910 798 974 fecerunt
818 910 905 975 unde
925 910 1013 975 idem
1027 911 1211 975 Willelmus
1231 919 1365 996 questus
1380 908 1444 972 fuit

338 1010 424 1095 qnod
447 1011 564 1075 falsum
588 1013 734 1077 fecerunt
753 1022 1000 1090 sacramentum,
1015 1012 1155 1077 ueniunt
1175 1022 1209 1077 66
1229 1013 1343 1078 dicunt
1357 1010 1444 1097 quod

337 1112 424 1178 idem
452 1114 634 1179 Willelmns
663 1116 789 1179 nullum
815 1115 932 1180 habuit
958 1115 1096 1180 liberum
1120 1125 1344 1180 tenementum
1368 1115 1445 1201 quis

338 1217 407 1301 ipse
433 1217 574 1282 uillanus
600 1218 663 1283 fuit
689 1228 723 1283 et
749 1219 826 1283 fecit
848 1219 1033 1284 omnimoda
1054 1219 1261 1307 uilenenegic
1281 1220 1359 1305 quis
1380 1242 1444 1283 non
1531 1277 1535 1284 .

338 1319 447 1405 potuit
456 1320 561 1385 filiam
576 1343 668 1386 66616
683 1323 834 1388 1116116666
849 1345 909 1388 666
924 1324 1041 1388 bouem
1056 1347 1152 1388 suum
1167 1323 1308 1388 uendere
1323 1333 1358 1387 et
1371 1322 1445 1387 ideo

339 1423 522 1490 Willelmus
537 1425 636 1490 nichil
652 1427 759 1512 capiet
773 1449 832 1512 per
847 1426 930 1492 6666
947 1427 1213 1492 certificccionem
1233 1437 1268 1493 66
1288 1428 1444 1492 iuratores

338 1526 414 1591 inde
429 1527 498 1591 sine
513 1527 573 1592 die.

403 1630 509 1696 'Prior
542 1632 595 1697 del
629 1634 715 1698 Acrs
748 1635 931 1698 6666616666
965 1634 1029 1698 1616
1064 1635 1106 1699 ed
1138 1657 1206 1699 6666
1235 1655 1444 1719 responsurus

242 1725 254 1753 ⁰
338 1735 482 1800 Woltero
504 1735 545 1800 (16
561 1735 761 1802 (66666666
782 1760 882 1823 quare
903 1749 1035 1803 6666666
1055 1748 1105 1804 661
1124 1739 1282 1824 placitum
1301 1737 1445 1803 incuria

337 1839 559 1904 cristianitatis
573 1839 614 1904 de
629 1840 843 1906 eduocecione
857 1842 1064 1906 ecclesiarum
1081 1842 1122 1906 de
1143 1841 1390 1906 Folmodestons
1410 1849 1445 1906 et

337 1942 377 2007 de
404 1943 603 2010 Orokestons
624 1953 735 2010 666666
756 1945 1010 2031 prohibicionem
1035 1946 1135 2033 Regis
1161 1955 1220 2011 etc.
1243 1946 1330 2010 unde
1355 1945 1443 2010 idem

337 2044 502 2110 Walterus
522 2046 664 2111 ostendit
684 2046 770 2132 quod
793 2069 852 2133 per
870 2047 979 2133 ipsum
993 2047 1136 2112 Priorem
1151 2045 1251 2113 66666
1265 2047 1443 2134 dampnum

338 2147 380 2212 ed
395 2148 574 2212 6616661661
590 2171 617 2213 x.
634 2172 674 2214 m.
691 2157 750 2216 eto.
766 2158 801 2214 66
815 2150 892 2215 inde
907 2150 1056 2235 producit
1070 2159 1199 2215 6666661

404 2250 447 2314 Ε6
462 2250 552 2314 Prior
571 2251 664 2316 uenit
684 2261 718 2316 et
737 2252 885 2317 defendit
904 2251 991 2338 quod
1013 2275 1180 2338 nunquam
1204 2262 1278 2338 post
1300 2253 1442 2339 prohibi·

337 2351 461 2416 cionem
487 2353 577 2417 illem
602 2355 701 2419 666616
724 2377 800 2420 eum
826 2355 861 2420 in
884 2355 1041 2441 placitum
1065 2365 1124 2421 etc.
1149 2365 1185 2421 et
1206 2356 1282 2420 inde
1306 2357 1443 2441 protulit

337 2454 447 2519 literas
476 2455 620 2526 iudicum
649 2479 781 2522 suorum
811 2457 1024 2522 testificantes
1053 2458 1140 2543 quod
1161 2458 1224 2543 ipsi
1253 2458 1443 2523 detulerunt

336 2559 526 2623 mandatum
550 2559 673 2626 domini
697 2561 796 2648 Regis
819 2584 879 2626 nec
902 2561 1026 2647 aliquid
1047 2561 1124 2626 inde
1144 2562 1263 2628 1661661
1282 2562 1353 2628 6166
1370 2585 1442 2649 pre-

335 2667 430 2744 cepto
445 2659 568 2726 domini
583 2661 689 2749 Regis.

269 2829 275 2842 ,
400 2763 599 2830 lWillelmus
622 2766 663 2831 de
687 2765 866 2832 Wsledona
888 2776 923 2831 66
946 2767 1072 2853 osmpio
1094 2789 1172 2833 suus
1195 2769 1385 2853 optulerunt
1408 2791 1442 2833 se

336 2876 451 2952 quarto
474 2868 527 2932 die
548 2891 660 2934 uersus
675 2869 796 2934 milites
811 2871 985 2935 comitatus
1001 2871 1152 2936 Sussexie
1166 2872 1208 2936 de
1223 2871 1342 2957 placito
1357 2872 1443 2958 quod

336 2986 442 3040 essent
471 2977 615 3042 audituri
645 2978 801 3043 iudicium
831 3001 927 3042 suum
957 2978 999 3042 de
1027 2978 1136 3043 duello
1165 2977 1298 3042 uediato
1331 2987 1442 3041 utrum

335 3081 467 3146 deberet
490 3083 660 3168 procedere
684 3105 784 3148 necne
805 3092 864 3148 666
881 3092 916 3148 61
935 3083 1056 3147 milites
1075 3105 1141 3146 non
1155 3091 1317 3147 uenerunt
1332 3091 1391 3147 etc
1407 3091 1442 3146 66

333 3185 519 3250 habuerunt
538 3185 625 3250 diem
645 3186 680 3250 in
703 3186 805 3250 banco
827 3209 848 3251 6
869 3187 923 3251 (116
946 3188 977 3252 S.
1000 3186 1073 3252 Joh.
1098 3187 1133 3251 in
1155 3196 1222 3251 tres
1243 3185 1441 3271 septimanas

335 3295 394 3352 666
418 3296 452 3352 66
473 3288 546 3352 ideo
566 3287 662 3354 datus
682 3297 732 3352 est
752 3289 874 3354 eisdem
893 3289 1058 3354 Willelmo
1078 3299 1112 3355 66
1135 3289 1296 3375 campioni
1319 3311 1378 3353 suo
1400 3289 1442 3353 de

335 3393 495 3458 audiendo
512 3394 644 3477 [iudicio
657 3395 744 3478 666]1
758 3394 798 3458 (16
813 3394 872 3459 1116
885 3395 1007 3460 (1616166
1020 3395 1055 3460 16
1069 3395 1209 3460 crastino
1224 3393 1256 3459 S.
1273 3393 1430 3458 Martini⁷.

400 3495 598 3561 ⁸Willelmus
621 3496 661 3561 de
686 3496 814 3562 Bntter’
840 3507 875 3562 et
899 3499 1001 3563 Lucia
1020 3521 1101 3562 uxor
1120 3497 1190 3562 eius
1206 3520 1269 3583 que
1283 3497 1348 3561 fuit
1361 3519 1443 3561 uxor

369 3665 376 3696 ¹
395 3667 528 3728 1661166.
945 3669 957 3700 ⁴
974 3671 1106 3729 (16666661,
1119 3668 1150 3716 Β.

335 3747 342 3765 ·
368 3729 379 3761 ²
395 3730 450 3780 The
460 3746 563 3795 process
573 3733 602 3782 61
611 3735 759 3796 certificatio
767 3733 791 3782 is
801 3734 863 3783 6666
945 3734 956 3765 ⁵
972 3734 1002 3782 Δ.
1014 3748 1050 3782 m.
1064 3735 1108 3791 123
1125 3732 1156 3781 B.
1168 3747 1204 3781 m.
1218 3733 1257 3781 10.

336 3795 398 3844 used
409 3799 437 3846 16
448 3797 541 3859 charge
553 3797 598 3847 the
613 3798 771 3860 recognitors
786 3799 814 3848 61
827 3814 863 3848 66
945 3798 956 3830 ⁶
972 3800 1003 3856 A,
1015 3799 1045 3848 Β.

335 3859 418 3910 666166
435 3861 498 3910 with
516 3877 532 3912 6
550 3863 614 3912 16166
634 3862 705 3913 ooth.
742 3863 797 3913 The
816 3879 862 3913 611-
944 3863 1439 3924 716116661616666116661661661661

336 3929 441 3975 11616166
458 3927 547 3976 thinks
561 3928 615 3978 this
632 3928 805 3990 note-worthy
821 3929 862 3978 be·
912 3931 1043 3978 cmnttotus
1054 3931 1083 3976 16
1095 3928 1218 3986 666661,
1228 3927 1259 3978 B.
1287 3927 1358 3976 Both
1366 3927 1440 3976 Rolls

335 4005 411 4039 66666
425 3991 469 4040 the
480 3992 804 4056 certrflcatioisgenerclly
814 3992 862 4042 661
912 3993 978 4042 heve
1000 4008 1016 4043 6
1038 3992 1166 4055 marginal
1186 3996 1248 4041 note
1268 3991 1353 4041 which
1371 3991 1403 4054 is,
1425 3992 1439 4041 I

335 4069 454 4105 6616666
465 4057 493 4105 61
502 4057 656 4120 compelling
665 4058 822 4121 recognitors
834 4062 862 4107 16
913 4057 998 4115 think.
1010 4073 1084 4120 quere
1094 4058 1223 4108 recordum
1233 4059 1263 4106 dc
1273 4060 1373 4106 itinere.

335 4119 439 4182 explain
462 4121 607 4172 sdubious
625 4122 734 4180 sardion
760 4123 783 4171 11
800 4123 863 4184 they
945 4121 1003 4171 ⁸A.
1015 4137 1051 4171 m.
1065 4124 1109 4182 12;
1126 4124 1157 4172 Β.
1169 4138 1205 4172 m.
1218 4124 1258 4173 10.
1292 4122 1356 4172 This
1374 4136 1440 4184 page

334 4199 379 4234 666
395 4188 423 4234 16
441 4183 472 4233 be
486 4184 596 4248 charged
611 4187 673 4236 with
688 4202 704 4236 6
720 4188 784 4237 16166
798 4189 862 4237 6616
912 4187 941 4236 61
957 4187 1002 4238 166
1016 4192 1079 4237 note
1095 4188 1169 4245 book,
1185 4187 1270 4236 which
1284 4187 1307 4236 is
1321 4203 1380 4237 now
1395 4187 1440 4236 the

335 4249 379 4327 the
393 4250 500 4328 'regular
518 4265 620 4314 process
639 4251 662 4300 is
681 4253 786 4311 6116166,
806 4269 862 4302 666·
912 4252 1014 4302 outside
1033 4254 1063 4304 61
1082 4252 1127 4302 166
1146 4253 1204 4301 first
1220 4251 1343 4326 (must
1361 4252 1440 4314 bsdly

333 4323 423 4428 uliud..
442 4395 477 4429 m.
497 4381 527 4429 11
547 4379 585 4438 d.;
607 4379 637 4428 B.
653 4396 689 4429 m.
705 4382 737 4432 10
752 4381 777 4430 (1.
810 4382 863 4432 For
912 4317 1038 4445 iddirlieild
1040 4316 1228 4432 1666111161οῩ
1239 4315 1353 4378 mmml
1375 4317 1439 4378 lm

334 4459 405 4494 more
416 4445 444 4495 61
454 4445 507 4498 this
516 4445 619 4510 disputo
630 4461 671 4496 666
682 4446 746 4496 Osse
759 4447 813 4496 111.
