3342 5217
339 364 404 427 486
549 378 785 439 nummus,
806 377 873 425 nu.
896 364 991 439 1231,
1012 377 1077 426 nn
1100 364 1236 426 15-16.

405 550 449 615 Et
470 549 631 615 Rcdulfus
654 548 747 613 uenit
771 557 807 613 et
830 547 977 613 defendit
1001 548 1055 612 ius
1075 569 1172 612 cuum
1196 569 1284 612 nuno
1307 545 1449 611 etudine

342 654 399 719 ubi
419 664 454 719 et
469 653 618 740 quaudo¹
641 662 675 718 et
698 651 881 737 dicitquod
902 675 968 716 non
988 651 1088 716 debet
1109 652 1142 715 ei
1162 650 1353 737 respondem
1368 650 1450 735 quin

340 756 440 821 nichil
461 757 540 821 iuris
554 755 748 821 descendere
763 764 872 840 potest
891 755 924 819 ei
942 776 1003 840 per
1021 752 1205 840 predictum
1218 751 1448 817 Punehurdum

340 860 418 946 quia
432 859 595 924 Robertus
609 868 703 944 puter
717 858 812 921 istius
827 857 914 943 Fruy
923 857 1066 922 reddidit
1079 866 1115 922 et
1129 857 1277 943 quietum
1290 855 1449 921 clamauit

340 964 397 1030 isti
418 964 560 1029 Rudulfo
582 974 689 1029 totum
712 964 764 1029 ius
781 962 868 1049 quod
889 962 1007 1027 habuit
1027 962 1064 1026 in
1084 961 1190 1026 tribus
1208 961 1289 1047 uirg.
1304 970 1391 1026 terre
1412 960 1448 1025 in

342 1068 573 1135 Sukudintonn
593 1090 652 1154 pro
673 1091 739 1133 uno
760 1068 927 1155 mesuagio
948 1075 984 1132 et
1004 1067 1063 1153 iiij.
1083 1078 1146 1132 ncr'.
1168 1076 1255 1131 terre
1275 1066 1311 1131 in
1331 1065 1447 1131 ecdem

342 1173 423 1238 uilla
436 1196 494 1259 per
508 1184 631 1238 curtam
648 1196 740 1239 sunm
754 1196 855 1259 quam
868 1174 991 1257 profert
1005 1182 1039 1237 et
1054 1194 1118 1258 que
1131 1171 1192 1235 hoc
1206 1178 1348 1235 testatur
1354 1168 1373 1234 ¹.

408 1274 451 1338 Et
480 1275 566 1361 Fray
592 1274 685 1339 uenit
713 1284 748 1339 et
777 1274 924 1340 defendit
951 1282 1074 1339 curtum
1104 1282 1139 1337 et
1167 1273 1256 1359 quod
1282 1270 1449 1358 predictus

341 1377 504 1443 Robertus
525 1400 693 1463 nunquam
715 1386 839 1442 curtam
861 1378 952 1442 illum
977 1377 1009 1442 ei
1034 1377 1112 1442 fecit
1136 1384 1172 1441 et
1195 1375 1273 1441 inde
1297 1374 1390 1461 ponit
1414 1396 1449 1438 se

342 1504 440 1567 super
469 1483 608 1568 putrium
638 1491 673 1547 et
702 1491 803 1547 testes
832 1483 1016 1547 nominatos
1043 1482 1078 1546 iu
1107 1490 1205 1559 mrtc,
1225 1488 1261 1545 et
1289 1479 1451 1544 Rndulfuc

341 1585 500 1662 similiter,
514 1595 549 1651 et
563 1586 644 1651 dicit
656 1586 668 1619 ⁸
681 1587 770 1672 quod
788 1587 916 1651 nullum
935 1586 1132 1651 escambium
1151 1595 1245 1650 tenet
1258 1606 1316 1671 pro
1334 1582 1449 1648 ecdem

342 1698 436 1754 terra
481 1689 525 1753 Et
546 1688 620 1755 ideo
641 1700 832 1777 preceptum
851 1699 903 1755 est
922 1690 1106 1755 uicecomiti
1119 1689 1206 1775 quod
1223 1688 1335 1753 uenire
1348 1686 1448 1751 faciat

342 1793 408 1879 viij.
420 1802 489 1857 turn
500 1794 622 1858 militm
630 1804 690 1859 etc.
702 1802 736 1858 et
747 1802 895 1880 pretereo
904 1804 1007 1859 testes
1014 1794 1196 1859 nominatos
1205 1794 1242 1859 in
1251 1801 1341 1859 curte
1349 1813 1447 1879 quum

341 1896 429 1962 idem
444 1896 606 1963 Rudulsus
625 1898 746 1983 profert
761 1898 821 1963 sub
836 1898 967 1963 nomine
980 1898 1118 1986 predicti
1132 1898 1269 1963 Roberti
1283 1897 1325 1962 ud
1338 1918 1449 1981 recog-

341 1999 540 2065 noscendum
562 2023 663 2086 super
682 2010 921 2066 sacramentum
942 2025 1037 2066 suum
1059 2002 1088 2066 si
1109 2001 1273 2087 predictus
1286 2000 1453 2065 Robertus

341 2104 467 2167 remisit
481 2112 516 2167 et
528 2104 678 2189 quietum
692 2104 848 2169 clnmeuit
861 2104 969 2169 eidem
983 2104 1124 2170 Radulfo
1137 2113 1204 2169 tres
1218 2104 1299 2191 uirg.
1310 2126 1369 2190 pro
1383 2126 1449 2167 uno

342 2320 378 2376 et
406 2312 435 2376 si
463 2311 629 2397 predictus
658 2312 744 2399 Frny
774 2312 899 2399 aliquid
924 2322 1037 2378 teneat
1064 2313 1106 2378 de
1134 2313 1300 2401 mesuagio
1328 2312 1385 2377 illo
1414 2321 1450 2377 et

343 2415 497 2501 predictis
519 2416 575 2502 iiij.
598 2439 658 2482 acr.
684 2440 740 2504 pro
762 2418 909 2503 predicto
929 2418 1043 2505 quieto
1062 2418 1240 2484 clemencie
1259 2426 1295 2483 et
1315 2416 1448 2483 interim

343 2540 377 2583 se
392 2518 441 2583 ite
455 2528 515 2584 etc.

409 2623 453 2687 Et
476 2622 517 2689 dc
540 2632 611 2689 toto
632 2611 760 2689 residuo
781 2632 868 2689 terre
891 2633 926 2689 et
954 2625 1042 2690 bosci
1066 2647 1164 2712 quem
1192 2625 1263 2711 ipse
1291 2634 1385 2690 tenet
1415 2635 1450 2690 et

343 2725 384 2790 dc
399 2734 487 2791 terra
500 2750 598 2813 quam
613 2728 682 2813 ipse
698 2728 1085 2795 warentizauit'omnibuc
1104 2728 1297 2816 supradictis
1311 2738 1451 2815 exceptu

343 2828 418 2894 dim
435 2829 516 2917 uirg.
532 2838 617 2895 terre
632 2854 730 2916 quam
746 2831 909 2897 Henricus
923 2832 1030 2898 Faber
1043 2841 1136 2897 tenet
1143 2831 1161 2897 ⁴.
1181 2832 1187 2920 Ι

409 2934 453 2998 Et
468 2934 627 2999 Redulfus
642 2936 735 3000 uenit
750 2944 784 2999 et
799 2935 946 3001 defendit
960 2937 1012 3001 ius
1027 2936 1128 3022 ipsius
1142 2937 1228 3022 Fruy
1241 2944 1277 3001 et
1295 2936 1447 3002 seisincm

342 3036 481 3122 predicti
496 3037 680 3102 Punchardi
695 3047 729 3103 et
745 3046 853 3103 totum
867 3039 926 3104 ubi
939 3048 975 3104 et
989 3039 1190 3125 quandoper
1206 3062 1321 3125 corpus
1340 3040 1451 3105 cuius·

342 3136 418 3202 dnm
434 3137 528 3204 liberi
542 3138 682 3204 hominis
701 3140 753 3205 sui
767 3139 906 3205 Galfridi
925 3140 966 3205 de
981 3140 1182 3228 Lnngeduna
1194 3141 1252 3226 qui
1273 3141 1335 3206 hoc
1353 3142 1450 3207 offert

341 3241 514 3307 defendere
529 3264 588 3328 per
600 3265 716 3328 corpus
730 3265 826 3308 suum
841 3242 927 3308 sicut
941 3243 1031 3309 omia
1044 3243 1302 3312 consider-cuerit.

407 3344 452 3409 Et
467 3344 552 3431 Fray
566 3343 646 3410 dicit
660 3345 747 3430 quod
761 3346 926 3431 predictus
941 3347 1151 3413 Prmchnrdus
1169 3347 1219 3413 itu
1232 3348 1296 3413 fuit
1317 3347 1449 3413 seisituc

342 3456 377 3513 et
399 3447 485 3534 quod
511 3449 577 3513 tulc
607 3449 650 3515 sit
679 3450 731 3515 ius
760 3473 856 3515 suum
886 3450 981 3515 offert
1009 3451 1221 3516 din-acionnrc
1244 3474 1305 3538 per
1332 3474 1449 3537 corpus

341 3551 510 3617 cuiusdam
534 3552 628 3618 liberi
655 3553 794 3619 hominis
816 3554 868 3619 sui
889 3555 1049 3620 Johunuis
1069 3555 1129 3619 filii
1150 3556 1287 3621 Roberti
1307 3556 1365 3641 qui
1387 3556 1448 3621 hoc

342 3655 437 3720 offert
451 3656 664 3723 dismcionare
683 3682 876 3745 percorpus
896 3682 992 3724 suum
1012 3660 1097 3725 sicut
1111 3660 1153 3725 de
1167 3660 1257 3725 iussu
1272 3661 1375 3747 putris
1395 3662 1450 3735 sui

341 3760 396 3824 uel
410 3782 469 3846 per
483 3759 583 3826 ulium
599 3762 656 3848 qui
671 3763 730 3827 hoc
747 3764 851 3829 facere
865 3764 967 3850 possit
981 3773 1016 3829 et
1030 3764 1157 3830 debeat.

407 3862 451 3926 Et
473 3862 633 3929 Rodulfus
654 3864 740 3951 petit
761 3865 918 3931 iudicium
941 3866 1068 3934 decicut
1092 3866 1180 3933 idem
1205 3866 1373 3933 Johcuncc
1397 3878 1451 3933 est

374 4062 383 4096 ¹
402 4064 502 4129 Supply
513 4066 643 4141 defendere
655 4069 761 4118 debebit.
920 4070 1005 4121 which
1012 4072 1111 4122 follows
1116 4075 1188 4123 murt
1193 4072 1449 4125 fcrmoneccntencc

374 4128 590 4181 ’Adislocctron
605 4146 695 4182 occurs
711 4133 780 4183 herc.
814 4135 871 4185 The
920 4137 956 4185 Ar
973 4140 1000 4186 to
1018 4136 1064 4187 the
1084 4136 1194 4201 residue,
1218 4137 1294 4187 other
1315 4138 1381 4188 thnn
1404 4144 1450 4190 tnc

342 4194 443 4259 copyist
454 4195 502 4245 hcc
513 4196 618 4246 triedto
630 4202 789 4249 setmctterr
800 4200 870 4263 right
920 4201 992 4252 three
1014 4203 1126 4265 virgutcs
1148 4202 1202 4252 und
1223 4202 1316 4266 Heury
1339 4203 1451 4255 flmith’r

340 4258 458 4375 *diff
469 4260 867 4376 fflhtfij?v⁰medt⁰r⁰u⁰w'
918 4268 1164 4384 1έιοῐιίειιιειιιὴξίιιῑρὲι
1180 4268 1348 4387 οοιιιοεδιῗὸἓ
1360 4268 1450 4321 denicr

373 4340 611 4455 ‘'fhcyprdceding¹
625 4393 713 4443 olcucc
735 4394 787 4445 ond
809 4394 868 4447 thet
969 4347 1061 4396 ”ng
1101 4348 1137 4385 m
1165 4348 1249 4397 m
