3342 5217
398 423 461 486 242
606 438 839 500 monimus,
861 439 928 488 nn.
951 425 1045 502 1228,
1067 441 1131 488 nn
1154 424 1291 490 12-13.

396 609 485 695 oepit
509 607 596 696 quod
621 610 733 676 ueniet
753 635 775 676 a
796 611 851 677 die
877 611 911 678 S.
935 611 1024 697 Hyll
1050 613 1086 676 in
1111 636 1162 678 xv.
1187 613 1266 678 dies
1309 612 1404 677 Idem
1432 611 1498 676 dics

396 713 493 832 datus
518 722 569 781 est
593 715 751 803 Episcopo
778 717 814 782 in
843 717 947 783 banco
975 718 1034 805 qui
1061 701 1216 807 cognouit
1243 716 1331 805 quod
1357 715 1499 782 nondum

396 827 627 1011 malislidgarus
663 923 704 990 de
734 925 820 990 Hele
857 933 893 991 et
921 926 1040 992 Emma
1067 950 1150 992 uxor
1177 928 1248 993 eius
1275 949 1335 1014 per
1361 924 1497 992 eundem

396 1027 561 1115 Rogerum
582 1035 784 1094 automatum
803 1028 907 1116 ipsius
930 1030 1047 1095 Emme
1069 1031 1156 1118 petil
1180 1053 1295 1096 uersus
1318 1030 1498 1095 ‹lohannem

396 1129 437 1196 de
460 1131 674 1198 Dunessland'
698 1133 724 1220 j.
751 1133 831 1220 uirg.
856 1141 942 1199 terre
964 1158 1039 1200 cum
1061 1143 1144 1222 perh
1167 1135 1203 1199 in
1226 1134 1390 1201 Smitham
1410 1141 1446 1198 et
1467 1133 1500 1196 in

397 1230 518 1298 Feida'
537 1239 576 1297 ut
593 1232 645 1298 ius
664 1241 699 1300 et
721 1234 931 1323 marilegium
952 1237 1055 1324 ipsius
1069 1238 1185 1302 Emme
1206 1245 1242 1303 et
1262 1237 1298 1302 in
1319 1258 1418 1322 quam
1437 1257 1499 1298 non

396 1335 497 1402 habeb
517 1336 697 1426 ingressum
719 1338 783 1404 uisi
804 1362 864 1426 per
884 1340 1081 1407 Mauricium
1101 1340 1144 1406 de
1165 1339 1333 1406 Irondonia
1359 1337 1499 1424 primum

396 1440 503 1506 uirum
528 1440 631 1528 ipsius
652 1442 769 1508 Emme
790 1443 845 1510 oui
865 1443 938 1531 ipsa
958 1445 994 1510 in
1016 1445 1088 1510 uita
1108 1467 1169 1510 sisa
1197 1441 1416 1509 contradicere
1437 1463 1499 1505 non

396 1543 506 1632 potuit
520 1545 602 1610 ete⁸

461 1650 506 1714 Et
525 1650 693 1716 «lohannes
714 1651 808 1718 uenit
829 1660 865 1717 et
886 1653 1019 1718 uocauit
1043 1651 1087 1718 ad
1112 1659 1293 1718 warantum
1321 1649 1500 1716 Roberlum

395 1755 437 1822 de
466 1755 633 1822 londonia
661 1755 767 1821 filium
796 1756 937 1843 predicti
965 1757 1117 1823 Maurieii
1146 1780 1205 1844 per
1240 1764 1364 1822 cartam
1399 1755 1501 1841 ipsius

396 1859 546 1928 Maurioii
567 1884 665 1949 quam
685 1863 807 1949 profert
828 1872 943 1950 etque
965 1872 1107 1930 testatur
1127 1863 1215 1950 quod
1228 1863 1395 1950 predictus
1409 1861 1500 1925 hlau-

395 1963 493 2029 ricius
506 1965 598 2030 dedit
612 1964 758 2051 prediolo
775 1965 920 2032 iohanni
940 1974 1044 2032 lotam
1065 1966 1245 2053 predictam
1267 1975 1387 2031 terram
1409 1987 1500 2030 suam
1602 2026 1603 2031 ,

395 2065 430 2132 in
456 2066 618 2134 Fordham
640 2074 675 2134 et
697 2068 732 2133 in
756 2068 921 2136 Smitham
949 2092 1025 2135 cum
1054 2070 1205 2135 omnibus
1233 2077 1313 2156 perh
1345 2068 1414 2134 suis
1441 2076 1501 2132 etc

394 2169 577 2236 habendam
600 2178 635 2235 et
657 2170 832 2237 tenendam
854 2171 917 2237 sibi
935 2181 970 2237 et
989 2171 1163 2238 heredibus
1182 2172 1223 2236 de
1242 2170 1388 2257 predicto
1408 2169 1500 2234 Mau·

394 2274 472 2340 ricio
495 2283 530 2340 et
551 2273 725 2340 heredibus
746 2275 821 2354 suis,
844 2275 1008 2340 reddendo
1028 2274 1106 2340 inde
1134 2297 1337 2362 perannum
1359 2273 1424 2358 xvj.
1444 2271 1500 2337 sol

395 2379 1171 2446 elcetsilenamillemwarantizarenon
1202 2386 1310 2466 posset
1344 2375 1502 2442 daretei

395 2484 592 2550 escambium
607 2485 642 2550 in
657 2485 815 2552 comitatu
830 2486 980 2552 Deuonie
994 2494 1057 2552 etc.

460 2587 505 2652 Et
524 2587 686 2654 Robertus
708 2589 802 2654 uenit
824 2597 859 2654 el
880 2589 1044 2676 cognoscit
1059 2587 1166 2675 quod⁴
1185 2595 1308 2653 cartam
1329 2594 1366 2652 el
1379 2586 1502 2652 donum

394 2698 430 2755 et
449 2693 521 2756 war'
537 2699 587 2756 sel
609 2691 695 2779 quod
717 2693 817 2758 nichil
840 2693 941 2758 habet
962 2692 998 2758 in
1020 2691 1171 2758 Deuonia
1192 2690 1279 2757 unde
1295 2689 1503 2756 warantizare

394 2793 496 2881 possib
509 2802 569 2862 etc.
582 2803 617 2861 eb
630 2796 714 2862 bene
729 2796 894 2884 cognoscit
908 2795 996 2883 quod
1010 2795 1071 2862 hoo
1085 2795 1150 2861 fuit
1164 2794 1374 2881 mariagium
1388 2793 1504 2859 matris

394 2923 460 2967 sue.

461 3004 505 3070 Et
533 3003 700 3070 «Iohannes
728 3005 822 3071 uenit
852 3013 887 3070 eb
912 3005 993 3071 dicit
1019 3003 1106 3091 quod
1127 3011 1273 3090 tempore
1295 3001 1505 3068 confectionis
1602 3010 1603 3021 ¹

395 3118 482 3176 carie
498 3118 532 3176 el
552 3117 775 3197 temporeque
795 3111 917 3176 donum
937 3111 969 3176 ei
991 3112 1114 3175 factum
1134 3108 1302 3175 inibidem
1325 3107 1504 3174 Mauricius

395 3215 531 3282 hahuit⁶
552 3214 714 3302 quoddam
736 3215 917 3280 manerium
938 3215 974 3280 in
995 3215 1154 3294 Deuonia,
1175 3212 1299 3280 scilicet
1320 3211 1504 3278 manerium

395 3321 436 3387 de
453 3321 575 3400 Assele‚
589 3320 638 3386 ita
656 3319 743 3406 quod
764 3327 878 3406 postea
894 3319 1043 3386 feoffauit
1063 3319 1248 3386 iohannem
1270 3316 1311 3382 de
1332 3318 1506 3403 Argentea

395 3448 453 3512 per
467 3423 640 3490 semicium
660 3447 689 3490 x.
705 3447 800 3490 marc.
815 3446 875 3511 per
893 3448 1026 3504 annum,
1040 3424 1091 3490 ita
1110 3423 1197 3511 quod
1218 3422 1366 3510 predicta
1383 3421 1506 3486 limma

396 3535 500 3594 mater
521 3526 659 3614 predicti
679 3527 814 3593 Roberti
836 3527 951 3594 dotata
971 3534 1022 3593 esi
1043 3527 1085 3594 de
1106 3527 1260 3614 prediclis
1282 3550 1312 3594 n
1326 3547 1421 3592 marc
1438 3547 1505 3611 que

396 3632 427 3700 ei
463 3632 624 3720 assignate
659 3631 792 3698 luerunt
828 3632 864 3698 in
900 3632 1019 3712 dotem,
1049 3640 1085 3698 et
1112 3630 1190 3698 inde
1218 3631 1313 3718 ponit
1341 3653 1376 3696 se
1404 3651 1507 3717 super

394 3737 561 3826 patrimi

460 3845 504 3909 Et
519 3843 681 3908 Robertus
692 3841 771 3908 dicit
787 3841 873 3927 quod
887 3840 1053 3928 predictus
1063 3839 1241 3906 Mauricius
1251 3839 1342 3925 prius
1351 3837 1507 3904 seoffatus

395 3952 458 4017 fuit
473 3952 513 4017 de
529 3950 641 4016 eadem
656 3959 743 4016 terra
757 3948 798 4014 de
809 3949 964 4035 Esselega
977 3956 1154 4035 anbequem
1169 3946 1301 4034 aliquod
1315 3945 1506 4011 feoffamen-

284 4069 330 4120 [u]
394 4065 466 4122 tum
484 4055 490 4146 Ι
510 4059 633 4122 feelum
647 4056 762 4122 fuisset
776 4051 883 4120 eidem
898 4055 922 4119 J
922 4052 1044 4119 ohanni
1052 4051 1072 4120 ⁹.

425 4229 705 4291 1B.m.s;0.m.7.
1004 4220 1509 4278 ⁸'dhorersionincisshorlerund

425 4294 612 4347 'Smithomot
624 4295 718 4354 Fortia,
730 4293 760 4345 B.
972 4291 1238 4355 stopsatthisslnge.

424 4360 553 4412 lSeoBr.
565 4360 583 4412 l.
595 4361 643 4409 321
654 4359 680 4409 b.
1003 4353 1275 4407 ll'herersioninB
1292 4351 1433 4408 nahusa
1448 4354 1509 4406 uid

424 4425 435 4458 ⁴
452 4426 509 4476 Om.
521 4427 595 4488 qnod.
970 4421 1036 4472 ends
1046 4421 1110 4472 with
1120 4436 1137 4472 a
1148 4421 1291 4472 emundis.

424 4491 435 4523 ὓ
452 4493 550 4553 lubuit,
563 4489 702 4541 interlined
713 4489 747 4554 by
758 4491 907 4540 annotator.
