3342 5217
405 476 539 525 armar
560 474 634 525 nun
656 472 796 537 moras,
820 473 886 523 nn.
911 460 1005 534 1220,
1028 470 1092 523 aa
1116 460 1145 521 t.
1288 454 1331 523 75

221 647 431 733 pertinenciis
453 646 488 711 in
509 646 715 733 Kingestona
734 652 773 709 ut
796 643 848 709 ius
867 665 964 707 suum
979 649 1038 706 eto
1055 640 1142 705 unde
1157 638 1333 705 Aldrichus

221 775 304 816 auus
328 774 406 817 suus
430 752 493 815 fuit
516 750 646 816 saisitus
668 750 704 814 in
727 747 888 813 dominico
910 755 970 811 etc
997 755 1143 831 tempore
1164 745 1206 810 R
1232 744 1334 831 Regis

222 856 278 919 sui
292 854 416 919 domini
431 854 531 941 Regis
553 853 710 939 capiendo
732 860 792 917 etc.
810 851 851 915 lx.
874 850 930 915 sol
953 858 1013 915 etc
1032 848 1038 935 Ι
1058 856 1094 913 et
1115 848 1156 913 de
1178 847 1334 912 Aldricho

222 959 389 1024 descendit
411 958 463 1024 ius
485 967 571 1023 terre
591 958 680 1023 illius
701 956 868 1023 Gileberto
888 954 955 1019 filio
973 976 1031 1019 suo
1045 961 1081 1018 et
1095 952 1183 1039 patri
1198 951 1334 1018 Henrici

222 1074 257 1129 et
272 1064 313 1129 de
330 1063 497 1129 Gileberto
511 1063 588 1129 huic
602 1062 745 1129 Hemico
760 1062 827 1126 filio
842 1070 877 1125 et
892 1059 1004 1125 heredi
1023 1082 1082 1124 suo
1101 1067 1136 1123 et
1156 1059 1217 1124 hoc
1238 1058 1334 1124 offert

222 1168 420 1234 diracionare
435 1176 532 1254 prout
547 1168 637 1238 curia
651 1165 912 1232 considerauerit

289 1273 332 1337 Et
354 1272 531 1339 Edwardus
550 1295 609 1359 pro
629 1294 664 1337 se
685 1281 719 1337 et
739 1270 882 1335 Auelins
901 1270 994 1335 cuius
1008 1269 1078 1335 loco
1092 1270 1226 1355 ponitur
1240 1266 1335 1333 uenit

223 1388 257 1443 et
272 1377 418 1442 defendit
434 1378 486 1443 ius
500 1400 595 1443 suum
611 1386 646 1442 et
661 1377 753 1464 ponit
772 1400 806 1441 se
826 1376 862 1439 in
882 1398 1035 1462 magnam
1056 1374 1189 1439 assium
1211 1372 1335 1438 domini

223 1482 323 1569 Regis
337 1492 372 1547 et
383 1482 469 1569 petit
481 1482 734 1569 recognicionem
746 1481 817 1545 fieri
829 1481 902 1567 quis
913 1502 1024 1545 eorum
1036 1480 1142 1544 maius
1152 1478 1204 1543 ius
1215 1477 1335 1541 habeat

224 1588 259 1651 in
291 1596 379 1652 terra
414 1587 477 1652 illa
524 1587 567 1651 Et
597 1586 675 1673 quia
703 1586 819 1651 balliui
848 1585 889 1650 de
920 1584 1138 1671 Kingestona¹
1168 1590 1336 1668 presentes

224 1692 357 1755 suerunt
378 1698 414 1755 et
435 1697 602 1755 testantur
623 1688 709 1776 quod
731 1712 851 1776 magna
872 1688 972 1753 assisa
991 1688 1076 1753 iacet
1097 1687 1133 1751 in
1156 1686 1237 1750 uilla
1253 1683 1335 1762 sua¹,

225 1791 471 1857 Consideratum
500 1800 551 1857 est
580 1792 666 1879 quod
695 1791 795 1857 assisa
823 1791 884 1855 fiat
912 1790 976 1855 nisi
1005 1788 1095 1854 aliud
1124 1786 1335 1873 super-ueniat

224 1904 284 1960 etc.

141 2006 165 2067 '.
290 1997 500 2085 'Preceptum
512 1998 576 2063 fuit
587 1998 772 2064 uicecomiti
784 1997 871 2085 quod
882 1996 910 2063 si
920 1996 1079 2063 Ricardus
1093 1996 1135 2061 de
1146 1994 1334 2082 Baggetorr'
1381 2008 1464 2048 ouon.

224 2102 337 2168 fecerit
366 2103 545 2169 etc.⁶t11nc
572 2103 710 2169 haberet
736 2126 843 2168 coram
871 2100 1057 2167 iusticiariis
1079 2110 1140 2166 eto.
1163 2100 1334 2164 Matheum
1345 2112 1451 2200 &page

225 2204 336 2283 Morel,
347 2206 506 2269 Thomam
521 2205 560 2270 de
573 2205 736 2283 Ferrariis,
747 2206 929 2271 Robertum
941 2205 1153 2281 Grosseteste,
1164 2204 1334 2268 Almerum

225 2309 438 2395 Propositum,
458 2308 622 2394 Rogerum
646 2308 860 2395 Propositum,
881 2308 1084 2372 Willelmum
1107 2306 1277 2371 Bedellum
1300 2312 1335 2369 et

225 2412 401 2478 Ricardum
430 2409 531 2477 Bedel
561 2411 603 2476 ad
624 2412 884 2498 respondendum
907 2411 1052 2497 predicto
1074 2410 1213 2475 Ricardo
1235 2430 1335 2496 quare

224 2524 336 2581 contra
364 2538 478 2603 pacem
507 2515 630 2581 domini
659 2517 760 2604 Regis
785 2517 821 2581 ui
844 2526 879 2582 et
900 2516 998 2581 armis
1019 2517 1222 2581 intruserunt
1243 2538 1278 2579 se
1299 2514 1335 2579 in

224 2620 335 2685 domos
364 2642 439 2685 suas
469 2628 503 2684 et
534 2628 654 2685 terram
678 2642 770 2685 suam
796 2619 837 2685 de
864 2620 1051 2707 Baggetorr'
1075 2628 1110 2685 et
1135 2619 1254 2684 catalla
1276 2641 1336 2684 sua

223 2731 473 2809 asportauerunt
498 2732 533 2789 et
556 2746 632 2789 eum
657 2724 734 2789 inde
761 2724 928 2790 eiecerunt
954 2733 989 2790 et
1014 2723 1113 2789 blada
1138 2746 1199 2789 sua
1223 2724 1335 2811 flagel-

225 2829 385 2893 lauerunt.
431 2829 475 2893 Et
491 2830 670 2894 uicecomes
689 2828 861 2893 mandauit
881 2828 968 2915 quod
988 2836 1105 2893 tenent
1122 2851 1157 2894 se
1172 2828 1208 2892 in
1222 2826 1336 2893 castris

225 2932 354 2996 Totton’
378 2940 413 2997 et
435 2932 553 2996 nolunt
579 2932 691 2997 uenire
715 2932 757 2997 ad
782 2955 896 3018 pacem
920 2939 981 2997 etc.
1004 2940 1039 2996 et
1064 2934 1150 3019 quod
1180 2932 1258 2997 fecit
1286 2932 1335 2997 in·
1348 2953 1471 3049 {gmon

226 3034 437 3120 quisicionem
460 3042 494 3099 et
516 3034 607 3099 illam
637 3034 727 3099 misit
757 3034 933 3121 sigillatam
959 3036 1107 3121 pluribus
1129 3033 1251 3122 sigillis,
1274 3058 1336 3121 que
1349 3048 1500 3135 mm„

226 3139 302 3203 talis
338 3147 389 3204 est
422 3138 509 3225 quod
544 3139 628 3204 bene
665 3138 772 3203 sciunt
813 3138 900 3225 quod
934 3138 1083 3203 homines
1112 3137 1248 3203 Henrici
1277 3138 1336 3201 filii
1349 3142 1486 3229 :ffigg‘

226 3240 363 3307 Comitis
385 3249 547 3306 uenerunt
569 3241 657 3327 apud
676 3242 765 3306 Aure
780 3240 920 3327 predicti
944 3240 1075 3305 Ricardi
1093 3239 1134 3305 de
1148 3240 1336 3326 Baggetorr’

225 3352 261 3409 et
291 3345 424 3410 bladum
451 3368 548 3411 suum
575 3354 610 3411 et
639 3347 751 3411 fenum
781 3368 878 3411 suum
907 3352 1158 3431 asportauerunt
1186 3351 1222 3408 et
1251 3343 1338 3430 quod

225 3447 326 3513 nichil
348 3448 396 3513 ibi
416 3450 675 3515 remarcueruntl
696 3456 756 3515 etc

292 3552 335 3616 Et
349 3551 446 3617 datus
466 3559 516 3617 est
536 3551 605 3617 dies
620 3560 654 3617 et
669 3553 790 3618 habeat
806 3553 906 3618 breue
922 3553 1009 3640 quod
1023 3552 1203 3617 uicecomes
1217 3552 1338 3617 habeat

224 3676 357 3739 corpora
377 3676 488 3719 eorum
511 3661 546 3719 et
567 3654 596 3719 si
615 3676 649 3720 se
672 3656 894 3721 subtraxerint
916 3664 951 3721 et
972 3655 1138 3719 noluerint
1159 3656 1272 3721 uenire
1294 3656 1337 3719 ad

223 3782 338 3846 pacem
368 3767 429 3824 etc.
458 3759 702 3847 interrogentur
731 3769 765 3825 et
794 3759 1000 3848 utlagentur²
1029 3759 1065 3824 in
1094 3760 1251 3823 comitatu
1287 3782 1336 3823 se-

225 3863 369 3929 cundum
393 3864 499 3952 legem
522 3872 607 3930 terre
630 3872 664 3929 et
686 3864 861 3951 diligenter
882 3864 1026 3950 inquirat
1049 3863 1136 3950 quod
1157 3864 1336 3949 dampnum

259 4032 571 4098 ²bolliur'domim'repir,
584 4036 616 4085 Β.
806 4074 809 4079 l
838 4035 943 4087 ⁸A.m.
958 4036 987 4095 43
1009 4035 1040 4084 B.
1052 4034 1152 4087 med.

259 4098 271 4131 ¹
287 4102 344 4157 illc,
356 4100 387 4150 B.
421 4100 487 4149 This
501 4101 628 4167 certainly
638 4102 755 4164 suggests
838 4102 850 4133 ⁴
866 4100 1002 4162 Relerring
1015 4105 1041 4150 to
1053 4102 1118 4150 (lose
1128 4102 1169 4150 δὴ.

225 4164 287 4215 that
302 4163 374 4216 there
388 4179 453 4215 uere
468 4169 551 4216 towns
567 4167 596 4216 in
610 4166 696 4215 which
710 4166 756 4217 the
839 4166 850 4199 ⁸
866 4166 923 4216 The
935 4166 993 4215 urit
1007 4165 1093 4216 would
1109 4167 1240 4229 runt-Is
1252 4168 1284 4217 R.
1304 4166 1335 4216 dc

225 4228 309 4293 grand
319 4229 403 4281 usiza
414 4231 499 4280 would
510 4234 556 4280 not
567 4231 608 4293 lis,
622 4246 694 4281 more
709 4246 754 4281 an·
805 4233 839 4281 B.
848 4233 920 4295 finds
932 4234 1042 4295 security
1056 4232 1157 4296 Ueterit
1173 4239 1198 4281 te
1213 4234 1335 4295 securum)

120 4286 177 4454 tr
225 4294 444 4411 summo
457 4296 490 4411 t
506 4296 756 4412 th*
802 4298 1304 4411 facturorum„

224 4426 299 4489 royal
306 4376 421 4475 l'clreorten
451 4426 499 4477 See
509 4442 559 4489 ag.
568 4442 584 4477 a
593 4377 757 4476 Winchestei
840 4426 851 4459 ⁷
868 4427 938 4477 Here
949 4427 971 4475 B
984 4398 1065 4490 stop’s.
1088 4399 1095 4421 ⁹
1264 4398 1270 4421 ’
1306 4398 1313 4411 Ι

224 4492 367 4542 martarus
383 4492 455 4549 1215,
467 4492 527 4544 Βοὴ.
543 4492 613 4543 Cart.
626 4506 651 4556 p.
667 4492 722 4544 217.
