<?xml version="1.0" encoding="UTF-8"?>
<!DOCTYPE html PUBLIC "-//W3C//DTD XHTML 1.0 Transitional//EN"
    "http://www.w3.org/TR/xhtml1/DTD/xhtml1-transitional.dtd">
<html xmlns="http://www.w3.org/1999/xhtml" xml:lang="en" lang="en">
 <head>
  <title>
</title>
<meta http-equiv="Content-Type" content="text/html;charset=utf-8" />
  <meta name='ocr-system' content='tesseract 3.04.00' />
  <meta name='ocr-capabilities' content='ocr_page ocr_carea ocr_par ocr_line ocrx_word'/>
</head>
<body>
  <div class='ocr_page' id='page_1' title='image "bractonsnoteboo01maitgoog_0179.png"; bbox 0 0 3342 5217; ppageno 0'>
   <div class='ocr_carea' id='block_1_1' title="bbox 534 457 1327 534">
    <p class='ocr_par' dir='ltr' id='par_1_1' title="bbox 534 457 1327 534">
     <span class='ocr_line' id='line_1_1' title="bbox 534 457 1327 534; baseline 0.011 -13"><span class='ocrx_word' id='word_1_1' title='bbox 534 471 683 530; x_wconf 78' lang='grc'>11111011,</span> <span class='ocrx_word' id='word_1_2' title='bbox 706 471 770 520; x_wconf 77' lang='lat' dir='ltr'><strong>an.</strong></span> <span class='ocrx_word' id='word_1_3' title='bbox 794 457 888 534; x_wconf 87' lang='grc'>1222,</span> <span class='ocrx_word' id='word_1_4' title='bbox 908 472 972 522; x_wconf 75' lang='lat' dir='ltr'><strong>aa</strong></span> <span class='ocrx_word' id='word_1_5' title='bbox 995 461 1022 522; x_wconf 85' lang='grc'><strong>6.</strong></span> <span class='ocrx_word' id='word_1_6' title='bbox 1264 463 1327 532; x_wconf 86' lang='grc'><strong>173</strong></span> 
     </span>
    </p>
   </div>
   <div class='ocr_carea' id='block_1_2' title="bbox 222 639 1441 4445">
    <p class='ocr_par' dir='ltr' id='par_1_2' title="bbox 222 639 1441 2252">
     <span class='ocr_line' id='line_1_2' title="bbox 229 639 1441 729; baseline 0.002 -25"><span class='ocrx_word' id='word_1_7' title='bbox 229 647 307 705; x_wconf 86' lang='lat' dir='ltr'><strong>tona</strong></span> <span class='ocrx_word' id='word_1_8' title='bbox 325 647 510 706; x_wconf 86' lang='lat' dir='ltr'><strong>attornatus</strong></span> <span class='ocrx_word' id='word_1_9' title='bbox 526 639 532 727; x_wconf 87' lang='grc' dir='ltr'>Ι</span> <span class='ocrx_word' id='word_1_10' title='bbox 551 639 688 725; x_wconf 77' lang='lat' dir='ltr'>predicti</span> <span class='ocrx_word' id='word_1_11' title='bbox 703 639 845 706; x_wconf 77' lang='lat' dir='ltr'>Simonis</span> <span class='ocrx_word' id='word_1_12' title='bbox 858 639 1029 725; x_wconf 81' lang='grc'>1101111000</span> <span class='ocrx_word' id='word_1_13' title='bbox 1045 640 1145 729; x_wconf 84' lang='lat' dir='ltr'><strong>Regis</strong></span> <span class='ocrx_word' id='word_1_14' title='bbox 1159 645 1280 729; x_wconf 80' lang='lat' dir='ltr'><strong>optulit</strong></span> <span class='ocrx_word' id='word_1_15' title='bbox 1293 667 1328 710; x_wconf 91' lang='lat' dir='ltr'><strong>se</strong></span> <span class='ocrx_word' id='word_1_16' title='bbox 1394 664 1441 715; x_wconf 79' lang='grc'>[11]</span> 
     </span>
     <span class='ocr_line' id='line_1_3' title="bbox 228 742 1329 832; baseline 0.006 -24"><span class='ocrx_word' id='word_1_17' title='bbox 228 765 341 810; x_wconf 86' lang='lat' dir='ltr'><strong>uersus</strong></span> <span class='ocrx_word' id='word_1_18' title='bbox 355 767 428 810; x_wconf 86' lang='lat' dir='ltr'><strong>eam</strong></span> <span class='ocrx_word' id='word_1_19' title='bbox 438 753 474 810; x_wconf 90' lang='grc'><strong>02</strong></span> <span class='ocrx_word' id='word_1_20' title='bbox 484 744 581 810; x_wconf 86' lang='lat' dir='ltr'><strong>datus</strong></span> <span class='ocrx_word' id='word_1_21' title='bbox 595 745 659 809; x_wconf 89' lang='grc'>1012</span> <span class='ocrx_word' id='word_1_22' title='bbox 673 742 779 810; x_wconf 84' lang='grc'>011010</span> <span class='ocrx_word' id='word_1_23' title='bbox 794 744 932 810; x_wconf 87' lang='lat' dir='ltr'><strong>Isabelle</strong></span> <span class='ocrx_word' id='word_1_24' title='bbox 946 744 1016 810; x_wconf 89' lang='lat' dir='ltr'><strong>dics</strong></span> <span class='ocrx_word' id='word_1_25' title='bbox 1029 767 1087 832; x_wconf 91' lang='lat' dir='ltr'><strong>per</strong></span> <span class='ocrx_word' id='word_1_26' title='bbox 1101 749 1329 815; x_wconf 83' lang='lat' dir='ltr'><strong>cssoniatorem</strong></span> 
     </span>
     <span class='ocr_line' id='line_1_4' title="bbox 227 845 1329 933; baseline 0.006 -22"><span class='ocrx_word' id='word_1_27' title='bbox 227 868 324 911; x_wconf 90' lang='lat' dir='ltr'><strong>sunm</strong></span> <span class='ocrx_word' id='word_1_28' title='bbox 345 847 387 911; x_wconf 92' lang='lat' dir='ltr'><strong>ad</strong></span> <span class='ocrx_word' id='word_1_29' title='bbox 408 846 590 933; x_wconf 83' lang='lat' dir='ltr'><strong>proximum</strong></span> <span class='ocrx_word' id='word_1_30' title='bbox 611 846 803 912; x_wconf 90' lang='lat' dir='ltr'><strong>comitatum</strong></span> <span class='ocrx_word' id='word_1_31' title='bbox 823 845 866 910; x_wconf 87' lang='lat' dir='ltr'><strong>ad</strong></span> <span class='ocrx_word' id='word_1_32' title='bbox 884 868 981 931; x_wconf 90' lang='lat' dir='ltr'><strong>quem</strong></span> <span class='ocrx_word' id='word_1_33' title='bbox 995 847 1187 915; x_wconf 86' lang='lat' dir='ltr'><strong>comitatum</strong></span> <span class='ocrx_word' id='word_1_34' title='bbox 1202 852 1280 917; x_wconf 84' lang='lat' dir='ltr'><strong>fecit</strong></span> <span class='ocrx_word' id='word_1_35' title='bbox 1293 874 1329 918; x_wconf 88' lang='grc'><strong>00</strong></span> 
     </span>
     <span class='ocr_line' id='line_1_5' title="bbox 227 947 1330 1041; baseline 0.005 -27"><span class='ocrx_word' id='word_1_36' title='bbox 227 947 402 1014; x_wconf 81' lang='grc' dir='ltr'><strong>0000111010ι</strong></span> <span class='ocrx_word' id='word_1_37' title='bbox 417 948 459 1014; x_wconf 88' lang='lat' dir='ltr'><strong>dc</strong></span> <span class='ocrx_word' id='word_1_38' title='bbox 472 948 558 1014; x_wconf 82' lang='lat' dir='ltr'><strong>malo</strong></span> <span class='ocrx_word' id='word_1_39' title='bbox 573 948 650 1013; x_wconf 88' lang='lat' dir='ltr'><strong>lecti</strong></span> <span class='ocrx_word' id='word_1_40' title='bbox 663 947 712 1013; x_wconf 90' lang='grc'><strong>120</strong></span> <span class='ocrx_word' id='word_1_41' title='bbox 726 947 812 1034; x_wconf 90' lang='lat' dir='ltr'><strong>quod</strong></span> <span class='ocrx_word' id='word_1_42' title='bbox 826 948 1000 1014; x_wconf 79' lang='lat' dir='ltr'><strong>comitatus</strong></span> <span class='ocrx_word' id='word_1_43' title='bbox 1013 951 1229 1018; x_wconf 85' lang='lat' dir='ltr'><strong>considerauit</strong></span> <span class='ocrx_word' id='word_1_44' title='bbox 1243 955 1330 1041; x_wconf 87' lang='lat' dir='ltr'><strong>quod</strong></span> 
     </span>
     <span class='ocr_line' id='line_1_6' title="bbox 226 1049 1329 1142; baseline 0.005 -26"><span class='ocrx_word' id='word_1_45' title='bbox 226 1060 366 1137; x_wconf 87' lang='lat' dir='ltr'><strong>quatuor</strong></span> <span class='ocrx_word' id='word_1_46' title='bbox 379 1051 500 1116; x_wconf 88' lang='lat' dir='ltr'><strong>milites</strong></span> <span class='ocrx_word' id='word_1_47' title='bbox 519 1050 695 1116; x_wconf 73' lang='lat' dir='ltr'><strong>mittantur</strong></span> <span class='ocrx_word' id='word_1_48' title='bbox 715 1049 757 1115; x_wconf 89' lang='lat' dir='ltr'><strong>ad</strong></span> <span class='ocrx_word' id='word_1_49' title='bbox 778 1071 852 1115; x_wconf 88' lang='lat' dir='ltr'><strong>eam</strong></span> <span class='ocrx_word' id='word_1_50' title='bbox 873 1049 915 1115; x_wconf 89' lang='lat' dir='ltr'><strong>ad</strong></span> <span class='ocrx_word' id='word_1_51' title='bbox 938 1050 1116 1118; x_wconf 90' lang='lat' dir='ltr'><strong>uidendum</strong></span> <span class='ocrx_word' id='word_1_52' title='bbox 1139 1054 1329 1142; x_wconf 70' lang='lat' dir='ltr'><strong>languorem</strong></span> 
     </span>
     <span class='ocr_line' id='line_1_7' title="bbox 227 1152 1329 1238; baseline 0.005 -21"><span class='ocrx_word' id='word_1_53' title='bbox 227 1161 287 1220; x_wconf 82' lang='lat' dir='ltr'><strong>etc</strong></span> <span class='ocrx_word' id='word_1_54' title='bbox 333 1153 377 1218; x_wconf 83' lang='lat' dir='ltr'><strong>Et</strong></span> <span class='ocrx_word' id='word_1_55' title='bbox 399 1153 520 1218; x_wconf 89' lang='lat' dir='ltr'><strong>milites</strong></span> <span class='ocrx_word' id='word_1_56' title='bbox 542 1152 591 1217; x_wconf 92' lang='lat' dir='ltr'><strong>illi</strong></span> <span class='ocrx_word' id='word_1_57' title='bbox 613 1161 774 1218; x_wconf 88' lang='lat' dir='ltr'><strong>uenerunt</strong></span> <span class='ocrx_word' id='word_1_58' title='bbox 795 1161 909 1238; x_wconf 87' lang='lat' dir='ltr'><strong>postea</strong></span> <span class='ocrx_word' id='word_1_59' title='bbox 926 1153 968 1218; x_wconf 91' lang='lat' dir='ltr'><strong>ed</strong></span> <span class='ocrx_word' id='word_1_60' title='bbox 985 1154 1177 1220; x_wconf 84' lang='lat' dir='ltr'><strong>comitatum</strong></span> <span class='ocrx_word' id='word_1_61' title='bbox 1191 1166 1226 1220; x_wconf 92' lang='grc'><strong>02</strong></span> <span class='ocrx_word' id='word_1_62' title='bbox 1239 1155 1329 1222; x_wconf 83' lang='grc'>111110-</span> 
     </span>
     <span class='ocr_line' id='line_1_8' title="bbox 226 1254 1328 1343; baseline 0.005 -23"><span class='ocrx_word' id='word_1_63' title='bbox 226 1263 306 1320; x_wconf 87' lang='grc'>1002</span> <span class='ocrx_word' id='word_1_64' title='bbox 320 1256 406 1342; x_wconf 89' lang='lat' dir='ltr'><strong>quod</strong></span> <span class='ocrx_word' id='word_1_65' title='bbox 420 1255 575 1343; x_wconf 84' lang='lat' dir='ltr'><strong>languida</strong></span> <span class='ocrx_word' id='word_1_66' title='bbox 589 1254 652 1319; x_wconf 88' lang='lat' dir='ltr'><strong>fuit</strong></span> <span class='ocrx_word' id='word_1_67' title='bbox 667 1262 701 1320; x_wconf 89' lang='lat' dir='ltr'><strong>et</strong></span> <span class='ocrx_word' id='word_1_68' title='bbox 716 1255 803 1340; x_wconf 91' lang='lat' dir='ltr'><strong>quod</strong></span> <span class='ocrx_word' id='word_1_69' title='bbox 816 1254 977 1320; x_wconf 84' lang='lat' dir='ltr'><strong>dederunt</strong></span> <span class='ocrx_word' id='word_1_70' title='bbox 987 1256 1020 1320; x_wconf 88' lang='lat' dir='ltr'><strong>ei</strong></span> <span class='ocrx_word' id='word_1_71' title='bbox 1028 1255 1117 1322; x_wconf 87' lang='lat' dir='ltr'><strong>diem</strong></span> <span class='ocrx_word' id='word_1_72' title='bbox 1130 1257 1173 1324; x_wconf 89' lang='lat' dir='ltr'><strong>ad</strong></span> <span class='ocrx_word' id='word_1_73' title='bbox 1187 1268 1328 1324; x_wconf 83' lang='lat' dir='ltr'><strong>cestrum</strong></span> 
     </span>
     <span class='ocr_line' id='line_1_9' title="bbox 227 1357 1328 1447; baseline 0.002 -21"><span class='ocrx_word' id='word_1_74' title='bbox 227 1361 352 1426; x_wconf 88' lang='lat' dir='ltr'><strong>Oxonie</strong></span> <span class='ocrx_word' id='word_1_75' title='bbox 367 1359 453 1447; x_wconf 90' lang='lat' dir='ltr'><strong>quod</strong></span> <span class='ocrx_word' id='word_1_76' title='bbox 468 1369 547 1424; x_wconf 88' lang='lat' dir='ltr'><strong>tunc</strong></span> <span class='ocrx_word' id='word_1_77' title='bbox 565 1367 650 1425; x_wconf 86' lang='grc'>00002</span> <span class='ocrx_word' id='word_1_78' title='bbox 668 1357 716 1424; x_wconf 90' lang='lat' dir='ltr'><strong>ibi</strong></span> <span class='ocrx_word' id='word_1_79' title='bbox 737 1367 796 1424; x_wconf 86' lang='lat' dir='ltr'><strong>etc</strong></span> <span class='ocrx_word' id='word_1_80' title='bbox 842 1358 919 1423; x_wconf 83' lang='lat' dir='ltr'><strong>Post</strong></span> <span class='ocrx_word' id='word_1_81' title='bbox 940 1380 1062 1424; x_wconf 89' lang='lat' dir='ltr'><strong>annum</strong></span> <span class='ocrx_word' id='word_1_82' title='bbox 1084 1382 1161 1425; x_wconf 88' lang='lat' dir='ltr'><strong>uero</strong></span> <span class='ocrx_word' id='word_1_83' title='bbox 1182 1362 1328 1447; x_wconf 90' lang='lat' dir='ltr'><strong>clapsum</strong></span> 
     </span>
     <span class='ocr_line' id='line_1_10' title="bbox 226 1460 1328 1549; baseline 0.004 -23"><span class='ocrx_word' id='word_1_84' title='bbox 226 1464 320 1528; x_wconf 88' lang='lat' dir='ltr'><strong>uenit</strong></span> <span class='ocrx_word' id='word_1_85' title='bbox 342 1464 413 1549; x_wconf 86' lang='lat' dir='ltr'><strong>ipsa</strong></span> <span class='ocrx_word' id='word_1_86' title='bbox 435 1462 477 1527; x_wconf 89' lang='lat' dir='ltr'><strong>ad</strong></span> <span class='ocrx_word' id='word_1_87' title='bbox 501 1483 604 1527; x_wconf 89' lang='lat' dir='ltr'><strong>unum</strong></span> <span class='ocrx_word' id='word_1_88' title='bbox 627 1460 818 1526; x_wconf 88' lang='lat' dir='ltr'><strong>comitatum</strong></span> <span class='ocrx_word' id='word_1_89' title='bbox 840 1468 875 1526; x_wconf 89' lang='grc'><strong>02</strong></span> <span class='ocrx_word' id='word_1_90' title='bbox 900 1461 1021 1546; x_wconf 87' lang='lat' dir='ltr'><strong>optulit</strong></span> <span class='ocrx_word' id='word_1_91' title='bbox 1045 1483 1080 1528; x_wconf 86' lang='lat' dir='ltr'><strong>sc</strong></span> <span class='ocrx_word' id='word_1_92' title='bbox 1106 1471 1140 1527; x_wconf 91' lang='grc'><strong>02</strong></span> <span class='ocrx_word' id='word_1_93' title='bbox 1165 1464 1328 1549; x_wconf 88' lang='lat' dir='ltr'><strong>predictus</strong></span> 
     </span>
     <span class='ocr_line' id='line_1_11' title="bbox 227 1561 1329 1647; baseline 0 -17"><span class='ocrx_word' id='word_1_94' title='bbox 227 1564 384 1630; x_wconf 84' lang='lat' dir='ltr'><strong>Ricardus</strong></span> <span class='ocrx_word' id='word_1_95' title='bbox 405 1570 589 1630; x_wconf 86' lang='lat' dir='ltr'><strong>attornatus</strong></span> <span class='ocrx_word' id='word_1_96' title='bbox 611 1561 752 1627; x_wconf 82' lang='lat' dir='ltr'><strong>Simonis</strong></span> <span class='ocrx_word' id='word_1_97' title='bbox 774 1561 895 1647; x_wconf 88' lang='lat' dir='ltr'><strong>optulit</strong></span> <span class='ocrx_word' id='word_1_98' title='bbox 916 1584 951 1626; x_wconf 89' lang='lat' dir='ltr'><strong>se</strong></span> <span class='ocrx_word' id='word_1_99' title='bbox 973 1569 1008 1626; x_wconf 89' lang='grc'><strong>02</strong></span> <span class='ocrx_word' id='word_1_100' title='bbox 1029 1585 1104 1627; x_wconf 87' lang='grc'>0010</span> <span class='ocrx_word' id='word_1_101' title='bbox 1123 1563 1229 1628; x_wconf 90' lang='lat' dir='ltr'><strong>multa</strong></span> <span class='ocrx_word' id='word_1_102' title='bbox 1242 1565 1329 1630; x_wconf 86' lang='lat' dir='ltr'><strong>inter</strong></span> 
     </span>
     <span class='ocr_line' id='line_1_12' title="bbox 226 1664 1327 1753; baseline 0.001 -21"><span class='ocrx_word' id='word_1_103' title='bbox 226 1690 281 1732; x_wconf 89' lang='grc'><strong>000</strong></span> <span class='ocrx_word' id='word_1_104' title='bbox 295 1677 404 1732; x_wconf 87' lang='lat' dir='ltr'><strong>essent</strong></span> <span class='ocrx_word' id='word_1_105' title='bbox 418 1667 520 1733; x_wconf 89' lang='lat' dir='ltr'><strong>uerba</strong></span> <span class='ocrx_word' id='word_1_106' title='bbox 533 1665 664 1731; x_wconf 86' lang='lat' dir='ltr'><strong>tandem</strong></span> <span class='ocrx_word' id='word_1_107' title='bbox 680 1666 750 1751; x_wconf 89' lang='lat' dir='ltr'><strong>ipsa</strong></span> <span class='ocrx_word' id='word_1_108' title='bbox 764 1664 929 1751; x_wconf 89' lang='lat' dir='ltr'><strong>respondit</strong></span> <span class='ocrx_word' id='word_1_109' title='bbox 944 1666 1031 1752; x_wconf 87' lang='lat' dir='ltr'><strong>quod</strong></span> <span class='ocrx_word' id='word_1_110' title='bbox 1041 1667 1072 1731; x_wconf 92' lang='grc'><strong>01</strong></span> <span class='ocrx_word' id='word_1_111' title='bbox 1082 1666 1124 1731; x_wconf 89' lang='lat' dir='ltr'><strong>dc</strong></span> <span class='ocrx_word' id='word_1_112' title='bbox 1138 1667 1258 1753; x_wconf 85' lang='lat' dir='ltr'><strong>placito</strong></span> <span class='ocrx_word' id='word_1_113' title='bbox 1271 1667 1327 1733; x_wconf 92' lang='lat' dir='ltr'><strong>illo</strong></span> 
     </span>
     <span class='ocr_line' id='line_1_13' title="bbox 225 1769 1327 1858; baseline 0.001 -22"><span class='ocrx_word' id='word_1_114' title='bbox 225 1774 417 1858; x_wconf 87' lang='lat' dir='ltr'><strong>respondere</strong></span> <span class='ocrx_word' id='word_1_115' title='bbox 441 1793 507 1837; x_wconf 90' lang='lat' dir='ltr'><strong>non</strong></span> <span class='ocrx_word' id='word_1_116' title='bbox 536 1770 651 1836; x_wconf 89' lang='lat' dir='ltr'><strong>debuit</strong></span> <span class='ocrx_word' id='word_1_117' title='bbox 680 1771 757 1857; x_wconf 89' lang='lat' dir='ltr'><strong>quia</strong></span> <span class='ocrx_word' id='word_1_118' title='bbox 786 1769 900 1835; x_wconf 90' lang='lat' dir='ltr'><strong>Simon</strong></span> <span class='ocrx_word' id='word_1_119' title='bbox 925 1769 966 1834; x_wconf 89' lang='lat' dir='ltr'><strong>de</strong></span> <span class='ocrx_word' id='word_1_120' title='bbox 992 1770 1211 1835; x_wconf 89' lang='lat' dir='ltr'><strong>Berchestona</strong></span> <span class='ocrx_word' id='word_1_121' title='bbox 1234 1771 1327 1838; x_wconf 90' lang='lat' dir='ltr'><strong>cuius</strong></span> 
     </span>
     <span class='ocr_line' id='line_1_14' title="bbox 225 1873 1328 1961; baseline 0.002 -23"><span class='ocrx_word' id='word_1_122' title='bbox 225 1883 410 1940; x_wconf 87' lang='lat' dir='ltr'><strong>attornatus</strong></span> <span class='ocrx_word' id='word_1_123' title='bbox 423 1875 493 1960; x_wconf 86' lang='lat' dir='ltr'><strong>ipsc</strong></span> <span class='ocrx_word' id='word_1_124' title='bbox 508 1874 572 1938; x_wconf 88' lang='lat' dir='ltr'><strong>fuit</strong></span> <span class='ocrx_word' id='word_1_125' title='bbox 591 1873 673 1938; x_wconf 87' lang='lat' dir='ltr'><strong>obiit</strong></span> <span class='ocrx_word' id='word_1_126' title='bbox 692 1883 727 1938; x_wconf 90' lang='grc'><strong>02</strong></span> <span class='ocrx_word' id='word_1_127' title='bbox 747 1895 805 1958; x_wconf 89' lang='lat' dir='ltr'><strong>per</strong></span> <span class='ocrx_word' id='word_1_128' title='bbox 825 1873 886 1937; x_wconf 92' lang='lat' dir='ltr'><strong>hoc</strong></span> <span class='ocrx_word' id='word_1_129' title='bbox 907 1873 1062 1940; x_wconf 88' lang='lat' dir='ltr'><strong>remansit</strong></span> <span class='ocrx_word' id='word_1_130' title='bbox 1083 1874 1210 1960; x_wconf 84' lang='lat' dir='ltr'><strong>loquela</strong></span> <span class='ocrx_word' id='word_1_131' title='bbox 1231 1897 1328 1961; x_wconf 86' lang='lat' dir='ltr'><strong>super</strong></span> 
     </span>
     <span class='ocr_line' id='line_1_15' title="bbox 226 1976 1328 2064; baseline 0 -20"><span class='ocrx_word' id='word_1_132' title='bbox 226 1977 383 2044; x_wconf 92' lang='lat' dir='ltr'><strong>iudicium</strong></span> <span class='ocrx_word' id='word_1_133' title='bbox 398 1979 433 2044; x_wconf 91' lang='lat' dir='ltr'><strong>in</strong></span> <span class='ocrx_word' id='word_1_134' title='bbox 447 1977 604 2044; x_wconf 90' lang='lat' dir='ltr'><strong>comitatu</strong></span> <span class='ocrx_word' id='word_1_135' title='bbox 619 1978 668 2043; x_wconf 92' lang='lat' dir='ltr'><strong>ita</strong></span> <span class='ocrx_word' id='word_1_136' title='bbox 681 1976 768 2064; x_wconf 91' lang='lat' dir='ltr'><strong>quod</strong></span> <span class='ocrx_word' id='word_1_137' title='bbox 787 1998 953 2062; x_wconf 89' lang='lat' dir='ltr'><strong>nunquam</strong></span> <span class='ocrx_word' id='word_1_138' title='bbox 973 1976 1096 2062; x_wconf 84' lang='lat' dir='ltr'><strong>aliquid</strong></span> <span class='ocrx_word' id='word_1_139' title='bbox 1118 1977 1193 2042; x_wconf 89' lang='lat' dir='ltr'><strong>inde</strong></span> <span class='ocrx_word' id='word_1_140' title='bbox 1214 1988 1328 2064; x_wconf 90' lang='lat' dir='ltr'><strong>postea</strong></span> 
     </span>
     <span class='ocr_line' id='line_1_16' title="bbox 225 2081 1327 2168; baseline 0 -21"><span class='ocrx_word' id='word_1_141' title='bbox 225 2083 348 2148; x_wconf 77' lang='lat' dir='ltr'><strong>factum</strong></span> <span class='ocrx_word' id='word_1_142' title='bbox 360 2082 424 2147; x_wconf 88' lang='grc'>11112</span> <span class='ocrx_word' id='word_1_143' title='bbox 434 2104 494 2148; x_wconf 87' lang='grc'><strong>000</strong></span> <span class='ocrx_word' id='word_1_144' title='bbox 504 2103 563 2168; x_wconf 87' lang='lat' dir='ltr'><strong>per</strong></span> <span class='ocrx_word' id='word_1_145' title='bbox 572 2081 729 2147; x_wconf 91' lang='lat' dir='ltr'><strong>iudicium</strong></span> <span class='ocrx_word' id='word_1_146' title='bbox 740 2081 906 2148; x_wconf 80' lang='lat' dir='ltr'><strong>comitatus</strong></span> <span class='ocrx_word' id='word_1_147' title='bbox 919 2081 1123 2166; x_wconf 83' lang='lat' dir='ltr'><strong>recuperauit</strong></span> <span class='ocrx_word' id='word_1_148' title='bbox 1133 2081 1202 2168; x_wconf 89' lang='lat' dir='ltr'><strong>ipse</strong></span> <span class='ocrx_word' id='word_1_149' title='bbox 1215 2083 1327 2148; x_wconf 87' lang='lat' dir='ltr'><strong>Simon</strong></span> 
     </span>
     <span class='ocr_line' id='line_1_17' title="bbox 222 2187 493 2252; baseline 0 0"><span class='ocrx_word' id='word_1_150' title='bbox 222 2187 377 2252; x_wconf 82' lang='lat' dir='ltr'><strong>saisinam</strong></span> <span class='ocrx_word' id='word_1_151' title='bbox 393 2209 493 2252; x_wconf 86' lang='lat' dir='ltr'><strong>suam.</strong></span> 
     </span>
    </p>

    <p class='ocr_par' dir='ltr' id='par_1_3' title="bbox 223 2288 1377 4445">
     <span class='ocr_line' id='line_1_18' title="bbox 293 2288 1328 2377; baseline 0.002 -23"><span class='ocrx_word' id='word_1_152' title='bbox 293 2291 336 2354; x_wconf 86' lang='lat' dir='ltr'><strong>Et</strong></span> <span class='ocrx_word' id='word_1_153' title='bbox 351 2290 504 2355; x_wconf 80' lang='lat' dir='ltr'><strong>Mothous</strong></span> <span class='ocrx_word' id='word_1_154' title='bbox 518 2289 558 2355; x_wconf 89' lang='lat' dir='ltr'><strong>de</strong></span> <span class='ocrx_word' id='word_1_155' title='bbox 573 2290 716 2376; x_wconf 79' lang='lat' dir='ltr'><strong>Beytorp</strong></span> <span class='ocrx_word' id='word_1_156' title='bbox 731 2296 766 2354; x_wconf 93' lang='grc'><strong>02</strong></span> <span class='ocrx_word' id='word_1_157' title='bbox 780 2288 964 2354; x_wconf 88' lang='lat' dir='ltr'><strong>Willelmns</strong></span> <span class='ocrx_word' id='word_1_158' title='bbox 980 2289 1066 2354; x_wconf 89' lang='lat' dir='ltr'><strong>filius</strong></span> <span class='ocrx_word' id='word_1_159' title='bbox 1080 2289 1152 2354; x_wconf 88' lang='lat' dir='ltr'><strong>Elie</strong></span> <span class='ocrx_word' id='word_1_160' title='bbox 1167 2290 1224 2376; x_wconf 90' lang='lat' dir='ltr'><strong>qui</strong></span> <span class='ocrx_word' id='word_1_161' title='bbox 1236 2289 1328 2377; x_wconf 87' lang='lat' dir='ltr'><strong>prius</strong></span> 
     </span>
     <span class='ocr_line' id='line_1_19' title="bbox 224 2387 1327 2486; baseline 0.002 -29"><span class='ocrx_word' id='word_1_162' title='bbox 224 2391 316 2457; x_wconf 87' lang='lat' dir='ltr'><strong>missi</strong></span> <span class='ocrx_word' id='word_1_163' title='bbox 329 2392 462 2457; x_wconf 84' lang='grc'>10010112</span> <span class='ocrx_word' id='word_1_164' title='bbox 472 2412 529 2478; x_wconf 92' lang='lat' dir='ltr'><strong>pro</strong></span> <span class='ocrx_word' id='word_1_165' title='bbox 540 2391 697 2456; x_wconf 84' lang='lat' dir='ltr'><strong>comitatu</strong></span> <span class='ocrx_word' id='word_1_166' title='bbox 708 2390 822 2456; x_wconf 91' lang='lat' dir='ltr'><strong>dicunt</strong></span> <span class='ocrx_word' id='word_1_167' title='bbox 833 2391 919 2477; x_wconf 93' lang='lat' dir='ltr'><strong>quod</strong></span> <span class='ocrx_word' id='word_1_168' title='bbox 929 2391 992 2476; x_wconf 89' lang='lat' dir='ltr'><strong>ipsi</strong></span> <span class='ocrx_word' id='word_1_169' title='bbox 1002 2392 1124 2457; x_wconf 84' lang='lat' dir='ltr'><strong>milites</strong></span> <span class='ocrx_word' id='word_1_170' title='bbox 1134 2387 1255 2486; x_wconf 84' lang='lat' dir='ltr'><strong>iniuste</strong></span> <span class='ocrx_word' id='word_1_171' title='bbox 1267 2392 1327 2459; x_wconf 90' lang='lat' dir='ltr'><strong>hoc</strong></span> 
     </span>
     <span class='ocr_line' id='line_1_20' title="bbox 224 2488 1327 2580; baseline 0 -20"><span class='ocrx_word' id='word_1_172' title='bbox 224 2494 434 2560; x_wconf 78' lang='lat' dir='ltr'><strong>recordantur</strong></span> <span class='ocrx_word' id='word_1_173' title='bbox 447 2494 525 2580; x_wconf 88' lang='lat' dir='ltr'><strong>quia</strong></span> <span class='ocrx_word' id='word_1_174' title='bbox 538 2493 593 2558; x_wconf 90' lang='lat' dir='ltr'><strong>ille</strong></span> <span class='ocrx_word' id='word_1_175' title='bbox 610 2493 721 2559; x_wconf 89' lang='lat' dir='ltr'><strong>Simon</strong></span> <span class='ocrx_word' id='word_1_176' title='bbox 736 2493 793 2580; x_wconf 93' lang='lat' dir='ltr'><strong>qui</strong></span> <span class='ocrx_word' id='word_1_177' title='bbox 806 2493 890 2558; x_wconf 91' lang='lat' dir='ltr'><strong>obiit</strong></span> <span class='ocrx_word' id='word_1_178' title='bbox 908 2515 1075 2579; x_wconf 88' lang='lat' dir='ltr'><strong>nunquam</strong></span> <span class='ocrx_word' id='word_1_179' title='bbox 1095 2488 1185 2560; x_wconf 87' lang='lat' dir='ltr'><strong>uisus</strong></span> <span class='ocrx_word' id='word_1_180' title='bbox 1209 2495 1272 2559; x_wconf 90' lang='grc'>1012</span> <span class='ocrx_word' id='word_1_181' title='bbox 1291 2496 1327 2560; x_wconf 87' lang='grc'><strong>10</strong></span> 
     </span>
     <span class='ocr_line' id='line_1_21' title="bbox 225 2585 1326 2682; baseline -0.002 -18"><span class='ocrx_word' id='word_1_182' title='bbox 225 2599 392 2676; x_wconf 90' lang='lat' dir='ltr'><strong>comitatu,</strong></span> <span class='ocrx_word' id='word_1_183' title='bbox 403 2606 453 2662; x_wconf 89' lang='grc'><strong>002</strong></span> <span class='ocrx_word' id='word_1_184' title='bbox 465 2597 578 2662; x_wconf 84' lang='lat' dir='ltr'><strong>Simon</strong></span> <span class='ocrx_word' id='word_1_185' title='bbox 588 2596 675 2662; x_wconf 90' lang='lat' dir='ltr'><strong>filius</strong></span> <span class='ocrx_word' id='word_1_186' title='bbox 686 2619 763 2662; x_wconf 88' lang='lat' dir='ltr'><strong>suus</strong></span> <span class='ocrx_word' id='word_1_187' title='bbox 775 2585 895 2661; x_wconf 82' lang='lat' dir='ltr'><strong>terram</strong></span> <span class='ocrx_word' id='word_1_188' title='bbox 909 2595 999 2661; x_wconf 91' lang='lat' dir='ltr'><strong>illam</strong></span> <span class='ocrx_word' id='word_1_189' title='bbox 1014 2597 1113 2682; x_wconf 89' lang='lat' dir='ltr'><strong>peciit</strong></span> <span class='ocrx_word' id='word_1_190' title='bbox 1123 2597 1158 2661; x_wconf 92' lang='lat' dir='ltr'><strong>in</strong></span> <span class='ocrx_word' id='word_1_191' title='bbox 1169 2598 1326 2663; x_wconf 86' lang='lat' dir='ltr'><strong>comitatu</strong></span> 
     </span>
     <span class='ocr_line' id='line_1_22' title="bbox 225 2701 1325 2790; baseline -0.001 -22"><span class='ocrx_word' id='word_1_192' title='bbox 225 2727 285 2790; x_wconf 90' lang='lat' dir='ltr'><strong>pcr</strong></span> <span class='ocrx_word' id='word_1_193' title='bbox 303 2703 484 2790; x_wconf 87' lang='lat' dir='ltr'><strong>predictum</strong></span> <span class='ocrx_word' id='word_1_194' title='bbox 506 2701 679 2767; x_wconf 79' lang='lat' dir='ltr'><strong>Ricardum</strong></span> <span class='ocrx_word' id='word_1_195' title='bbox 699 2709 901 2766; x_wconf 89' lang='lat' dir='ltr'><strong>attomatum</strong></span> <span class='ocrx_word' id='word_1_196' title='bbox 921 2723 1017 2767; x_wconf 90' lang='lat' dir='ltr'><strong>suum</strong></span> <span class='ocrx_word' id='word_1_197' title='bbox 1037 2710 1072 2767; x_wconf 91' lang='grc'><strong>02</strong></span> <span class='ocrx_word' id='word_1_198' title='bbox 1091 2723 1204 2767; x_wconf 84' lang='lat' dir='ltr'><strong>uersus</strong></span> <span class='ocrx_word' id='word_1_199' title='bbox 1218 2703 1325 2788; x_wconf 89' lang='lat' dir='ltr'><strong>ipsum</strong></span> 
     </span>
     <span class='ocr_line' id='line_1_23' title="bbox 227 2803 1328 2892; baseline -0.003 -20"><span class='ocrx_word' id='word_1_200' title='bbox 227 2806 393 2872; x_wconf 89' lang='lat' dir='ltr'><strong>Simonem</strong></span> <span class='ocrx_word' id='word_1_201' title='bbox 408 2803 504 2870; x_wconf 81' lang='lat' dir='ltr'><strong>datus</strong></span> <span class='ocrx_word' id='word_1_202' title='bbox 519 2803 583 2868; x_wconf 87' lang='lat' dir='ltr'><strong>fuit</strong></span> <span class='ocrx_word' id='word_1_203' title='bbox 598 2803 702 2870; x_wconf 90' lang='lat' dir='ltr'><strong>cidem</strong></span> <span class='ocrx_word' id='word_1_204' title='bbox 718 2803 856 2868; x_wconf 86' lang='lat' dir='ltr'><strong>Isabelle</strong></span> <span class='ocrx_word' id='word_1_205' title='bbox 871 2803 1014 2890; x_wconf 79' lang='lat' dir='ltr'><strong>languor,</strong></span> <span class='ocrx_word' id='word_1_206' title='bbox 1025 2804 1074 2869; x_wconf 88' lang='lat' dir='ltr'><strong>ita</strong></span> <span class='ocrx_word' id='word_1_207' title='bbox 1087 2804 1174 2890; x_wconf 92' lang='lat' dir='ltr'><strong>quod</strong></span> <span class='ocrx_word' id='word_1_208' title='bbox 1188 2814 1328 2892; x_wconf 87' lang='lat' dir='ltr'><strong>quatuor</strong></span> 
     </span>
     <span class='ocr_line' id='line_1_24' title="bbox 226 2901 1325 2995; baseline 0 -21"><span class='ocrx_word' id='word_1_209' title='bbox 226 2909 348 2974; x_wconf 86' lang='lat' dir='ltr'><strong>milites</strong></span> <span class='ocrx_word' id='word_1_210' title='bbox 360 2917 422 2974; x_wconf 90' lang='grc'>020.</span> <span class='ocrx_word' id='word_1_211' title='bbox 432 2901 594 2973; x_wconf 80' lang='lat' dir='ltr'><strong>dederunt</strong></span> <span class='ocrx_word' id='word_1_212' title='bbox 607 2907 638 2972; x_wconf 91' lang='grc'><strong>01</strong></span> <span class='ocrx_word' id='word_1_213' title='bbox 653 2915 712 2972; x_wconf 88' lang='grc'>020.</span> <span class='ocrx_word' id='word_1_214' title='bbox 727 2908 867 2995; x_wconf 81' lang='lat' dir='ltr'><strong>quedam</strong></span> <span class='ocrx_word' id='word_1_215' title='bbox 878 2909 931 2974; x_wconf 89' lang='lat' dir='ltr'><strong>die</strong></span> <span class='ocrx_word' id='word_1_216' title='bbox 940 2909 1075 2974; x_wconf 87' lang='lat' dir='ltr'><strong>Veneris</strong></span> <span class='ocrx_word' id='word_1_217' title='bbox 1085 2910 1173 2995; x_wconf 91' lang='lat' dir='ltr'><strong>apud</strong></span> <span class='ocrx_word' id='word_1_218' title='bbox 1184 2918 1325 2975; x_wconf 87' lang='grc'>00021010</span> 
     </span>
     <span class='ocr_line' id='line_1_25' title="bbox 225 3011 1326 3098; baseline 0 -18"><span class='ocrx_word' id='word_1_219' title='bbox 225 3012 351 3081; x_wconf 87' lang='lat' dir='ltr'><strong>Oxonie</strong></span> <span class='ocrx_word' id='word_1_220' title='bbox 366 3021 439 3098; x_wconf 88' lang='grc'>11002</span> <span class='ocrx_word' id='word_1_221' title='bbox 454 3013 580 3098; x_wconf 88' lang='lat' dir='ltr'><strong>lapsum</strong></span> <span class='ocrx_word' id='word_1_222' title='bbox 595 3012 681 3088; x_wconf 88' lang='lat' dir='ltr'><strong>enni,</strong></span> <span class='ocrx_word' id='word_1_223' title='bbox 695 3011 736 3076; x_wconf 87' lang='lat' dir='ltr'><strong>ad</strong></span> <span class='ocrx_word' id='word_1_224' title='bbox 751 3033 849 3098; x_wconf 90' lang='lat' dir='ltr'><strong>quem</strong></span> <span class='ocrx_word' id='word_1_225' title='bbox 864 3011 950 3077; x_wconf 92' lang='lat' dir='ltr'><strong>diem</strong></span> <span class='ocrx_word' id='word_1_226' title='bbox 965 3013 1034 3098; x_wconf 89' lang='lat' dir='ltr'><strong>ipse</strong></span> <span class='ocrx_word' id='word_1_227' title='bbox 1050 3013 1162 3078; x_wconf 91' lang='lat' dir='ltr'><strong>Simon</strong></span> <span class='ocrx_word' id='word_1_228' title='bbox 1176 3015 1269 3078; x_wconf 89' lang='lat' dir='ltr'><strong>uenit</strong></span> <span class='ocrx_word' id='word_1_229' title='bbox 1283 3013 1326 3080; x_wconf 90' lang='lat' dir='ltr'><strong>ad</strong></span> 
     </span>
     <span class='ocr_line' id='line_1_26' title="bbox 224 3114 1325 3201; baseline 0.001 -20"><span class='ocrx_word' id='word_1_230' title='bbox 224 3125 368 3182; x_wconf 78' lang='lat' dir='ltr'><strong>castrum</strong></span> <span class='ocrx_word' id='word_1_231' title='bbox 383 3123 418 3180; x_wconf 87' lang='lat' dir='ltr'><strong>et</strong></span> <span class='ocrx_word' id='word_1_232' title='bbox 431 3114 479 3181; x_wconf 94' lang='lat' dir='ltr'><strong>ibi</strong></span> <span class='ocrx_word' id='word_1_233' title='bbox 493 3137 615 3180; x_wconf 88' lang='lat' dir='ltr'><strong>moram</strong></span> <span class='ocrx_word' id='word_1_234' title='bbox 630 3114 707 3180; x_wconf 89' lang='grc'>10012</span> <span class='ocrx_word' id='word_1_235' title='bbox 721 3123 792 3179; x_wconf 87' lang='grc'>2020</span> <span class='ocrx_word' id='word_1_236' title='bbox 806 3114 859 3179; x_wconf 89' lang='lat' dir='ltr'><strong>die</strong></span> <span class='ocrx_word' id='word_1_237' title='bbox 874 3135 1003 3180; x_wconf 87' lang='lat' dir='ltr'><strong>amane</strong></span> <span class='ocrx_word' id='word_1_238' title='bbox 1020 3137 1121 3201; x_wconf 90' lang='lat' dir='ltr'><strong>usque</strong></span> <span class='ocrx_word' id='word_1_239' title='bbox 1135 3117 1178 3181; x_wconf 90' lang='lat' dir='ltr'><strong>ad</strong></span> <span class='ocrx_word' id='word_1_240' title='bbox 1196 3125 1325 3183; x_wconf 90' lang='lat' dir='ltr'><strong>noctem</strong></span> 
     </span>
     <span class='ocr_line' id='line_1_27' title="bbox 224 3218 1325 3306; baseline 0 -20"><span class='ocrx_word' id='word_1_241' title='bbox 224 3229 261 3286; x_wconf 91' lang='grc'><strong>02</strong></span> <span class='ocrx_word' id='word_1_242' title='bbox 275 3221 347 3306; x_wconf 85' lang='lat' dir='ltr'><strong>ipsa</strong></span> <span class='ocrx_word' id='word_1_243' title='bbox 359 3243 424 3286; x_wconf 94' lang='lat' dir='ltr'><strong>non</strong></span> <span class='ocrx_word' id='word_1_244' title='bbox 439 3220 532 3285; x_wconf 84' lang='lat' dir='ltr'><strong>uenit</strong></span> <span class='ocrx_word' id='word_1_245' title='bbox 546 3219 588 3286; x_wconf 89' lang='lat' dir='ltr'><strong>ad</strong></span> <span class='ocrx_word' id='word_1_246' title='bbox 603 3218 689 3284; x_wconf 87' lang='lat' dir='ltr'><strong>diem</strong></span> <span class='ocrx_word' id='word_1_247' title='bbox 703 3219 806 3297; x_wconf 89' lang='lat' dir='ltr'><strong>illum,</strong></span> <span class='ocrx_word' id='word_1_248' title='bbox 814 3218 864 3284; x_wconf 90' lang='grc'><strong>120</strong></span> <span class='ocrx_word' id='word_1_249' title='bbox 871 3219 957 3305; x_wconf 94' lang='lat' dir='ltr'><strong>quod</strong></span> <span class='ocrx_word' id='word_1_250' title='bbox 968 3227 1081 3304; x_wconf 83' lang='lat' dir='ltr'><strong>postea</strong></span> <span class='ocrx_word' id='word_1_251' title='bbox 1090 3219 1132 3284; x_wconf 84' lang='lat' dir='ltr'><strong>ed</strong></span> <span class='ocrx_word' id='word_1_252' title='bbox 1142 3221 1325 3306; x_wconf 87' lang='lat' dir='ltr'><strong>proximum</strong></span> 
     </span>
     <span class='ocr_line' id='line_1_28' title="bbox 224 3321 1326 3408; baseline 0 -20"><span class='ocrx_word' id='word_1_253' title='bbox 224 3323 416 3389; x_wconf 86' lang='lat' dir='ltr'><strong>comitatum</strong></span> <span class='ocrx_word' id='word_1_254' title='bbox 435 3323 528 3388; x_wconf 86' lang='lat' dir='ltr'><strong>uenit</strong></span> <span class='ocrx_word' id='word_1_255' title='bbox 549 3321 621 3408; x_wconf 92' lang='lat' dir='ltr'><strong>ipsa</strong></span> <span class='ocrx_word' id='word_1_256' title='bbox 637 3330 672 3387; x_wconf 89' lang='grc'><strong>02</strong></span> <span class='ocrx_word' id='word_1_257' title='bbox 691 3321 811 3408; x_wconf 89' lang='lat' dir='ltr'><strong>optulit</strong></span> <span class='ocrx_word' id='word_1_258' title='bbox 833 3345 868 3387; x_wconf 91' lang='grc'><strong>00</strong></span> <span class='ocrx_word' id='word_1_259' title='bbox 888 3331 923 3386; x_wconf 88' lang='grc'><strong>02</strong></span> <span class='ocrx_word' id='word_1_260' title='bbox 944 3322 1057 3388; x_wconf 88' lang='lat' dir='ltr'><strong>Simon</strong></span> <span class='ocrx_word' id='word_1_261' title='bbox 1076 3323 1169 3388; x_wconf 88' lang='lat' dir='ltr'><strong>uenit</strong></span> <span class='ocrx_word' id='word_1_262' title='bbox 1185 3331 1220 3388; x_wconf 89' lang='grc'><strong>02</strong></span> <span class='ocrx_word' id='word_1_263' title='bbox 1241 3323 1326 3388; x_wconf 87' lang='lat' dir='ltr'><strong>dixit</strong></span> 
     </span>
     <span class='ocr_line' id='line_1_29' title="bbox 224 3424 1327 3513; baseline 0.001 -21"><span class='ocrx_word' id='word_1_264' title='bbox 224 3425 314 3513; x_wconf 87' lang='lat' dir='ltr'><strong>quod</strong></span> <span class='ocrx_word' id='word_1_265' title='bbox 328 3427 400 3512; x_wconf 86' lang='lat' dir='ltr'><strong>ipsa</strong></span> <span class='ocrx_word' id='word_1_266' title='bbox 414 3427 534 3492; x_wconf 89' lang='grc'>1000102</span> <span class='ocrx_word' id='word_1_267' title='bbox 548 3424 702 3490; x_wconf 72' lang='lat' dir='ltr'><strong>deffltam</strong></span> <span class='ocrx_word' id='word_1_268' title='bbox 722 3447 760 3490; x_wconf 93' lang='grc'><strong>00</strong></span> <span class='ocrx_word' id='word_1_269' title='bbox 775 3424 862 3512; x_wconf 90' lang='lat' dir='ltr'><strong>quod</strong></span> <span class='ocrx_word' id='word_1_270' title='bbox 881 3447 946 3490; x_wconf 90' lang='lat' dir='ltr'><strong>non</strong></span> <span class='ocrx_word' id='word_1_271' title='bbox 960 3434 1147 3492; x_wconf 85' lang='grc'>0010000102</span> <span class='ocrx_word' id='word_1_272' title='bbox 1162 3424 1248 3492; x_wconf 87' lang='lat' dir='ltr'><strong>diem</strong></span> <span class='ocrx_word' id='word_1_273' title='bbox 1263 3427 1327 3494; x_wconf 89' lang='lat' dir='ltr'><strong>sibi</strong></span> 
     </span>
     <span class='ocr_line' id='line_1_30' title="bbox 223 3528 1326 3616; baseline 0.001 -21"><span class='ocrx_word' id='word_1_274' title='bbox 223 3530 341 3596; x_wconf 86' lang='lat' dir='ltr'><strong>datum</strong></span> <span class='ocrx_word' id='word_1_275' title='bbox 362 3528 450 3616; x_wconf 93' lang='lat' dir='ltr'><strong>apud</strong></span> <span class='ocrx_word' id='word_1_276' title='bbox 471 3537 612 3593; x_wconf 85' lang='lat' dir='ltr'><strong>castrum</strong></span> <span class='ocrx_word' id='word_1_277' title='bbox 634 3535 669 3593; x_wconf 88' lang='lat' dir='ltr'><strong>et</strong></span> <span class='ocrx_word' id='word_1_278' title='bbox 691 3528 838 3614; x_wconf 88' lang='lat' dir='ltr'><strong>quesitus</strong></span> <span class='ocrx_word' id='word_1_279' title='bbox 859 3537 970 3592; x_wconf 87' lang='lat' dir='ltr'><strong>utrum</strong></span> <span class='ocrx_word' id='word_1_280' title='bbox 989 3528 1090 3594; x_wconf 85' lang='lat' dir='ltr'><strong>uellet</strong></span> <span class='ocrx_word' id='word_1_281' title='bbox 1109 3537 1221 3594; x_wconf 89' lang='lat' dir='ltr'><strong>tencre</strong></span> <span class='ocrx_word' id='word_1_282' title='bbox 1235 3553 1269 3595; x_wconf 91' lang='grc'><strong>00</strong></span> <span class='ocrx_word' id='word_1_283' title='bbox 1283 3530 1326 3596; x_wconf 88' lang='lat' dir='ltr'><strong>ad</strong></span> 
     </span>
     <span class='ocr_line' id='line_1_31' title="bbox 225 3629 1324 3718; baseline 0.001 -21"><span class='ocrx_word' id='word_1_284' title='bbox 225 3633 383 3698; x_wconf 86' lang='grc'>1101012010</span> <span class='ocrx_word' id='word_1_285' title='bbox 394 3632 448 3696; x_wconf 87' lang='grc'><strong>001</strong></span> <span class='ocrx_word' id='word_1_286' title='bbox 459 3631 502 3696; x_wconf 88' lang='lat' dir='ltr'><strong>ad</strong></span> <span class='ocrx_word' id='word_1_287' title='bbox 512 3631 650 3717; x_wconf 89' lang='lat' dir='ltr'><strong>capitale</strong></span> <span class='ocrx_word' id='word_1_288' title='bbox 662 3630 828 3717; x_wconf 86' lang='lat' dir='ltr'><strong>placitum,</strong></span> <span class='ocrx_word' id='word_1_289' title='bbox 837 3629 1002 3716; x_wconf 85' lang='lat' dir='ltr'><strong>respondit</strong></span> <span class='ocrx_word' id='word_1_290' title='bbox 1016 3631 1103 3718; x_wconf 90' lang='lat' dir='ltr'><strong>quod</strong></span> <span class='ocrx_word' id='word_1_291' title='bbox 1115 3629 1158 3696; x_wconf 87' lang='lat' dir='ltr'><strong>ad</strong></span> <span class='ocrx_word' id='word_1_292' title='bbox 1172 3632 1324 3698; x_wconf 78' lang='lat' dir='ltr'><strong>defaltum</strong></span> 
     </span>
     <span class='ocr_line' id='line_1_32' title="bbox 226 3733 1326 3823; baseline 0.002 -23"><span class='ocrx_word' id='word_1_293' title='bbox 226 3735 305 3823; x_wconf 88' lang='lat' dir='ltr'><strong>quia</strong></span> <span class='ocrx_word' id='word_1_294' title='bbox 318 3743 433 3821; x_wconf 86' lang='lat' dir='ltr'><strong>aperta</strong></span> <span class='ocrx_word' id='word_1_295' title='bbox 445 3733 509 3799; x_wconf 88' lang='grc'>11112</span> <span class='ocrx_word' id='word_1_296' title='bbox 523 3735 646 3800; x_wconf 83' lang='lat' dir='ltr'><strong>defalta</strong></span> <span class='ocrx_word' id='word_1_297' title='bbox 658 3742 698 3799; x_wconf 90' lang='grc'><strong>02</strong></span> <span class='ocrx_word' id='word_1_298' title='bbox 712 3734 744 3799; x_wconf 91' lang='grc'><strong>01</strong></span> <span class='ocrx_word' id='word_1_299' title='bbox 754 3734 935 3800; x_wconf 86' lang='lat' dir='ltr'><strong>uidebatur.</strong></span> <span class='ocrx_word' id='word_1_300' title='bbox 972 3734 1016 3799; x_wconf 83' lang='lat' dir='ltr'><strong>Et</strong></span> <span class='ocrx_word' id='word_1_301' title='bbox 1030 3735 1203 3801; x_wconf 81' lang='lat' dir='ltr'><strong>comitatus</strong></span> <span class='ocrx_word' id='word_1_302' title='bbox 1217 3737 1326 3823; x_wconf 89' lang='lat' dir='ltr'><strong>posuit</strong></span> 
     </span>
     <span class='ocr_line' id='line_1_33' title="bbox 224 3839 1326 3926; baseline 0.004 -22"><span class='ocrx_word' id='word_1_303' title='bbox 224 3840 384 3905; x_wconf 89' lang='lat' dir='ltr'><strong>iudicium</strong></span> <span class='ocrx_word' id='word_1_304' title='bbox 409 3839 444 3904; x_wconf 90' lang='lat' dir='ltr'><strong>in</strong></span> <span class='ocrx_word' id='word_1_305' title='bbox 469 3846 651 3925; x_wconf 86' lang='lat' dir='ltr'><strong>respectum</strong></span> <span class='ocrx_word' id='word_1_306' title='bbox 676 3861 778 3926; x_wconf 89' lang='lat' dir='ltr'><strong>usque</strong></span> <span class='ocrx_word' id='word_1_307' title='bbox 804 3839 846 3904; x_wconf 88' lang='lat' dir='ltr'><strong>ad</strong></span> <span class='ocrx_word' id='word_1_308' title='bbox 871 3840 1053 3926; x_wconf 82' lang='lat' dir='ltr'><strong>proximum</strong></span> <span class='ocrx_word' id='word_1_309' title='bbox 1077 3841 1267 3908; x_wconf 86' lang='lat' dir='ltr'><strong>comitatum</strong></span> <span class='ocrx_word' id='word_1_310' title='bbox 1290 3852 1326 3908; x_wconf 90' lang='grc'><strong>02</strong></span> 
     </span>
     <span class='ocr_line' id='line_1_34' title="bbox 225 3941 1324 4029; baseline 0.002 -21"><span class='ocrx_word' id='word_1_311' title='bbox 225 3952 306 4008; x_wconf 84' lang='lat' dir='ltr'><strong>tunc</strong></span> <span class='ocrx_word' id='word_1_312' title='bbox 321 3950 482 4008; x_wconf 84' lang='grc' dir='ltr'>000011ιο2</span> <span class='ocrx_word' id='word_1_313' title='bbox 497 3942 567 4027; x_wconf 90' lang='lat' dir='ltr'><strong>ipsa</strong></span> <span class='ocrx_word' id='word_1_314' title='bbox 581 3941 721 4007; x_wconf 88' lang='lat' dir='ltr'><strong>Isabella</strong></span> <span class='ocrx_word' id='word_1_315' title='bbox 735 3949 769 4007; x_wconf 91' lang='grc'><strong>02</strong></span> <span class='ocrx_word' id='word_1_316' title='bbox 785 3941 897 4007; x_wconf 92' lang='lat' dir='ltr'><strong>Simon</strong></span> <span class='ocrx_word' id='word_1_317' title='bbox 917 3951 952 4006; x_wconf 93' lang='grc'><strong>02</strong></span> <span class='ocrx_word' id='word_1_318' title='bbox 971 3943 1139 4029; x_wconf 87' lang='lat' dir='ltr'><strong>pecierunt</strong></span> <span class='ocrx_word' id='word_1_319' title='bbox 1158 3944 1324 4010; x_wconf 89' lang='lat' dir='ltr'><strong>recordnm</strong></span> 
     </span>
     <span class='ocr_line' id='line_1_35' title="bbox 224 4043 1377 4131; baseline 0.003 -21"><span class='ocrx_word' id='word_1_320' title='bbox 224 4055 260 4111; x_wconf 91' lang='grc'><strong>02</strong></span> <span class='ocrx_word' id='word_1_321' title='bbox 283 4043 439 4111; x_wconf 90' lang='lat' dir='ltr'><strong>iudicium</strong></span> <span class='ocrx_word' id='word_1_322' title='bbox 463 4065 567 4122; x_wconf 89' lang='lat' dir='ltr'><strong>suum,</strong></span> <span class='ocrx_word' id='word_1_323' title='bbox 589 4051 624 4110; x_wconf 89' lang='grc'><strong>02</strong></span> <span class='ocrx_word' id='word_1_324' title='bbox 649 4043 726 4131; x_wconf 89' lang='lat' dir='ltr'><strong>qnia</strong></span> <span class='ocrx_word' id='word_1_325' title='bbox 753 4043 927 4110; x_wconf 87' lang='lat' dir='ltr'><strong>comitatus</strong></span> <span class='ocrx_word' id='word_1_326' title='bbox 956 4046 1062 4110; x_wconf 89' lang='lat' dir='ltr'><strong>uoluit</strong></span> <span class='ocrx_word' id='word_1_327' title='bbox 1090 4046 1256 4113; x_wconf 86' lang='lat' dir='ltr'><strong>cerciorari</strong></span> <span class='ocrx_word' id='word_1_328' title='bbox 1283 4048 1324 4113; x_wconf 90' lang='lat' dir='ltr'><strong>de</strong></span> <span class='ocrx_word' id='word_1_329' title='bbox 1374 4077 1377 4085; x_wconf 92' lang='lat'>·</span> 
     </span>
     <span class='ocr_line' id='line_1_36' title="bbox 224 4148 1325 4236; baseline 0.005 -21"><span class='ocrx_word' id='word_1_330' title='bbox 224 4149 348 4216; x_wconf 86' lang='lat' dir='ltr'><strong>defalta</strong></span> <span class='ocrx_word' id='word_1_331' title='bbox 370 4148 428 4213; x_wconf 91' lang='lat' dir='ltr'><strong>illa</strong></span> <span class='ocrx_word' id='word_1_332' title='bbox 450 4149 478 4214; x_wconf 86' lang='lat' dir='ltr'><strong>ei</strong></span> <span class='ocrx_word' id='word_1_333' title='bbox 501 4170 565 4235; x_wconf 89' lang='lat' dir='ltr'><strong>que</strong></span> <span class='ocrx_word' id='word_1_334' title='bbox 594 4156 687 4226; x_wconf 90' lang='lat' dir='ltr'><strong>esset,</strong></span> <span class='ocrx_word' id='word_1_335' title='bbox 710 4148 869 4214; x_wconf 89' lang='lat' dir='ltr'><strong>miserunt</strong></span> <span class='ocrx_word' id='word_1_336' title='bbox 893 4159 1025 4236; x_wconf 88' lang='lat' dir='ltr'><strong>propter</strong></span> <span class='ocrx_word' id='word_1_337' title='bbox 1052 4151 1325 4220; x_wconf 86' lang='lat' dir='ltr'><strong>constabularium</strong></span> 
     </span>
     <span class='ocr_line' id='line_1_37' title="bbox 224 4251 1325 4343; baseline 0.004 -25"><span class='ocrx_word' id='word_1_338' title='bbox 224 4251 323 4318; x_wconf 85' lang='lat' dir='ltr'><strong>castri</strong></span> <span class='ocrx_word' id='word_1_339' title='bbox 337 4259 376 4317; x_wconf 88' lang='grc'><strong>02</strong></span> <span class='ocrx_word' id='word_1_340' title='bbox 391 4274 449 4337; x_wconf 90' lang='lat' dir='ltr'><strong>per</strong></span> <span class='ocrx_word' id='word_1_341' title='bbox 462 4275 537 4318; x_wconf 90' lang='lat' dir='ltr'><strong>eum</strong></span> <span class='ocrx_word' id='word_1_342' title='bbox 552 4253 633 4318; x_wconf 87' lang='lat' dir='ltr'><strong>certi</strong></span> <span class='ocrx_word' id='word_1_343' title='bbox 647 4261 754 4318; x_wconf 84' lang='lat' dir='ltr'><strong>essent</strong></span> <span class='ocrx_word' id='word_1_344' title='bbox 763 4260 798 4318; x_wconf 91' lang='grc'><strong>02</strong></span> <span class='ocrx_word' id='word_1_345' title='bbox 809 4253 1064 4320; x_wconf 88' lang='lat' dir='ltr'><strong>constabularius</strong></span> <span class='ocrx_word' id='word_1_346' title='bbox 1077 4255 1170 4321; x_wconf 88' lang='lat' dir='ltr'><strong>uenit</strong></span> <span class='ocrx_word' id='word_1_347' title='bbox 1180 4255 1217 4322; x_wconf 91' lang='lat' dir='ltr'><strong>in</strong></span> <span class='ocrx_word' id='word_1_348' title='bbox 1229 4257 1325 4343; x_wconf 92' lang='lat' dir='ltr'><strong>pleno</strong></span> 
     </span>
     <span class='ocr_line' id='line_1_38' title="bbox 224 4353 1327 4445; baseline 0.004 -25"><span class='ocrx_word' id='word_1_349' title='bbox 224 4353 384 4420; x_wconf 83' lang='lat' dir='ltr'><strong>comitatu</strong></span> <span class='ocrx_word' id='word_1_350' title='bbox 399 4361 434 4420; x_wconf 85' lang='grc'><strong>02</strong></span> <span class='ocrx_word' id='word_1_351' title='bbox 448 4355 600 4442; x_wconf 81' lang='lat' dir='ltr'><strong>cognouit</strong></span> <span class='ocrx_word' id='word_1_352' title='bbox 615 4353 700 4441; x_wconf 88' lang='lat' dir='ltr'><strong>quod</strong></span> <span class='ocrx_word' id='word_1_353' title='bbox 715 4376 829 4420; x_wconf 89' lang='lat' dir='ltr'><strong>reuera</strong></span> <span class='ocrx_word' id='word_1_354' title='bbox 842 4354 929 4420; x_wconf 90' lang='lat' dir='ltr'><strong>idem</strong></span> <span class='ocrx_word' id='word_1_355' title='bbox 945 4354 1057 4421; x_wconf 91' lang='lat' dir='ltr'><strong>Simon</strong></span> <span class='ocrx_word' id='word_1_356' title='bbox 1143 4358 1155 4391; x_wconf 70' lang='lat'><em>³</em></span> <span class='ocrx_word' id='word_1_357' title='bbox 1254 4381 1327 4445; x_wconf 90' lang='lat' dir='ltr'><strong>pre·</strong></span> 
     </span>
    </p>
   </div>
   <div class='ocr_carea' id='block_1_3' title="bbox 421 4487 1132 4552">
    <p class='ocr_par' dir='ltr' id='par_1_4' title="bbox 421 4487 1132 4552">
     <span class='ocr_line' id='line_1_39' title="bbox 421 4487 1132 4552; baseline 0.003 -14"><span class='ocrx_word' id='word_1_358' title='bbox 421 4487 498 4540; x_wconf 81' lang='lat' dir='ltr'><strong>¹Sio.</strong></span> <span class='ocrx_word' id='word_1_359' title='bbox 596 4525 597 4530; x_wconf 65' lang='lat'>,</span> <span class='ocrx_word' id='word_1_360' title='bbox 722 4488 1132 4552; x_wconf 69' lang='grc' dir='ltr'><strong>220110001111012ςΒ110112020.</strong></span> 
     </span>
    </p>
   </div>
   <div class='ocr_carea' id='block_1_4' title="bbox 0 0 1676 5217">
    <p class='ocr_par' dir='ltr' id='par_1_5' title="bbox 0 0 1676 5217">
     <span class='ocr_line' id='line_1_40' title="bbox 0 0 1676 5217; baseline 0 1"><span class='ocrx_word' id='word_1_361' title='bbox 0 0 1676 5217; x_wconf 95' lang='lat' dir='ltr'><strong> </strong></span> 
     </span>
    </p>
   </div>
  </div>
 </body>
</html>
