3342 5217
354 410 419 473 684
563 419 797 482 messuisse,
818 418 886 471 su.
911 404 1004 481 1232,
1028 419 1091 469 su
1115 402 1251 473 16-17,

354 594 464 661 dotem
487 616 580 659 suum
604 616 663 680 per
688 600 819 658 tentum
845 599 983 678 tempus
1029 590 1073 655 Et
1098 590 1176 677 quia
1200 589 1271 676 ipss
1292 608 1463 673 nunquam

353 696 464 763 dotem
485 718 578 761 suem
599 694 699 782 peciit
721 704 867 780 tempore
890 694 992 780 putris
1013 693 1072 771 sui,
1088 694 1145 781 qui
1164 693 1255 757 illam
1276 689 1386 757 tenuit
1404 711 1465 776 per

353 803 448 867 m‘.
462 823 572 876 annos,
587 809 622 865 et
641 800 719 886 quis
740 798 880 864 obiitin
897 799 1027 877 seisinn,
1042 807 1077 863 et
1098 797 1263 885 predictus
1277 796 1465 861 willelmus

352 914 403 969 est
424 904 508 969 infra
529 911 661 981 etatem,
683 902 921 968 consideratum
947 910 998 967 est
1022 901 1108 987 quod
1131 902 1266 968 Juliuns
1288 900 1365 966 inde
1391 898 1464 963 sine

352 1006 406 1071 die
419 1028 522 1092 usque
537 1005 579 1070 ud
593 1012 716 1071 etatem
725 1004 744 1071 ¹.
1354 1028 1356 1033 ·

281 1114 305 1173 '.
418 1110 529 1175 Assise
542 1109 636 1175 uenit
649 1109 856 1197 recognitum
870 1109 897 1175 si
908 1109 1074 1175 Walterus
1088 1108 1175 1174 filius
1190 1107 1325 1174 Roberti
1339 1107 1462 1172 iniuste

353 1222 413 1281 ete
429 1214 606 1279 disseisiuit
620 1213 788 1279 Juliunam
806 1236 870 1300 que
892 1214 955 1279 fuit
976 1236 1057 1279 uxor
1078 1213 1214 1279 Roberti
1235 1212 1295 1277 filii
1317 1208 1463 1297 Philippi

353 1318 394 1383 de
409 1325 596 1383 tenemento
611 1317 719 1382 suein
734 1317 896 1382 Fonihsm
918 1326 992 1404 post
1011 1318 1149 1404 primum
1171 1326 1230 1382 ete.
1245 1316 1333 1381 unde
1354 1312 1465 1401 queri-

353 1430 409 1487 tur
423 1422 509 1510 quod
523 1422 611 1487 idem
626 1421 791 1487 Walterus
812 1421 991 1486 disseisiuit
1013 1444 1086 1486 eum
1107 1420 1148 1485 de
1171 1442 1238 1485 uua
1259 1442 1360 1485 eume
1376 1426 1464 1481 terre

353 1549 429 1592 eum
442 1536 523 1613 pert
538 1526 574 1591 in
589 1526 751 1591 Fordhum
766 1526 854 1592 unde
869 1526 936 1595 fuit
948 1526 983 1591 in
998 1526 1116 1591 seisinu
1135 1533 1175 1590 ut
1194 1525 1270 1591 dote
1293 1546 1352 1589 sus
1374 1521 1464 1587 unde

355 1629 523 1695 nominata
552 1630 645 1695 dotu’
673 1631 737 1695 fuit
766 1653 825 1717 per
854 1640 978 1696 curtam
1008 1630 1154 1696 eiusdem
1188 1627 1332 1716 Philippi
1360 1648 1462 1713 quam

355 1734 477 1818 profert
491 1740 526 1797 et
540 1755 604 1818 que
619 1734 679 1798 hoc
694 1741 842 1798 testatur.

420 1838 466 1903 Et
485 1838 650 1903 Walterus
670 1838 764 1903 uenit
784 1846 819 1903 et
838 1838 920 1904 dicit
941 1838 1027 1925 quod
1049 1838 1149 1903 assisa
1173 1858 1238 1901 non
1263 1834 1361 1901 debet
1386 1834 1465 1901 inde

355 1940 434 2017 fieri,
448 1940 527 2027 quia
539 1941 611 2027 ipss
624 1964 690 2006 nou
703 1943 813 2029 potuit
827 1942 938 2008 dotem
953 1942 1029 2007 inde
1044 1940 1164 2006 hebere
1184 1940 1262 2027 quis
1283 1938 1465 2026 predictus·

355 2043 518 2131 quondum
544 2044 596 2109 uir
617 2068 696 2110 suus
718 2066 783 2110 uon
806 2046 916 2133 potuit
938 2068 1011 2111 eam
1033 2044 1109 2110 inde
1134 2044 1255 2121 dotare,
1278 2044 1356 2131 quia
1377 2054 1468 2109 tenu

355 2147 413 2212 illa
433 2148 497 2213 fuit
515 2149 725 2237 mariagium
744 2150 859 2216 metris
878 2151 981 2237 ipsius
1001 2148 1139 2216 Walteri
1160 2150 1210 2214 its
1231 2150 1317 2236 quod
1337 2148 1466 2236 predic·

355 2261 411 2317 tus
438 2252 601 2318 Robertus
627 2254 676 2320 et⁴
704 2255 757 2320 uir
778 2254 882 2341 ipsius
906 2255 1040 2319 Juliene
1063 2276 1129 2318 non
1154 2252 1272 2319 habuit
1297 2252 1373 2318 iude
1399 2251 1466 2317 uisi

354 2355 534 2420 custodiam
548 2365 587 2421 ut
602 2356 642 2422 de
658 2358 830 2446 maritagio
846 2360 955 2425 uxoris
969 2378 1034 2425 sue.

422 2458 465 2522 Et
489 2459 625 2524 Juliana
646 2461 740 2525 uenit
765 2470 800 2525 et
822 2460 904 2527 dicit
927 2461 1014 2548 quod
1039 2461 1111 2549 ipsu
1135 2461 1199 2526 fuit
1222 2460 1257 2525 in
1281 2460 1400 2526 seisiua
1421 2459 1465 2527 de

354 2559 501 2645 predicte
515 2569 602 2626 terra
616 2585 637 2626 a
651 2563 733 2627 festo
754 2564 787 2628 S.
802 2563 824 2628 J
826 2563 877 2629 oh.
892 2564 987 2649 Bept.
1004 2584 1106 2650 usque
1130 2571 1203 2649 post
1225 2564 1345 2627 festum
1368 2562 1467 2629 Omn.

356 2662 447 2727 Sene
472 2670 507 2727 et
530 2662 617 2750 quod
640 2663 716 2729 inde
739 2665 933 2730 nominatim
957 2666 1071 2732 dotata
1092 2667 1165 2743 fuit,
1189 2666 1238 2731 ita
1261 2665 1348 2753 quod
1375 2665 1466 2731 idem

354 2765 519 2831 walterus
532 2768 740 2853 inplacituuit
754 2789 827 2834 eam
842 2769 877 2834 iu
893 2769 1051 2835 comitatu
1072 2792 1130 2856 per
1144 2770 1243 2835 breue
1259 2768 1299 2834 de
1314 2792 1467 2835 emensu-

354 2870 482 2936 rseioue
496 2871 590 2950 dotis,
602 2880 637 2937 et
647 2873 684 2937 in
698 2881 830 2939 tautum
844 2874 999 2960 processit
1014 2874 1144 2959 loquela
1154 2873 1240 2960 quod
1251 2872 1322 2959 ipss
1332 2872 1468 2937 recessit

356 2975 427 3040 siue
450 2976 503 3041 die
525 2998 639 3041 uersus
661 2999 745 3054 eum,
761 2985 795 3041 et
817 2976 905 3064 quod
925 2976 971 3042 sie
992 2977 1055 3042 fuit
1074 2977 1190 3043 dotata
1203 2985 1238 3043 et
1252 2977 1287 3041 in
1302 2976 1446 3064 seisiuel

357 3080 443 3145 sieut
456 3079 639 3165 predictum
655 3090 706 3145 est
719 3080 795 3145 inde
811 3080 905 3165 ponit
919 3102 954 3145 se
969 3102 1066 3165 super
1080 3080 1220 3145 assisam.

421 3182 591 3246 iuratores
611 3180 727 3245 dieunt
748 3180 835 3266 quod
855 3180 1002 3267 predicta
1015 3182 1039 3247 J
1040 3181 1150 3246 ulieus
1163 3181 1227 3245 fuit
1241 3180 1277 3245 in
1291 3180 1411 3246 seisiue
1423 3180 1467 3247 de

357 3284 503 3371 poediota
524 3294 612 3350 terra
632 3294 672 3350 ut
694 3284 736 3349 de
756 3286 832 3349 dote
853 3308 913 3350 sua
926 3308 948 3351 u
961 3286 1043 3351 festo
1059 3285 1090 3350 S.
1106 3285 1179 3352 Jou
1195 3286 1291 3371 Bupt.
1305 3307 1409 3371 usque
1423 3285 1468 3351 ud

357 3391 476 3454 festum
501 3389 594 3455 Omn.
620 3390 722 3466 Seue,
744 3397 795 3454 set
816 3409 933 3454 reuera
955 3388 1024 3475 ipse
1047 3390 1213 3455 Walterus
1239 3390 1332 3455 uenit
1357 3390 1405 3454 ibi
1430 3398 1468 3455 et

356 3492 452 3557 eiecit
467 3514 549 3570 eum,
563 3492 613 3557 ita
634 3492 720 3579 quod
742 3493 814 3579 ipss
835 3493 942 3558 udiuit
964 3492 1153 3558 Hubertum
1174 3493 1216 3558 de
1238 3494 1347 3581 Burgo
1369 3496 1468 3559 tunc⁶

356 3597 380 3662 J
381 3596 591 3674 ustieiuiium,
605 3603 641 3662 et
654 3596 796 3683 reposita
811 3596 875 3661 fuit
889 3598 925 3661 iu
939 3596 1090 3661 seisinem
1111 3618 1209 3682 quum
1228 3595 1318 3683 prius
1339 3596 1468 3675 habuit,

356 3709 391 3765 et
401 3700 556 3765 remansit
570 3700 605 3764 iu
620 3700 739 3765 seisina
749 3722 917 3787 quousque
929 3700 1025 3767 eiecit
1037 3722 1109 3766 eum
1120 3701 1241 3765 iniuste
1254 3708 1327 3786 post
1342 3700 1466 3765 festum

357 3804 452 3869 Omn.
468 3804 571 3881 Sane,
585 3804 672 3869 unde
691 3804 775 3868 bene
795 3804 910 3869 dicunt
932 3804 1018 3890 quod
1040 3804 1217 3869 disseieiuit
1239 3826 1312 3869 eam
1333 3802 1466 3871 iniuste.

357 3906 401 3969 Et
415 3906 488 3971 ideo
503 3905 741 3971 consideratum
756 3914 807 3971 est
824 3906 912 3993 quod
929 3906 953 3971 J
954 3906 1065 3971 uliuuu
1086 3906 1291 3992 recuperauit
1312 3906 1467 3973 seisinsm

357 4032 458 4088 suam,
472 4018 507 4075 et
520 4008 686 4075 Walterus
700 4010 735 4075 in
750 4010 975 4076 misericordis

389 4171 399 4203 ¹
415 4171 537 4229 Erectus,
549 4171 568 4220 t.
580 4170 660 4230 wib,
671 4168 735 4220 uites
746 4169 800 4220 this
811 4184 882 4230 οπεος
966 4170 978 4202 ¹
994 4170 1065 4220 Oorr.
1077 4170 1226 4221 nominatim
1236 4172 1330 4223 ὼεαεα,

356 4236 406 4350 iiii
416 4235 633 4364 iuwtgugegritnwtgt}
646 4236 882 4365 gsiutffiemliitiiioli
964 4234 1248 4351 :gugiplzt'ltoggffis
1270 4316 1322 4352 vm
1344 4302 1468 4354 Robert's

358 4365 437 4416 sitien
450 4366 508 4417 thet
520 4364 541 4417 it
552 4370 688 4429 supporta
706 4382 747 4417 see
759 4366 777 4416 i.
789 4368 838 4415 422
849 4366 883 4416 ud
933 4365 1028 4416 seoond
1038 4365 1104 4415 wife.

356 4431 403 4480 flu.
965 4431 975 4464 ⁵
992 4430 1045 4481 But
1056 4430 1135 4494 lutely
1146 4430 1285 4493 disgrseed.
