3342 5217
430 329 751 388 mensunusum.
777 315 871 390 1230,
894 329 958 378 aa
983 318 1117 380 14-15.
1259 319 1323 386 375

208 499 402 586 dicitquod
417 500 604 586 Stephanus
618 522 682 565 non
699 499 775 564 fecit
793 501 867 586 plus
881 501 1059 566 seruicium
1082 525 1179 588 quam
1197 502 1252 589 iiij.
1269 504 1323 569 sol.

220 616 255 668 et
278 605 306 668 si
328 604 494 669 distrinxit
520 627 596 670 eum
626 627 683 690 pro
706 605 875 691 arreragiis
903 606 1032 671 seruicii
1055 607 1095 672 de
1125 608 1324 692 temporibus

220 707 438 791 predictorum
453 707 614 792 Stephani
629 715 664 770 et
679 707 801 772 Odonis
816 707 877 772 hoo
891 708 969 773 fecit
982 708 1112 774 iniuste.
1157 709 1324 795 ¹Dampna

221 821 387 896 ponuntur
410 811 444 875 in
468 819 651 896 respectum
677 833 844 898 quousque
873 811 925 878 lex
947 813 1007 877 fiat
1029 812 1107 899 quia
1131 813 1215 879 dixit
1238 815 1324 901 quod

221 915 337 980 habuit
351 915 494 1001 dampna
508 937 566 1001 per
579 915 785 1001 capcionem¹

287 1019 329 1084 Et
348 1019 526 1086 Rollandus
545 1019 709 1106 cognoscit
728 1021 815 1106 quod
834 1021 921 1086 idem
945 1021 1016 1088 Odo
1037 1023 1179 1088 excoluit
1201 1030 1320 1088 terram

222 1120 310 1187 illam
341 1145 427 1187 anno
451 1122 597 1208 predicto
622 1133 672 1188 set
701 1145 767 1188 non
795 1146 854 1210 per
878 1124 970 1189 eum¹
994 1134 1045 1190 set
1074 1124 1159 1210 ipse¹
1188 1125 1248 1191 hoc
1276 1125 1324 1191 ei‘

218 1225 366 1310 permisit
380 1226 442 1291 suh
456 1225 714 1291 dissimulccione
729 1235 764 1291 et
778 1249 844 1292 non
857 1227 954 1292 aliter
967 1236 1027 1292 eto.
1087 1228 1130 1292 Et
1145 1228 1323 1294 Rollandus

219 1329 394 1416 requisitus
408 1329 449 1395 de
464 1337 609 1416 tempore
623 1330 716 1396 cuius
730 1339 764 1396 et
779 1353 838 1416 pro
855 1332 1026 1418 arreragiis
1039 1333 1132 1398 cuius
1154 1332 1321 1398 distrinxit

218 1433 326 1519 ipsum
344 1430 350 1518 Ι
370 1432 534 1497 Andream
563 1432 643 1498 dicit
672 1433 759 1519 quod
780 1455 839 1550 pro
859 1435 1028 1521 arreragiis
1049 1435 1178 1502 seruicii
1199 1435 1322 1522 predic·
1381 1451 1448 1503 [ut]

219 1545 326 1601 torum
354 1536 514 1622 Stephani
535 1544 570 1602 et
593 1535 715 1602 Odonis
736 1537 814 1622 quia
836 1539 1067 1624 temporibus
1058 1561 1201 1654 ipsorum
1222 1539 1323 1605 iacuit

221 1648 307 1705 terra
321 1641 378 1706 illa
392 1662 484 1726 quasi
474 1639 627 1704 deserta
646 1649 680 1705 et
667 1640 856 1706 tderelicta
872 1650 907 1706 et
929 1664 1025 1706 nemo
1047 1643 1079 1707 ei
1097 1642 1263 1728 respondit
1282 1643 1322 1708 de
1336 1651 1369 1690 ΝΟ
1335 1651 1456 1737 &³33⁶

220 1744 357 1810 senricio
384 1766 444 1809 nec
473 1744 562 1830 prius
586 1744 708 1830 aliquid
738 1745 867 1810 inuenit
895 1755 1132 1831 superterram
1154 1746 1244 1811 illam
1265 1768 1324 1831 per
1335 1746 1469 1887 §¹¹¹⁸
1393 1744 1487 1801 ΜΨ

219 1849 305 1934 quod
325 1849 434 1934 potuit
454 1849 690 1914 districcionem
711 1850 814 1916 facere
834 1872 892 1936 pru
911 1849 1047 1915 seruicio
1067 1873 1134 1916 suo.
1179 1851 1223 1916 Et
1244 1851 1362 1916 satis⁰
1335 1850 1463 1926 „affl”

219 1954 383 2040 cognoscit
397 1953 483 2040 quod
497 1953 663 2039 predictus
678 1954 749 2020 Odo
764 1955 827 2019 fuit
845 1955 880 2018 in
901 1955 1021 2020 seisina
1042 1954 1084 2020 de
1104 1955 1218 2020 eadem
1238 1964 1325 2021 terra
1487 1945 1493 1956 ’

222 2079 323 2142 usque
338 2057 380 2121 ad
394 2058 577 2144 predictum
593 2058 692 2123 finem
709 2059 832 2123 factum
852 2058 939 2123 inter
957 2059 1066 2144 ipsum
1082 2067 1118 2123 et
1138 2059 1323 2145 predictum

218 2161 391 2226 Andream
1388 2174 1391 2179 ⁴

284 2266 327 2330 Et
356 2266 434 2382 quia
455 2265 619 2352 predictus
643 2265 821 2330 Rollandus
844 2265 997 2352 cognouit
1025 2266 1113 2351 quod
1141 2265 1229 2331 idem
1252 2266 1323 2331 Odo

217 2367 305 2434 fuit
295 2391 330 2434 ιιι
348 2369 466 2434 saisina
484 2390 586 2454 usque
604 2367 646 2433 ad
668 2370 787 2432 festum
811 2368 842 2434 S.
861 2368 1022 2434 Johannis
1043 2391 1128 2433 anno
1149 2368 1284 2454 elapso
1274 2379 1323 2433 1ta
1335 2379 1387 2466 rap
1388 2380 1453 2467 ruod

217 2470 304 2556 quod
325 2470 466 2536 excoluit
488 2471 718 2559 terramillam
741 2469 917 2536 seminauit
945 2478 980 2535 et
1005 2471 1141 2536 messuit
1163 2471 1213 2535 ita
1235 2438 1400 2558 quod¹nocem
1332 2521 1466 2580 mmm

217 2575 413 2640 sufficienter
427 2575 535 2660 potuit
550 2551 742 2662 distringere
757 2597 832 2639 eum
848 2597 906 2660 pro
927 2575 1096 2661 arreragiis
1115 2575 1156 2640 de
1176 2583 1320 2662 tempore
1332 2573 1360 2664 ξ’
1348 2570 1464 2656 ῥοἛῗω

214 2679 319 2766 patris
333 2679 384 2744 sui
399 2688 433 2744 et
446 2702 504 2745 suo
519 2687 553 2744 et
564 2679 649 2766 quod
663 2701 722 2764 pro
736 2679 905 2764 arreragiis
916 2679 956 2744 de
967 2679 1187 2764 temporibus'
1178 2700 1320 2795 ipsorum
1332 2664 1425 2703 ’ΨΜ

217 2784 378 2871 Stephani
404 2792 438 2849 et
462 2784 584 2851 Odonis
606 2783 772 2848 distrinxit
793 2783 976 2868 predictum
997 2783 1162 2848 Andream
1184 2791 1219 2848 et
1244 2783 1322 2868 quia

217 2911 276 2974 pro
301 2888 437 2954 seruicio
459 2887 560 2974 ipsius
590 2887 720 2954 Andree
750 2887 838 2974 quod
865 2909 887 2952 a
913 2895 998 2951 retro
1024 2887 1088 2950 ftrit
1110 2893 1144 2950 et
1166 2886 1321 2972 exiguum

217 2992 259 3057 de
275 2999 419 3077 ternpore
434 2991 536 3075 ipsius
549 2991 680 3056 Andree
695 2991 782 3076 cepit
796 2991 866 3076 ipse
877 2998 1009 3054 tantum
1019 2989 1121 3054 namii
1133 2988 1321 3055 Considera·

216 3103 290 3159 tum
316 3101 366 3160 est
390 3093 476 3179 quod
499 3092 541 3158 de
564 3101 709 3179 tempore
736 3091 896 3178 Stephani
925 3100 960 3156 et
986 3091 1108 3157 Odonis
1137 3092 1224 3178 cepit
1253 3091 1331 3178 ipse.

216 3198 329 3263 aueria
357 3197 459 3284 ipsius
488 3197 618 3262 Andree
647 3197 768 3262 iniuste
792 3205 826 3261 et
850 3196 937 3282 quod
961 3205 1073 3262 contra
1102 3197 1207 3281 legem
1236 3205 1322 3262 terre

217 3301 384 3367 distrinxit
399 3301 505 3386 ipsum
520 3300 685 3366 Andream
700 3323 758 3387 pro
773 3309 842 3366 tam
857 3323 958 3386 paruo
972 3300 1108 3366 seruioio
1119 3323 1177 3386 per
1191 3309 1322 3366 tantum

216 3405 319 3470 namii
333 3415 368 3472 et
381 3407 455 3470 ideo
470 3406 647 3472 Rollandus
661 3407 696 3472 in
710 3405 928 3472 misericordia
942 3413 976 3473 et
987 3405 1136 3471 Andreas
1145 3406 1323 3472 satisfaciat

217 3509 377 3575 Rollando
391 3509 432 3574 de
446 3509 615 3596 arreragiis
630 3510 670 3574 de
685 3518 830 3596 tempore
845 3532 912 3574 suo.

283 3612 328 3676 Et
343 3613 420 3698 quia
433 3612 579 3678 defendit
593 3612 817 3678 detencionem
835 3620 948 3676 contra
966 3611 1100 3676 uadium
1122 3620 1158 3676 et
1178 3611 1323 3698 plegium
1395 3613 1400 3622 ’

217 3715 332 3781 uadiat
354 3717 461 3803 legem
483 3738 517 3780 se
539 3716 621 3802 xijm
642 3737 741 3780 manu
763 3724 798 3779 et
820 3716 933 3780 ueniat
954 3738 1029 3807 cum
1051 3715 1139 3802 lege⁸
1160 3723 1220 3781 etc.
1241 3723 1275 3779 et
1295 3716 1323 3779 si

217 3829 298 3886 tunc
312 3819 442 3886 deficiat
456 3821 492 3886 ιιι
509 3820 580 3908 lege
601 3819 747 3886 facienda
765 3819 943 3886 satisfaciat
962 3819 1093 3886 Andree
1113 3819 1155 3884 de
1177 3843 1206 3885 x.
1227 3841 1321 3884 marc.

216 3947 277 4012 pro
291 3924 440 4010 dampnis
454 3924 529 3989 suis.
575 4003 576 4008 ἵ

251 4105 281 4138 ¹·
262 4104 291 4136 ·¹
307 4101 479 4166 Apostsoript
490 4101 570 4152 added
587 4115 620 4151 on
635 4100 681 4151 the
697 4101 746 4151 roll
828 4099 839 4132 ²
854 4087 965 4148 Roland.

218 4166 746 4296 erasistratus
827 4165 973 4279 ggpfa

219 4251 350 4415 Theapglse
367 4299 391 4350 is
409 4298 528 4350 resumed
546 4301 575 4348 at
593 4297 638 4348 tha
657 4301 703 4362 top
720 4297 747 4347 of
828 4294 1157 4355 “Esstsrflreweekah

218 4381 247 4415 m
