3342 5217
397 410 463 483 708
629 406 1154 483 mcmmms‚s.n.1224,ns
1178 406 1271 469 8-9.

397 604 463 671 fuit
475 624 557 669 uxor
576 596 725 668 (leufridi
743 598 825 666 duas
844 600 953 665 bouet.
969 605 1053 663 terre
1068 596 1103 662 in
1118 597 1265 662 Burtona
1278 617 1353 661 cum
1367 602 1450 682 pert.
1465 606 1507 660 ut

397 710 450 774 ius
469 730 564 773 suum
579 712 639 771 etc.
683 704 729 769 Et
743 702 921 768 Petronills
934 723 993 787 per
1006 707 1209 765 attornctum
1223 721 1319 763 suum
1334 700 1429 764 uenit
1443 706 1506 763 etc.

397 820 433 877 et
447 810 528 876 dicit
541 807 627 896 quod
640 806 729 872 idem
742 805 843 870 breue
858 804 1003 890 loquitur
1016 804 1057 869 de
1071 803 1201 869 redditu
1216 804 1322 889 xxxvj.
1337 804 1393 869 sol.
1409 810 1445 867 et
1465 802 1507 868 dc

397 914 489 979 nulls
502 922 589 978 terro
603 918 638 976 et
652 933 718 975 non
732 908 808 974 uult
822 908 854 972 ei
868 907 910 972 od
925 907 985 973 hoo
999 908 1099 973 breus
1119 906 1313 993 respondere
1332 906 1398 971 nisi·
1417 906 1510 971 curis

398 1014 649 1084 considersuerit
663 1013 789 1081 desicut
808 1018 939 1097 separat
953 1010 994 1076 de
1008 1010 1109 1077 breui.
1154 1011 1199 1075 Et
1214 1010 1390 1077 (laufridus
1409 1032 1511 1096 super

398 1122 459 1187 hoc
484 1119 647 1207 cognoscit
671 1124 707 1183 ct
730 1116 804 1182 ideo
828 1115 1007 1181 Petronilla
1029 1115 1098 1181 sine
1124 1114 1178 1181 die
1208 1122 1243 1181 et
1272 1114 1449 1181 Goufridus
1473 1115 1508 1179 in

398 1224 623 1290 misericordia
688 1260 691 1268 ·

464 1325 633 1393 ²Worinus
647 1324 689 1389 de
708 1320 975 1389 Denchelwrthe'
996 1322 1118 1408 optulit
1139 1346 1174 1388 se
1196 1346 1309 1388 uersus
1330 1321 1509 1388 Radulfum

283 1438 298 1466 ¹¹
398 1428 440 1494 de
468 1427 558 1493 Aure
587 1426 645 1513 qui
673 1448 707 1491 se
733 1424 910 1490 essoniauit
939 1423 979 1488 de
1009 1424 1094 1489 malo
1124 1426 1201 1490 lecti
1226 1448 1339 1490 uersus
1364 1446 1440 1490 eum
1466 1424 1508 1489 de

397 1532 517 1620 placito
532 1540 617 1595 terre
636 1530 672 1594 in
691 1529 850 1594 comitatu
866 1528 1012 1593 Bercsire
1027 1536 1086 1593 etc.
1103 1537 1138 1593 et
1153 1528 1314 1594 Radulfus
1328 1550 1393 1593 non
1412 1529 1510 1593 uenit

398 1644 458 1702 etc.
484 1642 535 1699 set
563 1633 723 1699 Radulfus
752 1632 793 1697 de
823 1632 951 1718 Toreny
976 1640 1011 1697 et
1034 1632 1184 1720 Pogonus
1210 1633 1251 1698 de
1277 1634 1450 1699 Wnletona
1473 1640 1509 1696 et

397 1737 582 1802 Willelmus
603 1736 645 1802 de
667 1736 790 1800 Estonc
808 1742 875 1799 tres
895 1734 1017 1800 milites
1038 1734 1080 1799 ad
1102 1758 1177 1800 eum
1200 1736 1291 1800 missi
1312 1736 1452 1802 ueniunt
1473 1744 1510 1801 et

397 1835 511 1906 dicunt
536 1838 623 1926 quod
648 1836 842 1902 multociens
867 1836 914 1901 ibi
937 1837 1072 1901 fuerunt
1100 1848 1135 1902 et
1164 1839 1251 1925 quod
1276 1839 1439 1904 Jordanus
1464 1840 1507 1904 de

398 1941 532 2028 Auney⁸
553 1948 689 2027 quartus
709 1938 804 2004 miles
824 1960 994 2024 nunquam
1015 1938 1109 2003 uenit
1128 1947 1189 2005 etc.
1209 1948 1244 2005 et
1263 1962 1321 2027 per
1343 1941 1508 2006 defectum

398 2046 470 2111 eius
502 2045 630 2110 nullum
663 2043 772 2107 uisum
805 2043 954 2107 fecerunt
982 2050 1042 2108 eto.
1071 2051 1107 2108 et
1135 2044 1209 2109 ideo
1238 2053 1428 2131 preceptum
1458 2054 1510 2111 est

399 2147 584 2215 uicecomiti
605 2146 691 2234 quod
713 2146 833 2212 habent
854 2168 970 2232 corpus
992 2146 1137 2211 eiusdem
1157 2148 1293 2213 Jordoni
1312 2148 1347 2213 in
1368 2149 1510 2213 crustino

399 2256 434 2322 S.
457 2255 536 2320 Hill
562 2252 652 2339 apud
678 2252 769 2316 Aure
794 2250 837 2315 sd
867 2249 1066 2315 faciendum⁴
1094 2250 1192 2316 simul
1221 2253 1381 2317 cumillis
1403 2253 1511 2319 tribus

399 2358 568 2435 militibus,
583 2365 617 2422 ct
631 2357 757 2422 dictum
771 2362 823 2420 est
843 2354 965 2420 eisdem
984 2354 1146 2420 militibus
1166 2356 1253 2441 quod
1274 2364 1352 2421 tunc
1375 2358 1442 2422 sint
1462 2358 1511 2423 ibi

399 2471 460 2528 etc.
475 2470 509 2527 et
524 2459 610 2547 quod
623 2460 804 2525 uicecomes
818 2458 940 2523 habeat
953 2480 1068 2544 corpus
1088 2456 1235 2523 eiusdem
1259 2459 1283 2524 J
1284 2460 1397 2525 ordeni
1418 2461 1508 2546 apud

398 2562 724 2629 westmonasterium
746 2585 767 2625 a
787 2560 841 2626 die
865 2562 896 2626 S.
915 2560 995 2625 Hill.
1018 2560 1053 2625 in
1074 2568 1141 2625 tres
1163 2562 1367 2648 septimanas
1413 2564 1509 2629 Idem
1641 2546 1642 2625 Ῐ

398 2669 468 2734 dies
487 2669 584 2734 natus
603 2677 654 2733 est
671 2666 827 2755 prensus
847 2665 952 2731 trinus
966 2665 1128 2731 minutus
1142 2666 1177 2731 n
1191 2666 1294 2731 santo
1308 2676 1343 2733 et
1357 2666 1511 2733 smnus
1641 2650 1642 2703 ἓ

400 2774 532 2840 Wsrino
547 2782 606 2839 etc

463 2876 665 2943 'Alexander
678 2876 719 2941 de
739 2874 948 2955 Louerstoke‚
962 2874 1147 2940 Willelmus
1161 2874 1202 2939 de
1218 2875 1348 2951 Estona,
1363 2875 1453 2941 Elias
1468 2876 1510 2943 de

400 2981 592 3067 Mspertona
616 2986 651 3043 et
675 2977 860 3042 Willelmus
883 2976 925 3041 de
948 2976 1093 3041 Aultona
1117 2976 1174 3063 iiij.
1201 2976 1322 3041 milites
1347 2977 1438 3043 missi
1467 2980 1509 3043 ad

400 3082 572 3147 Murielem
592 3081 633 3146 de
654 3080 801 3147 Caundcl
819 3100 884 3166 que
904 3101 939 3144 se
954 3078 1132 3144 essoniauit
1147 3078 1188 3144 de
1203 3081 1288 3145 malo
1303 3080 1380 3145 lecti
1394 3104 1511 3147 uersus

399 3183 563 3249 Abbotem
578 3184 619 3249 dc
634 3180 847 3248 Shireburnia
865 3180 907 3245 de
927 3180 1047 3267 placito
1067 3188 1152 3246 terre
1176 3182 1316 3249 ueniunt
1338 3190 1373 3247 et
1393 3182 1510 3249 dicunt

398 3288 486 3374 quod
500 3309 573 3353 eam
586 3285 741 3352 uiderunt
760 3284 795 3350 in
812 3284 884 3349 die⁶
899 3285 930 3350 S.
947 3285 1034 3350 Luce
1055 3286 1270 3373 Euangeliste
1290 3294 1350 3352 etc
1368 3295 1403 3352 et
1423 3289 1511 3374 quod

398 3392 571 3457 infirmitas
594 3414 655 3456 sun
674 3412 741 3455 non
762 3390 827 3455 fuit
849 3390 986 3477 languor
1005 3398 1046 3456 et
1070 3390 1157 3477 quod
1181 3390 1342 3456 dederunt
1366 3392 1398 3457 ci
1421 3393 1510 3458 diem
1641 3460 1642 3463 ,

398 3496 576 3561 secundum
601 3495 701 3560 breue
725 3494 762 3559 in
781 3494 938 3560 cmstino¹
964 3496 995 3560 S
1020 3495 1155 3560 Muttini
1176 3495 1266 3582 apud
1288 3496 1511 3563 Westmonas·

399 3601 528 3678 terium,
542 3601 627 3666 sicut
640 3601 682 3665 de
697 3601 783 3665 malo
797 3608 988 3665 transeunte
1001 3599 1075 3665 eto⁸

464 3702 638 3768 ’Ricardus
667 3700 708 3767 de
733 3702 909 3768 Dunuer’¹⁰
931 3710 966 3767 et
988 3704 1100 3789 Agnes
1123 3725 1204 3767 uxor
1228 3702 1298 3767 eius
1323 3702 1512 3771 Gilebertus

400 3807 576 3873 Posselewe
596 3813 632 3870 et
652 3805 749 3871 Sura
767 3828 848 3871 uxor
867 3803 938 3871 eius
958 3806 1148 3871 summoniti
1168 3807 1301 3874 fuerunt
1319 3806 1363 3871 sd
1376 3828 1509 3894 respon·
1641 3886 1642 3889 Ἴ

399 3912 543 3977 dendum
557 3910 703 3975 Waltero
718 3909 759 3975 de
774 3910 915 3976 Besebro
930 3918 965 3976 et
975 3910 1126 3975 «Iohanne
1140 3910 1234 3975 uxori
1247 3910 1318 3976 eius
1332 3910 1373 3976 de
1387 3911 1510 3997 placito

400 4014 487 4102 quod
500 4014 621 4079 faciant
636 4014 683 4078 cis
697 4012 947 4079 consuetudines
962 4020 996 4077 et
1010 4021 1100 4080 recta
1113 4014 1251 4081 seruicia
1264 4015 1390 4102 que'eis
1403 4016 1509 4082 facere

497 4182 837 4279 :Lmtfflletu
1042 4183 1129 4283 :Oct
1144 4186 1183 4235 18.

497 4248 789 4373 ,mmmmm
930 4270 932 4275 ⁵
1043 4251 1294 4375 alt'tlltum
1304 4316 1362 4367 ιιι.

497 4378 510 4411 ⁴
526 4379 627 4442 snpply
636 4380 728 4438 uuum.
739 4378 769 4437 A.
781 4378 813 4428 Β.
1043 4379 1054 4411 ⁰
1069 4380 1100 4429 A.
1112 4394 1147 4430 m.
1158 4381 1205 4441 263
1222 4380 1252 4429 Β.
1263 4394 1299 4431 m.
1312 4380 1376 4431 15d.

498 4442 833 4504 ⁸A.m.2o;13.m.15n.
989 4464 993 4471 ·
1044 4444 1260 4504 101)ιιιιιιιιινι,Β.
