3342 5217
357 387 422 451 oss
565 398 800 462 aromatum,
822 352 889 451 aa.
915 388 1009 464 1232,
1031 399 1093 453 au
1119 386 1255 456 16-17.
1376 416 1379 421 ·

356 573 541 639 Willelmus
554 574 646 639 nulla
659 574 740 640 talia
753 574 865 640 aueria
878 574 997 640 habere
1012 576 1112 642 dehet
1126 577 1236 655 libera,
1250 598 1469 662 necunquam

356 676 481 757 habuit,
502 686 537 743 et
558 678 639 743 dicit
661 679 747 765 quod
768 679 837 766 ipse
857 680 948 767 prius
963 681 1113 746 feoffatus
1128 681 1193 747 fuit
1207 681 1243 747 in
1257 682 1371 747 eadem
1386 682 1471 749 uilla

357 802 455 866 quam
470 780 635 867 predictus
649 781 843 848 Willelmus.

422 884 466 948 Et
492 884 676 949 Willelmus
701 885 794 949 uenit
819 893 855 949 et
881 884 961 951 dicit
987 884 1074 971 quod
1098 885 1157 951 illa
1182 885 1301 951 habere
1327 885 1409 952 solet
1434 894 1472 951 et

356 986 456 1052 debet
478 988 581 1053 libera
603 988 782 1053 secundum
805 987 893 1073 quod
916 987 1098 1075 predictum
1124 996 1183 1066 est,
1209 997 1244 1054 et
1269 988 1351 1054 dicit
1377 988 1469 1076 quod

358 1088 473 1154 Comes
494 1090 685 1155 Alberieus¹
708 1091 865 1177 quamdiu
888 1100 975 1157 terra
996 1090 1053 1157 illa
1067 1090 1154 1157 unde
1169 1091 1238 1178 ipse
1254 1092 1404 1158 feoffatus
1418 1100 1474 1159 est

357 1194 420 1260 fuit
435 1195 469 1259 in
483 1216 584 1259 manu
598 1217 658 1260 sua
672 1195 737 1260 fuit
751 1196 785 1260 in
801 1194 921 1261 seisina
935 1192 975 1261 de
992 1195 1136 1281 predicta
1158 1195 1321 1275 libertate,
1342 1205 1378 1261 et
1397 1196 1471 1282 ipse

238 1354 243 1365 .
355 1307 527 1385 postquam
541 1299 617 1364 inde
632 1300 782 1365 fcoffatns
797 1300 869 1378 fuit,
885 1307 920 1365 et
934 1300 1017 1365 bene
1028 1300 1193 1387 cognoscit
1203 1300 1291 1387 quod
1301 1301 1472 1386 predictus

357 1402 543 1489 Stephanus
566 1404 631 1469 fuit
654 1404 803 1469 feoffatus
826 1404 862 1469 iu
886 1404 999 1469 eadem
1023 1404 1104 1470 uilla
1124 1405 1313 1491 postquam²
1337 1405 1403 1483 ille,
1417 1415 1472 1471 set

356 1509 472 1575 Comes
486 1508 641 1595 quamdiu
656 1516 744 1573 terra
757 1508 815 1573 illa
827 1508 892 1573 fuit
907 1508 942 1572 in
956 1530 1055 1573 manu
1070 1506 1144 1573 sua⁸
1158 1508 1224 1573 fuit
1238 1508 1273 1572 in
1289 1508 1409 1573 seisina
1423 1510 1469 1575 de

356 1613 470 1678 eedem
493 1613 645 1678 libertate
668 1621 703 1678 et
725 1612 802 1677 inde
827 1612 922 1698 ponit
945 1634 979 1677 se
1005 1634 1103 1698 super
1124 1612 1272 1698 patriam.
1320 1613 1363 1677 Et
1390 1613 1469 1680 ideo

355 1726 544 1803 preceptum
560 1725 611 1782 est
625 1716 809 1783 uicecomiti
823 1716 911 1803 quod
925 1738 1032 1781 coram
1047 1739 1086 1781 eo
1101 1725 1135 1781 et
1150 1738 1257 1782 coram
1278 1717 1472 1783 custodibus

356 1831 416 1888 etc.
431 1823 543 1888 uenire
558 1822 655 1887 faciat
670 1822 724 1906 xij.
740 1844 798 1908 per
806 1844 887 1908 quos
901 1830 960 1887 etc
978 1830 1012 1887 et
1027 1844 1085 1907 per
1100 1843 1211 1886 eorum
1227 1830 1472 1887 sacramentum

355 1926 529 2013 diligenter
556 1925 700 2012 inquirat
729 1926 757 1991 si
787 1926 953 2012 predictus
983 1926 1100 1993 Comes
1128 1925 1182 1991 die
1220 1948 1284 2011 quo
1320 1925 1474 1991 feoffauit

355 2036 571 2093 antecessores
596 2028 698 2113 ipsius
722 2020 883 2114 Stephani
907 2035 941 2093 et
967 2036 1081 2113 postea
1104 2028 1243 2092 retinuit
1265 2028 1300 2092 in
1324 2050 1427 2093 manu
1448 2026 1453 2115 Ι

237 2142 294 2193 {ml
355 2130 542 2195 libertatem
571 2128 662 2195 illam
695 2129 838 2194 habendi
873 2129 1020 2216 predicte
1056 2130 1167 2195 aueria
1203 2130 1306 2195 libera
1339 2130 1473 2195 racione

356 2242 616 2299 tenementorum
639 2256 702 2319 que
724 2233 759 2297 in
781 2255 881 2298 manu
904 2256 964 2299 sua
985 2233 1130 2311 retinuit,
1154 2243 1188 2300 et
1210 2235 1238 2299 si
1260 2234 1337 2300 inde
1352 2236 1420 2300 fuit
1435 2235 1473 2299 in

356 2340 481 2415 seisina,
504 2346 540 2403 st
560 2337 588 2403 si
609 2346 826 2403 antecessores
847 2337 950 2422 ipsius
972 2336 1129 2403 Willelmi
1151 2347 1323 2425 postquam
1344 2338 1474 2405 feoffati

356 2447 489 2510 firenmt
510 2441 551 2506 de
573 2449 762 2506 tenemento
784 2440 871 2527 quod
892 2441 980 2507 idem
1002 2442 1187 2519 Willelmns
1208 2465 1295 2508 nunc
1317 2450 1413 2507 tenet
1437 2452 1473 2508 et

356 2546 444 2611 idem
458 2542 643 2607 Willelmua
657 2550 829 2629 postquam
845 2551 932 2607 terra
946 2543 1010 2609 fuit
1024 2543 1059 2607 in
1074 2566 1174 2608 manu
1189 2566 1249 2610 sua
1263 2544 1327 2609 fuit
1338 2543 1473 2611 seisitus

357 2649 398 2713 de
427 2645 574 2733 predicta
601 2644 753 2710 libertate
784 2646 838 2709 uel
867 2666 941 2723 non,
970 2654 1005 2711 et
1035 2646 1280 2732 inquisicionem
1307 2645 1430 2712 habeat
1452 2670 1474 2711 a

357 2752 411 2819 die
426 2748 501 2816 etc‘.

235 2867 308 2929 882
422 2854 578 2920 ”Iscbella
599 2876 662 2940 que
684 2852 748 2917 fuit
769 2874 851 2918 uxor
872 2854 996 2919 Thome
1018 2854 1058 2919 de
1074 2855 1240 2931 Duntona
1255 2854 1341 2941 petit
1355 2876 1473 2921 uersus

215 2965 325 3006 ”emm
358 2960 561 3026 Willelmum
582 2958 623 3023 de
645 2958 878 3023 Neffineamdd
901 2958 1036 3023 terciam
1057 2966 1184 3044 partem
1207 2958 1293 3023 feodi
1309 2959 1334 3045 j.
1353 2958 1473 3023 militis

220 3030 326 3114 mm-
357 3086 433 3128 cum
446 3070 527 3149 pert.
542 3061 578 3125 in
592 3060 750 3125 Duntona
762 3059 798 3123 in
818 3082 898 3125 com.
920 3060 1111 3125 Hersfordie
1131 3069 1166 3125 et
1186 3060 1319 3125 terciam
1338 3071 1469 3147 partem

358 3166 444 3233 feodi
468 3166 493 3252 j.
523 3165 638 3231 militis
660 3186 735 3229 cum
756 3172 839 3249 pert.
861 3164 896 3227 in
918 3164 1106 3250 Bouelegha
1128 3172 1162 3227 et
1184 3164 1317 3229 terciam
1339 3173 1472 3249 partem

359 3272 444 3337 feodi
460 3270 484 3356 j.
507 3270 622 3335 militis
643 3292 717 3334 curn
739 3268 870 3354 pertin
889 3268 1101 3335 Oaundeuere
1121 3266 1155 3331 in
1170 3290 1249 3333 com
1266 3268 1472 3335 Suhamtone

358 3384 397 3439 ut
411 3374 521 3439 dotem
535 3394 627 3437 suam
642 3380 702 3435 etc.

423 3478 469 3541 Et
481 3476 666 3540 Willelmus
680 3473 773 3539 uenit
787 3482 822 3539 et
844 3473 1007 3561 cognoscit
1028 3473 1116 3559 quod
1136 3474 1235 3539 debet
1257 3473 1366 3539 dotem
1389 3474 1469 3541 inde

359 3580 487 3657 habere,
508 3587 559 3644 set
580 3578 660 3643 dicit
682 3577 769 3664 quod
790 3586 936 3664 tempore
958 3578 1072 3643 mortis
1094 3578 1158 3643 uiri
1179 3577 1231 3643 sui
1252 3578 1369 3643 habuit
1393 3580 1471 3665 ipsa

359 3686 463 3751 filium
486 3692 520 3749 et
542 3682 693 3748 heredem
715 3682 854 3768 predicti
875 3683 999 3748 Thome
1021 3683 1085 3748 uiri
1107 3684 1166 3761 sui,
1189 3691 1224 3748 et
1252 3683 1360 3769 ipsum
1388 3682 1469 3748 sub

360 3788 461 3854 traxit
481 3788 530 3852 ita
550 3785 637 3873 quod
658 3786 752 3851 illum
774 3785 893 3850 habere
908 3808 973 3850 non
987 3794 1104 3871 potest,
1119 3808 1178 3850 nec
1192 3786 1370 3851 custodiam
1386 3786 1470 3863 eiua,

359 3901 394 3957 et
415 3891 501 3977 petit
522 3889 678 3955 iudicium
701 3889 729 3953 si
749 3889 868 3954 debeat
889 3890 920 3953 ei
942 3890 1134 3975 respondere
1154 3888 1225 3955 sine
1253 3898 1396 3955 waranto
1425 3890 1468 3957 de

394 4098 404 4131 ¹
420 4097 523 4161 Anbrey
533 4097 565 4148 de
575 4096 648 4156 Vere,
655 4096 720 4147 Earl
730 4097 759 4147 oi
768 4095 873 4147 Oriord.
941 4101 1058 4147 snoestor
1067 4098 1096 4148 of
1101 4096 1164 4147 land
1172 4112 1227 4147 cum
1234 4098 1349 4147 libertate
1356 4098 1468 4149 tuomst

394 4163 473 4224 ‘Sic
486 4163 517 4215 B.
934 4164 959 4225 j.
978 4171 1078 4213 taurum
1094 4171 1118 4213 et
1131 4165 1155 4225 j.
1173 4178 1261 4225 cpmm
1278 4164 1370 4220 tibere;
1393 4164 1467 4227 judg-

395 4226 731 4291 ²inmanumrepected
939 4231 1012 4277 ment
1033 4228 1091 4277 that
1117 4226 1235 4277 william
1262 4226 1295 4278 do
1321 4226 1384 4279 hold
1414 4229 1470 4279 this

396 4292 571 4355 ⁴Adjourned
592 4296 619 4343 to
640 4294 734 4342 Esster
749 4290 888 4353 quindena.
939 4292 1031 4354 liberty
1044 4292 1095 4343 and
1108 4292 1220 4356 stophen
1233 4291 1260 4343 in
1272 4306 1367 4356 mercy.

363 4357 636 4421 Bhasapostscript;
654 4357 813 4418 theinquest
827 4372 888 4419 says
971 4357 1029 4408 ιΒ.
1042 4372 1077 4407 m.
1090 4358 1121 4407 14
1129 4357 1154 4407 d.

363 4424 422 4475 thet
432 4424 496 4473 Earl
506 4422 606 4486 Aubrey
614 4422 739 4473 enfeofled
750 4420 887 4472 William's
