3342 5217
301 412 364 477 380
601 425 742 488 num,
764 425 830 475 un.
855 410 948 485 1231,
970 424 1033 474 uu
1058 411 1107 472 15.

301 599 444 684 ipsorum
459 597 621 663 moliendo
636 597 722 684 quod
736 596 799 684 ipsi
818 604 941 662 sectum
961 596 1103 662 fecerent
1122 594 1164 660 ad
1183 595 1403 681 molendinum

301 699 384 764 illud
399 708 434 764 et
448 699 534 786 quod
548 699 618 786 ipse
632 699 805 764 molturam
821 699 957 764 haberet
976 697 1153 763 secundum
1173 699 1259 784 quod
1280 698 1403 785 predic-

303 813 375 869 tum
390 812 440 869 eet
455 811 489 870 et
504 804 531 868 si
545 804 630 868 mele
650 803 696 868 eis
717 803 930 868 deseruiuerit
950 803 1036 890 quod
1055 803 1155 867 libere
1169 812 1248 867 tune
1262 803 1348 867 irent
1361 802 1404 867 ad

302 909 367 974 alia
381 895 566 972 molendino
579 906 776 993 ubicumque
790 906 916 971 uellent
927 914 962 970 et
973 905 1050 992 quie
1063 907 1132 992 ipse
1148 906 1232 972 mele
1247 914 1282 971 et
1295 907 1404 972 minus

303 1011 445 1077 fideliter
464 1010 511 1075 eis
534 1009 671 1076 seruiuit
689 1018 723 1075 et
745 1009 854 1096 sepius
874 1009 950 1074 inde
972 1009 1139 1074 eonuiotus
1160 1009 1224 1074 fuit
1244 1009 1317 1074 ideo
1338 1031 1403 1074 non

303 1117 448 1180 fecerunt
470 1113 647 1179 secundum
668 1113 847 1199 predictam
867 1113 1117 1178 conueueionem
1131 1120 1253 1178 sectum
1267 1120 1302 1178 et
1316 1113 1404 1177 unde

303 1218 416 1283 dieunt
438 1215 524 1304 quod
545 1215 606 1281 hoe
627 1237 692 1280 nou
715 1223 781 1280 stet
805 1237 864 1301 per
886 1237 940 1280 eos
959 1223 993 1280 et
1012 1215 1095 1280 bene
1117 1215 1296 1280 defendunt
1317 1215 1405 1300 quod

302 1320 429 1386 nullum
455 1320 686 1384 ferramentum
712 1326 960 1404 asportauerunt
985 1339 1045 1382 nee
1074 1317 1215 1403 lapidem
1238 1317 1404 1404 fregerunt

302 1422 480 1490 seeundum
494 1421 581 1508 quod
595 1421 776 1508 predictum
792 1429 851 1487 est.

367 1523 560 1591 Concordati
574 1531 651 1588 sunt
666 1532 700 1588 et
715 1522 839 1587 habent
852 1521 1086 1609 cirographum

183 1630 254 1693 483.
368 1627 529 1714 Mergeris
557 1649 620 1712 que
650 1625 713 1690 suit
742 1648 822 1690 uxor
851 1624 1002 1690 Nieholei
1027 1626 1067 1691 de
1094 1626 1320 1691 Normanuills
1345 1648 1406 1712 per

155 1725 279 1775 ΝΟΜ*
303 1737 504 1795 attornutum
519 1750 614 1794 suum
630 1727 713 1814 petit
727 1749 842 1792 uersus
855 1727 990 1792 Petrum
1005 1727 1109 1792 filium
1124 1728 1214 1820 Petri
1228 1729 1268 1794 de
1283 1729 1405 1792 Ireees-

304 1834 368 1899 tria
382 1857 480 1899 unam
495 1855 602 1899 soram
617 1832 704 1917 proti
718 1855 791 1897 eum
806 1839 887 1917 pert
903 1831 939 1897 in
953 1832 1124 1896 Ireoestn'a
1138 1841 1177 1897 ut
1191 1833 1243 1897 ius
1256 1854 1352 1896 suum
1367 1840 1404 1896 et

303 1935 338 2000 in
353 1959 451 2022 quam
465 1959 530 2000 nou
544 1935 643 2000 habet
657 1935 837 2022 ingressum
851 1933 914 1999 nisi
929 1957 987 2020 per
1006 1934 1186 2020 predictum
1209 1934 1404 1999 Nieholeum

304 2039 411 2104 uirum
433 2061 528 2104 suum
548 2039 602 2104 oui
621 2038 692 2124 ipsu
711 2038 746 2103 in
761 2037 831 2102 uita
846 2060 906 2103 sus
918 2046 977 2103 eto.
993 2038 1043 2103 ita
1055 2040 1142 2125 quod
1155 2039 1225 2126 ipse
1239 2040 1355 2104 Petrus
1369 2061 1405 2104 se

303 2144 478 2209 essoniouit
500 2143 540 2209 de
563 2143 648 2207 melo
674 2141 750 2207 lecti
774 2150 835 2207 eto.
859 2151 895 2208 et
918 2143 1079 2207 essouium
1105 2167 1169 2209 nou
1195 2144 1303 2221 iacuit,
1327 2144 1407 2230 quia

303 2249 402 2314 breue
424 2249 617 2335 loquebatur
638 2246 678 2312 de
700 2247 847 2333 ingressu
855 2244 875 2326 ¹,
890 2247 939 2312 ita
958 2248 1044 2333 quod
1061 2270 1120 2333 per
1137 2248 1291 2313 defaltum
1311 2271 1404 2314 susm

237 2375 243 2389 ·
303 2363 492 2440 preceptum
521 2352 585 2417 fuit
614 2351 798 2416 uioecomiti
827 2351 914 2437 quod
942 2359 1071 2436 caperet
1099 2360 1230 2438 pratum
1258 2352 1341 2416 illud
1368 2351 1405 2416 in

304 2480 436 2522 menum
461 2457 554 2521 Dom.
579 2456 679 2543 Regis
704 2464 739 2520 et
763 2455 942 2521 uiceeomes
967 2456 1136 2521 mandauit
1162 2457 1248 2544 quod
1273 2465 1404 2543 pratum

303 2569 435 2647 captum
458 2559 521 2624 fuit
540 2557 575 2624 in
597 2579 729 2623 manum
751 2560 845 2623 Dom.
860 2559 960 2646 Regis
980 2559 1032 2624 die
1052 2569 1111 2626 eto
1128 2569 1162 2625 et
1176 2569 1306 2646 pratum
1320 2583 1405 2625 uuu-

304 2689 403 2754 quum
426 2673 539 2752 postea
563 2663 705 2750 petitum
735 2665 798 2729 fuit
823 2686 882 2749 per
906 2665 1079 2752 pleuinem.
1123 2665 1201 2730 Post
1223 2665 1317 2730 uenit
1339 2664 1404 2728 Ro

304 2771 416 2836 bertus
431 2768 460 2832 le
476 2767 627 2855 Ssuusge
643 2776 677 2832 et
693 2767 772 2832 dicit
786 2767 873 2853 quod
887 2767 956 2854 ipse
970 2776 1021 2832 est
1035 2767 1070 2831 in
1081 2766 1199 2832 seisins
1208 2767 1249 2832 de
1259 2767 1405 2854 predicto

182 2896 255 2948 [ou]
304 2880 397 2960 preto
423 2877 458 2936 et
480 2870 544 2934 fuit
562 2867 568 2955 Ι
587 2877 763 2956 antequam
788 2870 1005 2936 summonitus
1027 2878 1112 2936 esset
1134 2871 1251 2936 Petrus
1271 2879 1306 2936 et
1327 2870 1405 2936 inde

141 2995 259 3034 mmm
305 2977 396 3064 ponit
411 2998 444 3041 se
460 2997 557 3061 super
570 2975 715 3060 petrium.

142 3042 204 3081 fuerit
212 3041 275 3080 olien-

140 3086 286 3174 ffigffl
371 3080 414 3145 Et
429 3078 589 3166 Margeris
608 3100 666 3164 per
684 3086 886 3143 ettornstum
907 3101 1002 3143 suum
1024 3079 1211 3166 dicitquod
1232 3090 1404 3166 postquem

143 3181 272 3267 g‘t‘ffi„
305 3183 520 3250 summonitus
543 3182 606 3246 fuit
629 3181 715 3246 idem
739 3183 856 3247 Petrus
878 3183 942 3247 fuit
964 3183 1033 3268 ipse
1054 3183 1090 3247 in
1111 3183 1228 3248 seisins
1249 3182 1289 3247 de
1311 3192 1407 3268 preto

142 3273 284 3360 ffifldffl‘*
304 3289 360 3353 illo
375 3296 409 3353 et
424 3295 593 3373 postquam
609 3309 642 3350 se
657 3286 840 3352 essoniuuit.
884 3287 928 3351 Et
942 3286 1015 3352 ideo
1034 3287 1217 3373 inquiretur
1229 3310 1288 3372 per
1301 3309 1407 3351 seom-

141 3366 206 3417 Μ
305 3399 453 3458 mentum
474 3390 527 3476 xij.
549 3390 577 3455 si
596 3389 645 3454 ita
663 3390 706 3454 sit
726 3398 761 3455 et
780 3389 808 3454 si
829 3391 878 3455 its
897 3391 995 3456 fuerit
1020 3391 1104 3456 siout
1128 3391 1199 3478 ipss
1220 3390 1300 3456 dicit
1324 3401 1407 3457 tuno

305 3502 472 3581 recuperet
486 3493 557 3580 ipse
571 3493 721 3558 seisinsm
742 3517 833 3558 suum
848 3517 907 3580 per
924 3495 1079 3560 defaltum
1093 3519 1190 3582 quem
1205 3497 1273 3583 ipse
1288 3498 1407 3562 Petrus

305 3620 391 3662 nune
414 3595 500 3672 feeit,
524 3603 558 3660 et
583 3596 611 3660 si
637 3618 701 3660 non
726 3605 805 3661 tuno
830 3598 995 3684 perquiret
1019 3598 1082 3663 sibi
1107 3600 1268 3687 Mergerie
1293 3623 1407 3666 uersus

305 3699 485 3789 predictum
501 3698 679 3763 Robertum
695 3708 730 3764 et
744 3698 875 3764 interim
890 3710 948 3766 eto
964 3709 999 3767 et
1013 3703 1125 3768 ueniat
1140 3704 1307 3790 inquisioio
1321 3715 1382 3770 ete

185 3815 256 3879 484.
370 3802 553 3867 willelmus
568 3801 653 3866 filius
669 3801 758 3867 Petri
772 3805 893 3890 optulit
907 3827 941 3870 se
956 3805 1028 3892 iiije
1042 3805 1094 3870 die
1110 3830 1222 3872 uersus
1235 3808 1407 3873 Bartholo-

190 3913 249 3956 N0‘2
305 3927 416 3970 meum
440 3902 481 3968 de
507 3903 669 3981 Aldeford,
692 3904 873 3970 Galfridum
897 3906 1000 3982 Orroei,
1023 3907 1197 3974 Ricardum
1220 3910 1325 3975 filium
1347 3912 1406 3977 Jo-

306 4016 413 4086 wette‚
427 4007 569 4072 Alsnum
585 4005 662 4072 Cole
677 4015 712 4071 et
727 4008 890 4094 Rogemm
910 4009 1061 4075 Musohat
1081 4011 1122 4076 de
1138 4013 1264 4078 roben'a
1277 4022 1311 4078 et
1325 4035 1407 4100 psoe

305 4114 442 4180 infraeta
455 4111 542 4176 unde
558 4133 611 4176 eos
625 4112 747 4198 apellet
761 4120 820 4178 eto.
866 4114 910 4178 Et
925 4114 987 4200 ipsi
1001 4137 1066 4179 non
1080 4125 1242 4182 uenenmt
1256 4125 1314 4182 ete
1361 4119 1408 4185 Et

339 4313 572 4368 memnone.
590 4313 830 4372 Fitz.Eseone,191.
883 4329 1027 4373 summoue,
1050 4320 1098 4365 not
1119 4320 1147 4365 et
1169 4315 1214 4366 the
1235 4315 1294 4366 date
1312 4315 1342 4366 of
1360 4317 1408 4369 the

339 4381 401 4432 ²So
418 4380 461 4428 Br.
482 4377 599 4429 [4321).
635 4379 691 4428 'l'he
713 4383 780 4429 etate
803 4380 832 4430 of
882 4380 948 4435 urit,
960 4379 1060 4430 decides
1069 4381 1183 4432 whether
1192 4384 1407 4434 non-tenuem

308 4447 351 4499 the
372 4443 519 4510 possession
542 4449 570 4496 et
593 4444 637 4496 the
657 4444 719 4495 time
737 4446 763 4494 oi
786 4445 830 4495 the
881 4446 912 4496 be
923 4444 1041 4508 plesded.
