3342 5217
378 388 397 451 2
680 400 834 463 rarsn‘r,
856 402 923 452 nn.
947 388 1041 464 1218,
1063 400 1128 453 ss
1151 390 1180 453 2.

442 571 523 637 Dies
537 572 634 639 datus
653 582 704 639 est
724 574 772 638 eis
792 596 812 639 a
832 574 887 639 die
910 574 942 640 S.
965 574 1063 639 Mich.
1086 574 1120 639 in
1143 582 1210 639 tres
1230 573 1427 659 septimanas
1447 579 1485 637 et

376 676 515 763 predicti
540 677 662 755 Abbas,
684 678 831 765 Rogerus
856 688 892 743 et
914 679 1077 744 Ger-ardus
1105 686 1371 743 summoueantur
1397 676 1486 762 quod

376 778 443 843 sint
471 778 514 844 ad
542 779 724 865 predictum
755 780 933 845 terminum
963 790 1000 845 et
1028 780 1077 845 ibi
1105 780 1248 845 habeant
1277 788 1381 844 cartas
1403 800 1485 864 quas

377 883 500 949 habent
515 884 555 949 de
570 884 716 970 predicto
730 886 896 957 Willelmo
910 886 983 951 etc.¹

300 1046 306 1059 ,
442 987 599 1052 'Thomas
611 988 658 1053 'de
682 988 842 1053 Coleuilla
857 990 1057 1054 attachiatus
1078 989 1142 1054 fuit
1163 987 1206 1053 ad
1226 986 1485 1073 respondendum

312 1079 328 1120 ¹·
375 1087 498 1154 «Iacobo
516 1090 557 1154 de
577 1090 744 1155 Tillebiria
758 1099 817 1157 etc
834 1100 870 1156 et
887 1092 979 1157 infra
1032 1114 1131 1178 quare
1151 1114 1216 1155 non
1231 1099 1323 1155 tenet
1337 1090 1369 1154 ei
1386 1090 1486 1153 finem

376 1196 498 1259 lactum
517 1194 552 1259 in
570 1196 661 1259 curia
682 1197 756 1262 etc.⁸
789 1196 931 1261 Thomas
945 1196 1038 1260 uenit
1053 1204 1087 1261 et
1101 1194 1264 1283 cognoscit
1278 1194 1376 1258 finem
1390 1193 1486 1257 illum

376 1306 411 1363 et
425 1298 571 1363 defendit
591 1300 678 1385 quod
697 1300 732 1364 in
753 1301 844 1365 nullo
865 1310 916 1365 est
938 1308 1051 1364 contra
1072 1299 1180 1376 finem,
1195 1307 1252 1363 ‘set
1273 1320 1389 1363 uerum
1410 1295 1486 1359 uult

375 1399 481 1465 dicere
496 1400 565 1486 ipse
580 1400 722 1465 lacobus
736 1401 875 1466 retinuit
890 1402 923 1467 ei
941 1401 1115 1467 seruicium
1136 1424 1233 1467 snum
1255 1400 1342 1486 qnod
1363 1397 1484 1462 habere

375 1502 490 1567 debuit
505 1524 699 1588 perannum
715 1526 773 1589 per
787 1504 971 1589 predictum
987 1505 1086 1569 finem
1101 1504 1150 1568 ita
1163 1504 1249 1589 qnod
1268 1502 1350 1567 illud
1364 1501 1485 1565 habere

375 1626 440 1668 non
455 1605 563 1691 potuit
578 1606 705 1691 etquis
718 1628 783 1670 non
797 1606 907 1692 potuit
921 1606 1070 1671 inuenire
1089 1606 1209 1670 catalla
1227 1604 1269 1670 ad
1290 1603 1483 1689 distringen-

375 1707 454 1771 dum
491 1706 665 1772 seruicium
696 1731 793 1773 snum
829 1732 929 1795 super
957 1719 1077 1773 terram
1106 1731 1166 1795 per
1193 1706 1485 1773 consideracionem

376 1810 464 1876 curie
487 1834 545 1877 sue
563 1812 652 1898 cepit
672 1820 792 1877 terram
814 1812 851 1877 in
872 1835 1006 1876 manum
1029 1834 1122 1877 suam
1144 1820 1179 1876 et
1200 1811 1291 1875 illam
1312 1817 1405 1874 tenet
1425 1830 1485 1894 pro

375 1912 505 1979 delectu
525 1914 655 1979 seruicii
670 1923 730 1980 etc.
746 1923 781 1980 et
796 1915 947 2001 producit
961 1914 1084 1979 curiam
1099 1914 1206 1979 suam‘
1220 1936 1284 2000 que
1298 1912 1486 1978 recordatur

376 2015 462 2100 quod
490 2016 533 2082 ad
569 2017 711 2103 primum
746 2018 962 2083 Pentecosten
990 2026 1065 2104 post
1092 2040 1243 2104 guerram
1278 2016 1342 2081 firit
1377 2015 1485 2081 eidem
1560 2081 1564 2088 ,

376 2118 519 2203 [Thoana]
535 2130 642 2186 aretro
656 2122 831 2187 seruicium
846 2145 942 2187 suum
957 2122 1081 2187 scilicet
1096 2122 1191 2186 firma
1209 2143 1269 2187 sua
1282 2121 1323 2186 de
1338 2119 1485 2207 proximo

375 2222 514 2287 termino
527 2223 559 2288 S.
572 2224 668 2291 Mich.
679 2233 755 2290 ente
770 2247 932 2312 guerram
946 2224 995 2289 ita
1009 2225 1096 2310 quod
1109 2223 1179 2309 ipse
1194 2224 1323 2309 [sepius]
1341 2222 1485 2308 pecierat

375 2324 501 2390 finnam
516 2350 618 2404 suam,
635 2337 669 2393 et
684 2330 762 2414 quia
776 2352 842 2393 non
855 2329 965 2415 potuit
979 2329 1070 2394 illam
1082 2328 1211 2406 habere,
1223 2327 1300 2392 fecit
1311 2325 1485 2391 conuenire

374 2428 497 2493 curiam
533 2452 626 2495 suam
663 2439 698 2496 et
735 2410 836 2518 peciit
872 2431 1164 2496 consideracionem
1200 2430 1288 2495 curie
1324 2427 1485 2514 quomodo

374 2532 547 2597 seruicium
572 2557 669 2599 suum
692 2536 811 2601 habere
837 2544 955 2622 posset,
978 2537 1028 2601 ita
1049 2536 1137 2622 quod
1159 2534 1248 2601 curia
1269 2531 1487 2599 considerauit

376 2637 463 2721 qnod
483 2636 552 2723 ipse
583 2638 793 2727 distringeret
822 2641 953 2705 feodum
983 2663 1042 2726 per
1070 2640 1190 2705 catella
1217 2638 1253 2703 in
1281 2660 1320 2702 eo
1348 2637 1489 2701 inuenta

374 2761 541 2826 quousque
570 2742 602 2806 ei
627 2744 747 2809 faceret
772 2744 946 2809 seruicium
969 2767 1075 2821 suum,
1100 2752 1135 2809 et
1156 2743 1244 2808 idem
1266 2742 1405 2806 Thomas
1426 2762 1489 2825 per

374 2842 664 2909 consideracionem
679 2845 767 2911 curie
782 2869 840 2911 sue
855 2847 946 2911 misit
960 2868 1059 2933 super
1072 2847 1203 2912 feodum
1218 2854 1253 2910 et
1273 2844 1350 2909 lecit
1369 2862 1487 2928 capere

375 2946 486 3031 xxviij.
497 2969 575 3013 oues
586 2958 621 3013 et
636 2948 709 3014 illas
723 2951 833 3015 tenuit
848 2951 884 3016 in
898 2952 1053 3028 namium,
1068 2959 1103 3016 et
1117 2950 1261 3017 Jacobus
1275 2957 1406 3013 secutus
1420 2944 1487 3009 fuit

375 3048 486 3113 aueria
514 3073 574 3115 sua
602 3059 637 3115 et
665 3051 723 3116 illa
751 3053 853 3139 peciit
876 3076 936 3140 per
958 3053 1134 3140 pleuinam,
1157 3061 1192 3117 et
1215 3052 1354 3116 Thomas
1375 3050 1432 3115 illa
1452 3046 1488 3113 ei

375 3152 569 3239 replegiauit
595 3177 698 3241 usque
726 3155 769 3221 ad
797 3180 901 3221 unum
930 3158 1018 3223 diem
1040 3180 1105 3244 quo
1130 3157 1259 3223 ueniret
1280 3155 1323 3221 ad
1346 3156 1487 3239 [curiam

374 3256 481 3341 auom]
498 3266 532 3321 et
547 3258 579 3323 ei
593 3260 713 3324 laceret
728 3262 814 3346 quod
829 3263 933 3329 lacere
948 3263 1092 3339 deberet,
1106 3271 1142 3328 et
1156 3262 1217 3327 tali
1231 3261 1327 3326 modo
1341 3259 1486 3325 reddidit

376 3358 407 3423 ei
422 3381 499 3424 oues
514 3383 577 3446 que
593 3370 671 3428 tunc
690 3364 822 3429 fuerunt
826 3416 906 3431 ......
910 3365 988 3452 quia
1008 3390 1064 3433 sex
1086 3366 1238 3431 obierunt
1259 3365 1323 3449 [iri]
1338 3363 1486 3429 custodia
1591 3404 1596 3411 ·

375 3459 520 3526 eiusdem
546 3462 669 3529 Thome
693 3466 779 3531 unde
802 3468 890 3533 idem
917 3470 1057 3535 Thomas
1081 3469 1203 3556 optulit
1232 3468 1264 3533 ei
1289 3467 1376 3554 quod
1398 3489 1484 3531 com-

375 3572 570 3650 putarentur
595 3566 630 3630 in
656 3568 750 3632 firma
775 3592 841 3634 sua
886 3571 939 3636 Ad
969 3572 1056 3637 diem
1086 3572 1118 3637 ei
1142 3572 1257 3637 datum
1283 3571 1358 3655 [ooo
1380 3568 1481 3654 canit]

375 3666 517 3733 Jacobus
542 3692 602 3735 nec
623 3694 658 3735 se
680 3673 858 3739 essoniauit
880 3684 942 3740 etc.
965 3698 1026 3741 nec
1047 3698 1203 3762 umquam
1225 3682 1339 3761 postea
1359 3672 1484 3759 aliquid

375 3769 451 3835 inde
463 3772 494 3837 ei
506 3773 582 3838 fecit
597 3784 631 3840 et
647 3776 818 3843 mariscum
833 3779 935 3844 iacuit
949 3790 1081 3846 uastum
1096 3782 1145 3846 ita
1156 3781 1241 3867 quod
1256 3778 1397 3845 Jacobus
1400 3825 1482 3843 ......

376 3875 492 3942 habuit
507 3901 566 3944 nec
581 3880 728 3947 Thomas.
773 3884 827 3949 Ad
842 3886 961 3950 festum
978 3888 1010 3952 S.
1027 3886 1195 3953 Michaelis
1212 3884 1395 3972 proximum
1410 3891 1484 3969 post

408 4019 418 4052 ¹
435 4021 491 4072 The
513 4023 586 4074 Prior
605 4027 684 4077 otiare
706 4032 735 4078 to
756 4044 834 4093 prove
856 4031 902 4082 the
985 4032 1021 4067 Η
1036 4033 1197 4097 Apparently
1213 4032 1315 4081 written
1328 4028 1421 4093 hythe
1436 4042 1484 4077 tn·

375 4086 546 4163 genuineness
556 4091 583 4138 ol
599 4091 644 4141 the
660 4092 722 4143 dead
737 4094 772 4158 by
787 4095 831 4145 the
843 4111 902 4159 pro·
952 4100 1066 4148 notator.
1094 4094 1484 4161 Probablythewordsettrrsm

375 4150 480 4201 duotron
501 4154 529 4202 ol
547 4154 621 4205 other
638 4156 714 4207 deeds
732 4160 818 4210 scaled
838 4161 902 4210 with
952 4178 996 4212 aro
1018 4178 1054 4215 an
1074 4163 1233 4214 instruction
1255 4164 1284 4213 to
1306 4160 1352 4211 tho
1373 4158 1484 4222 copying

374 4216 419 4265 the
437 4230 507 4268 sama
522 4220 587 4279 sech
605 4236 634 4271 as
651 4226 678 4271 to
695 4222 748 4273 this
761 4240 803 4275 sea
819 4226 864 4276 Br.
882 4227 900 4275 t.
951 4228 1030 4278 clarit.

374 4282 424 4330 398
435 4281 460 4330 b.
984 4293 995 4325 ¹
1013 4293 1130 4344 Thomas
1136 4292 1262 4356 produces
1268 4288 1483 4343 hiseourtboron.

407 4344 418 4376 ²
434 4346 465 4395 In
476 4346 538 4423 esch
556 4350 657 4425 margin
675 4352 747 4404 there
763 4354 787 4405 is
803 4368 819 4405 a
834 4355 903 4406 briei
951 4356 1010 4407 that
1020 4358 1054 4417 ia,
1065 4373 1138 4409 soma
1146 4361 1174 4410 ol
1184 4358 1228 4408 his
1237 4360 1342 4408 tenente
1352 4353 1445 4419 judaea
1456 4352 1486 4401 οῖ

375 4414 444 4469 note,
457 4426 513 4461 now
525 4414 644 4477 illegible.
740 4460 744 4469 .
950 4421 1011 4473 that
1022 4427 1106 4475 court.
