3342 5217
413 453 937 530 monrmms‚an.1220,aa
959 455 1053 518 4-5.
1216 457 1279 522 259

175 637 204 702 F
204 639 408 704 armamuilla
421 641 541 704 elamat
555 661 668 704 uersus
683 638 825 704 Priorem
840 638 882 704 de
897 639 1091 726 Gyppewico
1111 639 1168 726 qui
1187 640 1280 705 uenit

175 750 210 806 et
232 741 316 807 dixit
338 743 425 829 quod
445 765 511 808 non
530 743 640 829 potuit
659 742 851 828 respondere
868 743 1280 810 sineP;Non1int¹ele.cto

175 853 211 909 et
226 853 321 913 uocat
336 869 412 914 eum
427 847 468 911 ad
488 853 692 910 warrantum.
724 845 781 910 'Et
803 845 980 912 Robertus¹
999 869 1057 933 per
1078 855 1279 913 attornatum

174 971 272 1013 suum
292 949 386 1014 uenit
406 957 439 1014 et
460 948 491 1013 ei
505 947 693 1013 warantizat
713 957 747 1012 et
767 949 847 1014 dicit
869 950 955 1035 quod
976 950 1076 1019 asmsa
1095 973 1161 1014 non
1182 949 1281 1015 debet

174 1051 252 1117 inde
273 1053 352 1131 fieri,
367 1052 445 1139 quia
466 1052 600 1118 ecclesia
620 1074 685 1117 non
707 1061 803 1117 uacat
826 1053 904 1139 quia
927 1054 1093 1140 predictus
1115 1055 1207 1120 Prior
1230 1061 1281 1119 est

174 1157 253 1221 inde
266 1180 403 1244 persona
417 1167 451 1224 et
465 1165 613 1245 preterea
626 1157 713 1222 idem
729 1157 820 1222 Prior
834 1159 934 1224 habet
949 1158 1115 1224 ecclesiam
1135 1159 1225 1225 illam
1239 1158 1280 1223 de

174 1259 260 1324 dono
290 1261 426 1327 Roberti
446 1261 488 1326 de
511 1259 746 1326 Furmamuilla
768 1260 931 1345 quondam
951 1261 1017 1326 uiri
1037 1261 1139 1348 ipsius
1161 1261 1280 1326 Basilia

174 1385 235 1449 per
259 1372 381 1428 cartam
403 1387 495 1430 suam
518 1386 615 1450 quam
637 1365 759 1449 profert
781 1371 816 1428 et
838 1387 901 1450 que
923 1373 1065 1430 testatur
1086 1364 1171 1451 quod
1193 1364 1281 1429 idem

174 1467 339 1532 Robertus
357 1466 449 1532 dedit
470 1475 504 1532 et
523 1469 679 1533 concessit
693 1468 728 1534 in
742 1478 935 1555 perpetuam
950 1469 1157 1534 elemosinam
1171 1467 1232 1532 deo
1246 1477 1282 1531 et

174 1571 309 1636 ecclesie
325 1571 356 1637 S.
370 1571 540 1638 Trinitatis
554 1573 594 1638 de
607 1573 801 1660 Gyppewioo
816 1582 851 1639 et
865 1573 1025 1638 canonicis
1039 1585 1098 1638 etc
1115 1572 1280 1638 ecclesiam

175 1675 333 1740 Omnium
357 1675 548 1741 Sanctorum
569 1676 611 1741 de
635 1677 807 1763 Sproltona
825 1684 885 1740 etc
906 1676 993 1740 unde
1015 1676 1095 1741 dicit
1116 1676 1202 1762 quod
1223 1699 1282 1762 per

173 1778 297 1844 donum
312 1779 394 1844 illud
408 1780 472 1844 fuit
487 1780 573 1845 idem
593 1781 685 1845 Prior
699 1781 734 1844 in
749 1781 868 1845 seisiua
881 1781 970 1846 illius
984 1779 1116 1845 ecclesie
1131 1779 1171 1845 lx.
1187 1780 1281 1844 annis

173 1885 347 1949 transactis
360 1893 400 1949 ut
414 1906 556 1971 persona

241 1988 287 2051 Et
316 1987 437 2052 Basilia
466 1987 559 2052 uenit
587 2010 646 2074 per
675 1996 878 2054 attomatum
907 2011 1003 2054 suum
1029 1997 1063 2054 et
1091 1977 1281 2074 dicitquod

172 2091 310 2156 ecclesia
331 2092 389 2158 illa
409 2091 540 2157 uacauit
559 2092 613 2158 die
634 2092 804 2178 quoidam
825 2091 916 2155 Prior
929 2093 1145 2157 summonitus
1160 2092 1232 2170 fuit,
1246 2101 1282 2156 et

172 2194 203 2260 si
217 2195 341 2260 electus
356 2203 468 2282 postea
481 2194 605 2280 aliquid
619 2193 695 2260 inde
715 2196 792 2260 fecit
811 2218 877 2260 non
896 2195 995 2260 debet
1015 2197 1046 2261 ei
1069 2219 1181 2262 nocere
1204 2197 1282 2283 quia

173 2299 310 2384 quidam
332 2300 495 2366 Galfridus
517 2297 650 2364 clericus
672 2299 754 2364 obiit
775 2300 852 2365 inde
873 2323 1010 2387 persona
1034 2301 1161 2366 duobus
1188 2300 1281 2366 annis

173 2405 349 2470 transactis
374 2405 419 2470 ad
445 2403 719 2491 presentationem
740 2404 843 2490 ipsius
865 2405 985 2470 Basilia
1007 2414 1041 2471 et
1062 2406 1139 2471 inde
1160 2406 1282 2492 profert

173 2513 300 2571 cartam
315 2506 339 2571 J
340 2507 476 2572 ohannis
486 2505 648 2592 quondam
661 2505 802 2592 episcopi
814 2507 1043 2572 Norwicensis⁸
1053 2530 1117 2594 que
1126 2507 1283 2572 testatur‘

173 2609 218 2674 ad
237 2609 383 2674 eiusdem
403 2609 523 2675 Basilia
542 2609 816 2695 presentationem
830 2610 963 2676 admisit
976 2611 1083 2697 ipsum
1099 2610 1280 2676 Galfridum

172 2714 216 2780 ad
248 2714 414 2780 ecclesiam
437 2713 477 2779 de
507 2714 692 2800 Sproutona
720 2722 780 2780 eta
803 2722 839 2779 et
864 2715 972 2801 ipsum
993 2714 1030 2779 in
1051 2737 1092 2780 ea
1112 2736 1280 2801 personam

173 2817 324 2884 instituit
353 2824 412 2882 etc.
436 2816 522 2881 unde
548 2817 631 2902 ipse⁶
653 2816 734 2883 dicit
756 2817 842 2904 quod
864 2819 977 2884 statim
998 2827 1072 2905 post
1092 2817 1282 2884 arramiauit

173 2922 248 3008 ipsa
262 2921 393 2986 assisam
407 2920 512 2986 istam.
557 2920 648 2985 Dicit
662 2920 763 2985 eciam
779 2921 866 3006 quod
880 2929 954 3007 post
967 2929 1089 2986 cartam
1269 2918 1282 2952 ⁶

173 3027 204 3090 si
226 3047 371 3111 unquam
392 3025 478 3090 facta
499 3024 562 3089 fuit
581 3025 784 3111 presentauit
802 3026 875 3111 ipsa
893 3033 960 3090 tres
978 3048 1129 3112 personas
1148 3032 1183 3090 et
1204 3023 1280 3089 inde

173 3129 270 3216 ponit
285 3151 318 3194 se
333 3151 430 3214 super
443 3129 590 3195 iuratam.

240 3233 287 3298 Et
309 3233 399 3298 Prior
418 3234 498 3299 dicit
521 3234 607 3320 quod
627 3257 737 3300 omnes
757 3234 866 3300 clerici
885 3236 1018 3300 fuerunt
1037 3234 1151 3300 uicarii
1166 3241 1200 3299 et
1214 3255 1280 3298 non

172 3358 312 3424 persone
336 3335 413 3422 quia
432 3336 522 3401 Prior
541 3336 582 3402 lx.
597 3338 690 3403 annis
713 3339 829 3424 elapsis
851 3338 995 3425 percepit
1014 3338 1090 3404 inde
1110 3336 1281 3402 annuatim

172 3441 259 3506 duos
272 3438 327 3504 sol.
341 3441 472 3504 nomine
487 3442 649 3527 pensionis
663 3450 698 3507 et
712 3442 788 3507 inde
802 3443 895 3528 pouit
908 3465 943 3508 se
958 3465 1055 3528 super
1068 3443 1217 3507 imatam

243 3544 288 3609 Et
312 3543 383 3630 ipsa
405 3545 527 3610 Basilia
547 3569 606 3632 per
628 3554 830 3612 attomatum
849 3569 945 3612 suum
966 3545 1152 3633 dicitquod
1168 3566 1282 3611 reuera

173 3647 311 3736 quidam
332 3647 489 3713 Ricardus
508 3650 565 3734 qui
584 3650 649 3716 fuit
668 3650 744 3715 inde
766 3672 903 3736 persona
916 3648 1003 3714 lucc'
1018 3649 1175 3714 aduocato
1189 3646 1280 3712 dedit

173 3753 284 3818 eidem
300 3752 402 3817 Priori
415 3751 497 3818 duos
515 3754 570 3820 sol.
590 3776 648 3840 pro
670 3755 753 3819 bono
773 3755 861 3841 pacis
883 3754 969 3841 quod
991 3775 1056 3817 non
1077 3757 1281 3816 uexauerunt

173 3855 277 3923 eum'.
323 3855 569 3922 Consideratum
585 3866 636 3924 est
650 3859 736 3945 quod
750 3859 851 3927 meisa
863 3857 1024 3945 procedat.

241 3961 412 4026 ‹Iuratores
435 3961 549 4027 dicum
575 3964 662 4050 quod
684 3963 807 4029 Basilia
834 3962 981 4049 predicta
1005 3958 1208 4046 presentauit
1229 3956 1280 4021 ul-

205 4167 215 4199 ¹
234 4165 353 4226 Nmroa'e’,
370 4169 401 4226 A,
418 4167 449 4217 13.
461 4167 599 4232 Pandulph
610 4167 704 4233 bishop
787 4169 798 4201 ⁵
815 4167 887 4217 Oorr.
899 4169 964 4230 ipsa,
977 4165 1009 4227 A,
1021 4165 1051 4216 B.

170 4233 239 4283 elect
251 4231 281 4281 oi
289 4232 417 4283 Norwioh.
786 4233 798 4265 ⁸
813 4233 835 4282 Δ
847 4247 924 4295 space
933 4231 991 4288 left3
1004 4230 1153 4292 predictam,
1164 4226 1195 4284 Δ,
1206 4225 1238 4274 Β.

207 4299 274 4348 'Et
284 4298 316 4346 P.
329 4297 515 4362 [Pandalptm]
528 4313 577 4363 per
591 4305 703 4350 attomo·
786 4297 919 4361 ⁷pmmro
940 4298 996 4346 sina
1023 4295 1155 4378 aduocotp,
1184 4291 1207 4340 B
1229 4289 1283 4367 aad

172 4362 344 4478 'nisiiio
410 4428 443 4480 οι)
464 4428 555 4481 moe
577 4429 641 4480 1214
754 4362 924 4489 ididia?
944 4360 1010 4423 ‘im’
1033 4358 1081 4409 but
1106 4358 1152 4407 ΑΒ
1178 4372 1232 4407 ”m
1258 4371 1283 4405 ¹⁰

206 4441 423 4556 ⁴Supplyieqddd.
445 4465 451 4480 ι
556 4467 562 4483 ⁸
643 4465 650 4480 .
788 4486 1202 4556 ⁸eoqaoctsexauemnteam‚A.

1091 4588 1198 4656 17-2
