3342 5217
504 463 642 523 11111111,
666 461 729 511 aa.
755 449 848 522 1224,
871 461 934 512 111.
957 451 985 510 8.
1230 445 1292 513 175

195 635 336 701 Simonis
351 638 452 722 patris
472 637 521 700 sui
544 658 603 722 per
624 635 722 700 brcuc
745 634 868 699 domini
890 635 990 720 Regis
1011 642 1046 698 et
1068 655 1132 697 non
1155 632 1296 698 Simonis

195 739 302 802 fratris
316 739 366 803 sui
381 747 416 804 et
427 739 513 803 idern
531 737 642 803 Simon
657 745 751 823 pater
764 736 847 801 obiit
861 737 939 801 dum
954 737 1026 822 ipsa
1040 736 1180 801 Isabella
1194 737 1295 800 iacuit

195 841 230 905 in
246 841 399 928 languore
414 863 472 905 sno
492 849 526 904 et
547 861 604 926 pro
620 847 722 904 morte
743 839 813 904 eius
827 839 1002 904 noluerunt
1024 839 1163 924 amplius
1185 846 1295 902 tenere

195 943 354 1028 loquelam
370 943 423 1007 uel
438 941 595 1007 iudicium
610 941 713 1006 facere
728 949 778 1006 set
793 941 821 1005 si
836 941 1005 1026 quidinde
1020 942 1141 1006 facturn
1157 942 1221 1005 fuit
1235 941 1295 1005 hoc

195 1046 259 1109 fuit
280 1068 338 1131 per
359 1045 583 1111 uicecomitem
606 1053 640 1108 et
662 1065 721 1130 per
741 1043 903 1130 predictos
924 1044 1095 1108 Mathenm
1116 1053 1151 1109 et
1170 1045 1295 1108 Willel·

194 1170 285 1212 mum
300 1157 335 1212 et
349 1147 504 1234 quosdam
519 1147 597 1210 alios
613 1154 647 1210 et
662 1147 722 1211 hoc
736 1147 877 1210 offerunt
891 1147 1025 1232 probare
1040 1155 1100 1212 etc.

261 1253 305 1316 Et
325 1253 402 1339 qnia
419 1251 481 1338 ipsi
503 1251 624 1316 milites
644 1251 684 1315 de
699 1251 857 1315 comitatu
872 1249 1074 1315 deaduooant
1087 1250 1244 1314 iudicium
1260 1258 1295 1314 et

195 1354 346 1418 mininam
368 1355 486 1418 factam
509 1353 614 1418 eidem
637 1352 770 1429 Simoni,
786 1351 1034 1418 Consideratum
1054 1361 1105 1418 est
1124 1353 1210 1438 quod
1224 1353 1296 1438 ipsa

196 1456 315 1521 habeat
330 1457 480 1520 saisinam
496 1478 587 1520 suam
603 1464 662 1520 etc.

262 1559 306 1622 Et
320 1558 397 1644 quia
411 1558 482 1643 ipsa
496 1557 576 1622 dicit
591 1557 676 1644 quod
692 1557 792 1621 habet
807 1557 848 1622 de
862 1557 1003 1642 dampno
1017 1579 1076 1642 per
1094 1557 1294 1622 disseisinam

195 1663 286 1726 illam
301 1663 343 1726 ad
358 1663 420 1726 ual’
435 1663 538 1726 nescit
552 1660 730 1726 certificar’¹
751 1661 856 1726 iustic'
876 1661 916 1725 de
940 1662 1048 1726 ualore
1070 1671 1129 1727 etc.
1144 1661 1186 1726 ad
1207 1661 1294 1726 diem

194 1766 289 1830 illum
304 1766 423 1830 habeat
437 1766 512 1830 inde
525 1765 682 1831 indicium
698 1787 793 1830 suum
808 1773 843 1829 et
857 1765 988 1829 interim
1003 1787 1037 1829 se
1052 1765 1215 1831 certificet.

135 1929 142 1940 ,
261 1869 447 1935 ‘Hubertus
466 1869 506 1934 de
527 1871 636 1955 Burgo
657 1869 854 1934 iusticiarins
874 1869 993 1956 Anglie
1015 1891 1074 1955 per
1094 1869 1295 1933 attornatuin
1393 1902 1411 1931 e.

195 1995 292 2038 suum
314 1975 399 2059 petit
418 1997 531 2038 uersus
549 1975 573 2038 J
575 1974 733 2038 ohannem
750 1974 789 2036 de
806 1972 1035 2038 Steinwauth'⁸
1049 1974 1089 2038 lx.
1106 1995 1195 2037 acras
1209 1981 1296 2037 terre

195 2087 231 2142 et
248 2079 273 2164 j
288 2077 508 2142 molendinum
523 2099 598 2142 cum
613 2077 820 2162 pertinenciis
835 2077 870 2140 in
889 2077 1048 2164 Segebroc
1066 2085 1105 2141 ut
1127 2077 1178 2140 ius
1198 2099 1294 2140 suum

195 2181 283 2246 unde
304 2181 454 2246 dominus
476 2180 637 2245 Hemicus
655 2181 724 2244 Rex
740 2203 821 2245 auus
837 2180 960 2245 domini
974 2181 1074 2268 Regis
1088 2182 1151 2246 fnit
1166 2181 1296 2244 seisitus

195 2291 255 2349 etc.
272 2291 306 2346 et
320 2279 407 2346 idem
421 2281 571 2346 dominus
586 2281 657 2346 Rex
672 2281 763 2346 dedit
779 2281 809 2346 ei
824 2282 1004 2347 manerium
1019 2282 1100 2347 illud
1119 2284 1205 2347 sicut
1225 2284 1296 2368 ipse
1341 2306 1346 2314 ’

194 2386 278 2452 illud
292 2385 400 2450 tenuit
415 2407 489 2449 curn
504 2393 574 2448 toto
589 2385 658 2449 iure
674 2385 759 2470 quod
779 2385 895 2450 habuit
910 2387 944 2449 in
959 2387 1101 2450 manerio
1115 2387 1171 2451 illo
1186 2395 1221 2450 et
1234 2387 1295 2450 hac
1344 2382 1347 2384 ’

193 2489 322 2556 racione
337 2489 455 2554 clamat
470 2499 588 2554 terram
604 2488 701 2554 illam.

261 2592 305 2655 Et
327 2591 349 2656 J
351 2591 492 2654 ohannes
513 2590 606 2654 uenit
629 2599 663 2654 et
683 2589 829 2654 defendit
844 2591 895 2656 ius
909 2613 1005 2656 snum
1020 2601 1054 2656 et
1068 2593 1219 2658 seisinam
1234 2583 1294 2658 etc.

194 2701 230 2759 et
244 2693 338 2779 ponit
351 2715 386 2757 se
401 2692 435 2756 in
450 2713 602 2779 magnam
617 2693 748 2756 assisam
763 2693 886 2757 domini
905 2694 1004 2780 Regis
1024 2703 1059 2759 et
1080 2697 1166 2781 petit
1187 2719 1295 2784 recog-

193 2797 356 2863 nicionem
377 2797 448 2862 fieri
469 2805 580 2861 ntrrrm
603 2787 798 2882 ipse'maius
817 2797 869 2862 ius
884 2797 1003 2862 habeat
1018 2799 1052 2862 in
1067 2810 1154 2864 terra
1167 2801 1224 2865 illa
1237 2801 1295 2865 ‘an
1331 2809 1335 2814 “

193 2901 360 2988 predictus
375 2900 546 2965 Hubertus
560 2907 599 2964 ut
614 2922 654 2964 ex
669 2899 753 2964 dono
767 2900 905 2985 predicti
920 2901 1019 2988 Regis
1033 2901 1109 2966 etc⁴
1127 2902 1133 2986 Ι

191 3253 403 3320 'PLAOITA
438 3251 562 3318 APUD
599 3253 1063 3321 WESTMONASTERIUM
1097 3255 1158 3320 DE
1193 3257 1293 3321 TER-

282 3357 401 3422 MINO
425 3357 456 3422 S.
478 3357 685 3421 HILLARII
708 3357 840 3423 ANNO
863 3359 1007 3424 REGNI
1029 3361 1162 3426 REGIS
1182 3361 1293 3426 HEN-

282 3461 379 3527 RIOI
401 3461 510 3525 FILII
533 3460 768 3527 JOHANNIS
791 3463 906 3528 VIIJ0.

52 3723 62 3735 ·
130 3755 138 3765 ‚
260 3681 352 3746 Prior
372 3681 412 3745 dc
442 3681 608 3758 Bodmine,
631 3681 813 3748 Herhertus
842 3684 882 3749 de
913 3685 1000 3762 Pino‚
1023 3687 1184 3752 Robertus
1208 3689 1295 3754 filius
1369 3711 1431 3740 mu·

193 3784 351 3850 Willelmi
373 3793 407 3848 et
429 3785 590 3848 Henricus
609 3785 695 3850 filius
715 3786 872 3850 Willelmi
891 3788 1060 3853 iusticiarii
1078 3792 1235 3855 attornati
1254 3793 1296 3858 ad

191 3888 326 3952 assisam
338 3909 421 3950 noue
432 3885 598 3950 disseisine
610 3887 807 3972 capiendam,
817 3911 915 3973 quam
925 3889 1072 3954 Andreas
1085 3891 1125 3954 de
1138 3892 1294 3959 Bodmine

191 3989 328 4055 clericus
349 3987 521 4052 aramiauit
542 4011 654 4053 uersus
674 3989 859 4053 «Iohannem
880 3989 984 4054 filium
1004 3993 1135 4056 Ranulfi
1150 3995 1190 4058 de
1206 4003 1294 4059 tene-

191 4101 305 4158 mento
328 4091 363 4156 in
386 4091 543 4155 Bodmine
565 4093 803 4158 mandauerunt
825 4114 884 4179 per
904 4094 1030 4160 litteras
1050 4119 1125 4161 snas
1146 4106 1296 4184 patentes

226 4263 400 4326 ¹certr'ficare‚
417 4265 448 4322 B,
464 4264 588 4315 inwlrioh
604 4265 649 4316 the
665 4281 719 4328 pre·
802 4267 858 4303 ⁴-⁴
873 4271 1200 4321 ondorrimrsiroeticiortm
1213 4273 1242 4321 ia
1254 4274 1295 4320 clo-

191 4329 379 4390 cadingworde
390 4345 433 4379 are
443 4329 562 4392 illegible.
770 4334 863 4381 rainice
874 4336 1050 4396 manachacat,
1063 4335 1093 4385 Β.

224 4396 236 4492 3
253 4395 416 4514 ἓωιῌηέἓέἰ
428 4459 458 4510 Β.
803 4399 814 4428 ⁵
830 4397 936 4460 copyist
947 4399 994 4448 No.
1009 4401 1025 4446 2
1035 4400 1125 4462 begine
1136 4400 1203 4450 here.
