3342 5217
199 106 319 170 elamat
348 104 383 168 in
411 102 597 168 molendino
626 101 682 166 illo
711 101 774 167 nisi
803 108 843 166 ut
871 100 1020 187 ospitalis
1045 100 1195 166 dominus
1220 101 1306 167 leodi

199 208 293 272 illius

266 313 310 377 Et
329 334 427 398 super
445 311 506 375 hoe
526 310 620 376 uenit
640 310 772 396 quidum
793 308 932 397 Wyotus
954 310 1161 376 Mareseallus
1178 318 1213 375 et
1227 310 1307 375 dieit

200 416 286 503 quod
314 438 431 482 reuera
454 414 620 501 predictus
646 415 760 480 Simon
785 415 903 479 habuit
927 415 1089 501 quendem
1115 424 1247 501 neptem
1274 423 1308 480 et

200 543 274 585 eum
289 528 387 607 nepte
402 519 460 584 ille
474 518 566 583 dedit
585 518 654 605 ipse
675 518 799 605 Symon
818 518 1042 584 molendinum
1061 518 1144 582 illud
1163 518 1308 604 predicto

199 624 318 710 Wyoto
332 624 368 687 in
378 623 587 710 maritagium
603 622 781 687 tenendum
797 622 838 687 de
854 622 999 709 predicto
1010 623 1033 687 J
1034 622 1160 687 ohanne
1176 622 1311 710 capitali

199 727 329 792 domino
343 749 402 812 per
421 726 595 791 seminium
616 749 644 791 v.
660 725 714 790 sol.
730 748 789 811 per
807 748 880 789 ann
897 748 955 811 pro
975 724 1063 790 omni
1083 726 1218 791 seruieio
1239 726 1308 791 sine

199 831 307 916 aliquo
329 829 465 894 semicio
486 830 541 894 uel
563 828 694 894 redditu
716 852 814 914 quem
836 826 993 892 retineret
1014 828 1057 893 sd
1079 828 1182 914 opus¹,
1204 836 1239 893 et
1261 828 1310 893 ita

201 934 287 1022 quod
301 934 394 999 uenit
408 934 450 999 nd
465 934 588 999 curiam
602 933 705 1019 ipsius
724 934 747 998 J
749 933 885 997 ohannis
905 940 940 997 et
960 932 1085 997 dimisit
1105 954 1139 997 se
1159 933 1307 1019 inplens

201 1039 290 1104 curie
318 1047 353 1103 et
382 1039 563 1104 sttomsuit
591 1036 697 1125 ipsos'
725 1038 768 1103 od
796 1037 980 1104 laciendum
1010 1036 1182 1103 seminium
1212 1060 1307 1102 suum

201 1142 346 1231 predicto
361 1144 384 1208 J
385 1143 505 1207 ohanni
519 1142 590 1208 sine
603 1143 740 1208 seruioio
760 1142 846 1229 quod
866 1142 1023 1209 retineret
1041 1143 1084 1208 sd
1104 1166 1184 1229 opus
1203 1166 1308 1210 suum.

202 1248 246 1311 Et
267 1254 341 1333 post
363 1254 501 1311 mortem
523 1246 632 1310 uxoris
653 1268 712 1310 sue
733 1246 843 1310 tenuit
864 1268 899 1311 se
920 1246 956 1310 in
978 1255 1166 1311 tenemento
1188 1247 1252 1323 illo,
1274 1255 1309 1313 et

201 1376 276 1418 cum
291 1351 378 1416 idem
394 1350 517 1435 Symon
531 1372 607 1415 eum
622 1350 725 1414 eicere
740 1348 857 1414 uollet⁸
872 1350 1064 1415 conuocauit
1083 1349 1222 1415 uioin0s⁴
1236 1372 1310 1415 suos

202 1456 238 1521 in
267 1454 427 1520 auxilium
457 1452 499 1517 od
528 1453 688 1518 retinend’
717 1453 868 1518 seisinem
898 1476 998 1521 suom.
1044 1454 1087 1519 Et
1116 1454 1196 1519 dieit
1226 1453 1311 1540 quod

203 1560 425 1626 molendinum
447 1558 529 1623 illud
551 1567 602 1624 est
623 1558 708 1623 infre
729 1559 917 1623 libertatem
943 1558 1021 1623 uille
1045 1558 1085 1623 de
1109 1558 1311 1624 colecestne

205 1666 249 1730 Et
277 1665 326 1730 ita
354 1672 514 1729 testatum
543 1686 602 1750 per
630 1663 807 1751 burgenses
844 1662 884 1729 de
915 1662 1112 1729 Ooleoestria
1147 1671 1207 1728 ete
1269 1664 1312 1727 Et

204 1770 343 1855 Wyotus
357 1768 438 1833 dicit
453 1768 539 1854 quod
555 1767 630 1833 talis
644 1777 694 1833 est
709 1768 909 1833 consuetudo
923 1768 1008 1832 infra
1022 1767 1207 1833 libertatem
1222 1767 1312 1832 illam

205 1871 291 1958 quod
317 1871 387 1936 siue
414 1871 566 1937 habuerit
590 1871 723 1959 pueros⁶
748 1872 789 1938 de
815 1895 914 1938 uxore
944 1896 1004 1939 sun
1032 1874 1102 1939 siue
1132 1892 1197 1938 non
1227 1872 1313 1960 quod

205 1973 414 2060 maritagium
428 1974 531 2059 ipsius
551 1981 586 2039 et
607 1982 694 2039 term
713 1974 741 2039 si
760 1996 859 2060 quum
880 1974 1032 2040 habuerit
1052 1975 1229 2041 deseente’⁰
1242 1975 1313 2040 iure

204 2077 401 2142 hereditario
414 2077 485 2141 uiro
500 2099 558 2142 suo
573 2076 695 2142 debent
709 2098 876 2142 remanere
891 2077 934 2142 od
948 2078 1053 2142 uitem
1068 2100 1169 2145 suam.

272 2182 316 2245 Et
326 2182 448 2267 Symon
458 2204 518 2267 per
528 2181 561 2245 N
563 2181 697 2268 igellum
709 2181 750 2246 de
762 2182 995 2247 Hsuekestons
1005 2189 1206 2247 uttomatum
1219 2203 1315 2246 suum

205 2309 265 2373 per
283 2286 340 2372 i1ij.
359 2286 481 2351 milites
501 2286 579 2372 quis
597 2287 772 2373 languidus
793 2287 857 2352 fuit
879 2286 959 2353 dioit
981 2287 1068 2373 quod
1089 2310 1204 2353 reuera
1225 2295 1316 2351 ante·

207 2410 305 2476 quam
320 2391 504 2456 Gonnoram
519 2399 653 2477 neptem
668 2413 761 2455 suem
776 2390 924 2457 duxisset
944 2391 980 2455 in
999 2414 1134 2456 uxorem
1155 2390 1248 2455 dedit
1262 2390 1317 2455 ille

206 2494 428 2560 molendinum
450 2494 533 2558 illud
554 2493 617 2579 ipsi
639 2493 793 2581 Gonnore
809 2494 852 2559 ad
874 2516 908 2559 se
931 2495 1116 2559 consulend’
1139 2494 1317 2559 tenendum

207 2598 248 2663 de
264 2620 302 2662 eo
317 2596 482 2662 reddendo
495 2596 572 2661 inde
587 2596 620 2682 ij.
636 2619 733 2661 mare.
745 2595 852 2661 eidem
869 2596 1004 2682 Symoni
1018 2582 1052 2661 et
1067 2619 1096 2661 v.
1108 2596 1162 2661 sol.
1174 2595 1319 2682 predicto

207 2704 232 2769 J
232 2701 352 2767 ohanni
366 2702 499 2789 capitali
507 2702 653 2792 domino,
668 2701 730 2766 sub
744 2699 804 2766 tali
819 2700 1004 2766 condicione
1017 2700 1102 2788 quod
1118 2702 1145 2766 si
1165 2700 1236 2787 ipso
1250 2700 1319 2765 sine

208 2805 319 2892 puen’s
348 2804 529 2883 deoederet,
555 2804 643 2891 quod
671 2804 893 2869 molendinum
924 2804 1005 2868 illud
1031 2810 1250 2869 reuerteretur
1277 2802 1320 2867 ad

208 2910 317 2996 ipsum
330 2909 505 2995 Symonem
520 2917 555 2973 et
566 2908 701 2973 hemdes
716 2930 799 2986 snos,
810 2908 860 2973 ite
874 2908 961 2993 quod
977 2916 1049 2993 post
1064 2916 1202 2973 mortem
1218 2908 1319 2995 ipsius

210 3013 360 3078 Gonnore
374 3012 484 3097 posuit
498 3034 533 3076 se
547 3011 583 3075 in
597 3018 823 3076 tenementum
839 3009 929 3087 illud,
944 3018 978 3075 et
989 3010 1076 3097 oepit
1091 3010 1166 3075 inde
1182 3011 1321 3097 expleta,

210 3125 246 3182 et
263 3116 329 3180 luit
349 3115 425 3181 inde
444 3115 479 3180 in
499 3114 619 3180 seisina
639 3115 741 3180 donee
762 3114 901 3201 piedieti
923 3115 1088 3181 Johnnnes
1111 3124 1145 3180 et
1167 3115 1223 3179 alii
1245 3137 1320 3179 eum

210 3218 464 3298 disseisiuerunt,
484 3227 519 3283 et
540 3218 617 3283 inde
638 3219 732 3305 ponit
753 3241 788 3284 se
810 3242 908 3305 super
928 3219 1078 3296 iuratam,
1098 3226 1133 3283 et
1158 3218 1243 3284 unde
1265 3218 1321 3283 de·

211 3322 316 3387 lendit
330 3320 417 3408 quod
431 3344 599 3408 nunquam
614 3344 649 3387 se
663 3321 797 3401 dimisit,
809 3331 844 3387 et
858 3322 938 3388 dicit
952 3322 1037 3409 quod
1053 3322 1143 3387 misit
1157 3322 1199 3387 nd
1213 3322 1321 3409 ipsum

211 3427 235 3492 J
236 3426 397 3491 ohannem
412 3426 498 3510 quod
512 3425 572 3490 hoo
587 3425 775 3491 emendaret
790 3434 824 3490 et
840 3425 900 3490 hoe
914 3424 1086 3490 emendare
1100 3425 1213 3491 noluit.

245 3570 374 3634 ¹Supply
383 3584 488 3645 mom..
550 3634 556 3645 Ι
824 3571 950 3621 ⁴nieinos
968 3568 1072 3619 substlt.
1089 3568 1128 3618 lor
1143 3570 1268 3632 predictos
1287 3568 1321 3631 by

213 3635 362 3779 Tdnwiiols
379 3634 451 3761 inodd
460 3634 742 3750 liillsuswtrlilioiiodlnllio
792 3638 940 3827 fficio·
962 3698 996 3762 by
1015 3700 1165 3777 annotator.
1206 3697 1261 3748 The
1283 3698 1319 3749 sl·

213 3766 352 3817 dillerenoe
373 3764 487 3814 between
508 3779 525 3814 s
552 3765 686 3815 leollment
713 3767 741 3815 to
791 3766 802 3813 l
875 3767 977 3814 oustom
988 3778 1011 3813 ιι
1022 3764 1074 3815 hks
1085 3763 1144 3814 thot
1155 3764 1183 3813 ol
1194 3762 1270 3813 Kent.

213 3830 279 3881 hold
289 3830 318 3879 ol
327 3828 372 3879 the
382 3829 473 3878 leollor
481 3828 535 3879 end
545 3845 561 3880 s
572 3830 706 3880 leollment
714 3832 742 3880 to
824 3830 835 3861 ⁶
852 3830 924 3879 Gorr.
929 3831 1113 3879 descendentem
1118 3830 1159 3892 (l).
1180 3828 1321 3879 Thewile’s

214 3893 528 3945 holdoltheohiellord.
792 3893 1265 3945 inhentsdlsndssoontrmtedwith
1273 3893 1321 3943 her

249 3960 260 3993 ⁸
277 3959 327 4009 Sin.
792 3959 967 4022 maritagium.
