3342 5217
454 422 582 476 merse
604 420 677 473 nnn
698 422 852 486 numm,
874 422 943 473 nn.
969 408 1065 487 1219,
1086 424 1152 473 sn.
1176 412 1205 477 3.
1338 412 1380 477 29

271 590 402 657 uocauit
423 592 562 679 priorem
584 592 625 657 de
648 590 797 657 Mertone
818 600 870 657 set
891 591 974 657 bene
996 590 1151 657 dixemnt
1172 592 1259 679 quod
1280 594 1383 659 nesci·

272 704 391 760 uerunt
411 704 523 760 utrum
543 694 630 761 idem
650 694 737 781 prior
758 696 812 759 uel
833 694 952 781 eliquis
971 694 1230 780 predecessorum
1250 720 1382 763 suorum

271 800 326 863 uel
347 800 473 864 Alenus
495 799 659 885 predictus
681 799 734 863 uel
756 799 876 886 eliquis
896 806 1135 865 snteoemomm
1157 823 1289 866 suorum
1310 824 1383 888 pre·

271 910 430 966 sentusset
453 901 496 967 ud
518 900 685 967 ecclesiam
711 901 800 966 illam
831 901 886 967 uel
914 924 987 967 non
1033 902 1078 967 Et
1106 903 1186 989 quia
1213 904 1384 970 iusticiarii

272 1020 338 1063 non
351 1008 529 1085 potuerunt
543 1022 602 1085 per
615 998 735 1085 primos
749 998 804 1063 uel
819 999 976 1064 secundos
990 1000 1147 1065 iuratores
1157 1002 1327 1068 certificari
1341 1003 1383 1069 ad

272 1124 371 1187 quem
385 1125 497 1167 eorum
512 1103 690 1189 pertineret
710 1103 761 1167 ius
780 1104 989 1189 presentandi
1008 1126 1069 1169 nec
1088 1105 1163 1170 sciri
1182 1106 1291 1192 potuit
1311 1108 1384 1193 quis
1414 1094 1419 1099 ⁷

273 1226 384 1269 eorum
410 1214 495 1271 esset
520 1206 555 1269 in
581 1205 700 1271 seisina
723 1204 764 1269 de
788 1204 1002 1270 eduocacione
1023 1205 1113 1271 illius
1134 1208 1276 1285 ecclesie,
1298 1208 1383 1275 Con·

272 1309 451 1375 sideratum
466 1310 530 1374 fuit
545 1308 631 1396 quod
646 1308 868 1395 unusquisque
883 1330 994 1373 corum
1014 1311 1199 1377 ostenderet
1218 1312 1270 1378 ius
1286 1336 1383 1378 suum

273 1422 308 1479 et
323 1412 419 1479 datus
434 1415 498 1479 fuit
513 1414 589 1479 ete¹

337 1517 434 1583 Unde
464 1517 556 1585 Prior
584 1516 677 1583 uenit
706 1524 741 1581 et
770 1515 851 1582 dicit
880 1516 966 1603 quod
994 1518 1167 1585 aduocacio
1195 1520 1301 1587 illius*
1329 1530 1381 1587 est

271 1620 324 1685 ius
352 1621 484 1685 ecclesie
513 1642 570 1686 sue
599 1620 640 1685 de
670 1620 820 1685 Mertona
848 1630 887 1685 ut
917 1622 974 1687 illa
1009 1645 1108 1709 quam
1146 1624 1307 1691 Radulfus
1340 1624 1382 1690 de

274 1724 430 1790 Caheurn'
465 1732 560 1810 pater
588 1723 745 1789 Willelmi
781 1723 873 1789 dedit
906 1726 1038 1790 ecclesie
1067 1726 1109 1790 de
1139 1726 1289 1793 Mertona
1324 1750 1384 1814 per

272 1836 394 1893 cartam
423 1848 515 1892 suam
545 1848 643 1913 quam
672 1826 794 1912 profert
823 1835 857 1891 et
893 1850 957 1913 que
994 1836 1136 1895 testetur
1172 1831 1259 1916 quod
1294 1830 1382 1897 idem

274 1931 433 1996 Redulfus
455 1930 547 1995 dedit
572 1940 631 1995 ete
658 1930 719 1995 deo
745 1938 779 1995 et
805 1931 937 1996 ecclesie
964 1932 996 1997 S
1026 1932 1130 1997 Marie
1159 1932 1200 1999 de
1230 1933 1382 1999 Mertona

273 2042 309 2098 et
332 2034 484 2099 fratribus
506 2034 629 2099 ibidem
651 2034 712 2099 deo
733 2034 952 2100 seruientibus
973 2058 1086 2101 omncs
1107 2036 1257 2103 ecclesias
1278 2040 1382 2104 tocius

275 2146 359 2202 terre
379 2160 436 2203 sue
458 2138 493 2202 in
516 2145 708 2223 perpetuam
728 2136 937 2203 elemosinam
955 2147 1028 2223 post
1044 2139 1210 2205 decessum
1231 2141 1383 2227 Hugonis

275 2241 334 2305 filii
355 2241 406 2305 sni
428 2262 561 2326 persone
584 2240 670 2305 unde
692 2240 780 2305 idem
802 2240 894 2305 Prior
915 2240 997 2307 dicit
1020 2241 1106 2328 quod
1130 2252 1215 2309 terra
1237 2245 1295 2309 illa
1317 2246 1382 2310 init

275 2344 376 2429 ipsius
394 2344 524 2409 Radulfi
542 2367 617 2409 cum
639 2343 852 2409 cduocecione
871 2345 1004 2409 ecclesie
1022 2353 1057 2411 et
1075 2346 1162 2432 quod
1181 2346 1273 2412 dedit
1292 2348 1382 2412 illam

274 2448 520 2513 aduocacionem
544 2447 688 2534 predicte
710 2448 843 2513 ecclesie
866 2448 906 2513 de
929 2448 1086 2515 Mertona
1131 2451 1257 2515 Profert
1279 2452 1382 2517 eciam

274 2562 397 2617 cartam
410 2552 567 2617 Willelmi
582 2552 642 2617 filii
657 2560 691 2617 et
713 2551 841 2617 heredis
860 2552 999 2638 predicti
1018 2554 1148 2619 Rudulli
1166 2555 1207 2620 de
1226 2556 1382 2623 Gahaum’

275 2678 337 2741 que
363 2664 504 2720 testetur
528 2655 615 2740 quod
639 2654 708 2740 ipse
732 2654 824 2719 dedit
853 2665 888 2720 et
916 2656 1074 2721 concessit
1102 2656 1163 2722 deo
1191 2666 1227 2722 et
1250 2660 1382 2725 ecclesie

276 2761 308 2825 S.
333 2760 434 2823 Merie
459 2759 500 2825 de
523 2759 673 2825 Mertcne
694 2767 753 2825 etc.
781 2782 893 2824 omnes
917 2759 1066 2825 ecclesias
1089 2760 1193 2827 tocius
1216 2770 1300 2827 terre
1323 2785 1382 2828 sue

254 2892 260 2907 ·
274 2862 361 2927 inter
374 2884 454 2947 quas
469 2862 614 2926 nominat
629 2862 796 2927 ecclesiam
810 2862 852 2927 de
867 2863 1010 2927 Bertona
1028 2872 1063 2927 et
1083 2872 1195 2948 postea
1213 2864 1382 2930 confirmet

274 2969 321 3031 eis
335 2966 543 3031 donacionem
558 2965 660 3051 patris
674 2966 725 3031 sui
739 2974 799 3031 etc
823 2966 949 3030 Profert
968 2966 1070 3031 eciem
1091 2976 1213 3032 canam
1233 2967 1383 3033 (leufridi

276 3069 413 3134 Eliensis
442 3068 583 3153 episcopi
612 3067 647 3131 in
676 3089 741 3153 qua
770 3068 956 3132 continetur
987 3067 1074 3152 quod
1110 3068 1179 3153 ipse
1212 3070 1382 3134 confirmat

274 3173 482 3239 donacionem
518 3172 648 3237 Redulfi
678 3171 719 3236 de
745 3171 894 3237 -Oehsun'
924 3180 959 3236 et
987 3171 1144 3237 Willelmi
1172 3173 1232 3239 filii
1260 3174 1312 3239 sui
1339 3175 1381 3240 de

276 3276 409 3341 ecclesia
422 3275 463 3339 de
479 3274 627 3339 Bertona
658 3274 783 3339 Profert
798 3282 832 3338 et
848 3273 958 3339 literas
971 3273 1095 3339 domini
1109 3298 1193 3362 pepe
1203 3276 1382 3343 Alexandri

275 3377 484 3443 donacionem
503 3376 593 3439 illem
611 3374 658 3439 eis
678 3374 905 3439 confirmantes
926 3384 961 3439 et
982 3374 1063 3440 dicit
1084 3376 1158 3441 ideo
1181 3378 1271 3442 Prior
1294 3380 1382 3465 quod

276 3481 458 3547 Willelmus
480 3478 520 3544 de
543 3479 668 3546 Chaun’
687 3478 785 3544 debet
805 3479 837 3543 ei
856 3479 945 3543 illam
966 3477 1213 3545 eduocecionem
1232 3484 1380 3547 warenti-

276 3608 354 3651 zare.
400 3585 444 3649 Et
466 3583 650 3649 Willelmus
672 3604 802 3669 presens
824 3591 875 3647 est
896 3591 931 3647 et
952 3584 1115 3669 cognoscit
1136 3593 1258 3650 certam
1279 3588 1382 3673 patris

276 3690 326 3755 sui
340 3699 374 3753 et
389 3696 511 3753 certem
526 3708 618 3751 susm
634 3694 668 3749 et
682 3685 772 3749 illam
787 3683 1034 3749 aduocacionem
1049 3686 1080 3750 ci
1095 3688 1289 3753 warentizat

341 3794 385 3856 Et
404 3792 530 3856 Alanus
548 3790 589 3854 de
608 3790 750 3853 Bertona
767 3798 801 3853 et
821 3789 975 3853 Roheisia
995 3812 1076 3854 uxor
1097 3790 1167 3855 eins
1188 3800 1223 3857 et
1245 3791 1381 3859 Matillis

277 3918 362 3961 soror
375 3896 478 3981 ipsius
492 3892 643 3958 Roheisie
658 3892 797 3956 ueniunt
812 3900 847 3955 et
866 3890 980 3956 dicunt
998 3892 1085 3977 quod
1102 3892 1274 3959 aduocscio
1293 3895 1381 3962 illius

278 3998 407 4064 ecclesie
423 4006 473 4063 est
492 3997 543 4061 ins
562 3996 706 4081 ipserum
726 3994 877 4059 Roheisie
897 4003 932 4059 et
951 3995 1121 4061 Matillidis
1140 3997 1224 4062 sicut
1243 3999 1301 4064 ille
1317 4022 1380 4086 que

278 4103 323 4167 eis
358 4100 524 4166 descendit
552 4100 595 4165 eb
623 4096 878 4163 antecessoribus
906 4097 973 4162 suis
1001 4120 1023 4163 a
1053 4109 1229 4185 conquestu
1259 4103 1380 4189 Anglie

279 4206 354 4291 quia
382 4204 513 4291 quidem
542 4204 651 4289 Fulky
675 4201 813 4267 Warwel
844 4200 936 4266 uenit
961 4200 1003 4267 ed
1025 4212 1237 4289 conquestum
1260 4206 1379 4293 Anglie

310 4366 321 4397 ¹
338 4366 373 4414 As
391 4364 434 4413 the
450 4364 533 4427 jurors
550 4364 626 4415 know
643 4361 755 4426 nothing
776 4362 805 4415 ol
854 4361 931 4415 cbout
942 4361 986 4414 the
997 4361 1079 4427 rightt
1097 4364 1194 4417 seeBr.
1206 4366 1224 4416 1.
1236 4365 1317 4419 2391).

281 4431 325 4481 llre
339 4430 419 4479 seisin
435 4430 478 4479 the
493 4432 587 4491 parties
602 4432 667 4482 here
683 4437 710 4481 to
727 4430 803 4493 pleed
888 4433 898 4463 ¹
916 4431 1015 4493 snpply
1026 4435 1134 4481 ecclesie.
