3342 5217
409 365 471 427 308
617 377 849 437 urcurnnula
871 376 936 426 nn.
963 363 1056 437 1229,
1079 372 1142 424 nn
1168 359 1302 421 13-14.

409 545 564 612 iuratores
580 546 744 614 Simonem
763 548 793 613 le
814 547 918 636 Bigod
939 555 975 612 et
995 546 1074 611 alios
1095 541 1290 610 siWariuna
1303 540 1343 604 (16
1358 535 1507 620 Rollesby

259 621 280 684 ε’
410 652 610 737 presentauit
639 652 833 740 Magistrum
855 653 1039 716 Walterum
1060 650 1101 715 de
1123 646 1328 714 Druffeuldia
1342 643 1389 708 'ad
1409 640 1507 706 eccle-

410 754 490 818 siam
508 753 548 818 de
570 754 708 840 Rollehy
721 765 759 820 ut
781 755 824 820 ad
845 777 918 819 eam
940 753 1033 820 cuius
1054 750 1226 817 aduooacio
1247 748 1289 814 ad
1314 769 1388 812 eum
1409 741 1508 830 pcrti-

409 857 508 922 nehat
523 858 656 923 racione
678 860 859 924 tenementi
880 859 967 946 quod
993 858 1102 923 tenuit
1131 857 1165 921 in
1194 854 1307 920 eadem
1334 851 1413 916 uilla
1433 871 1508 914 cum

410 961 538 1050 Agnete
553 985 651 1028 uxore
666 985 725 1028 sua
743 963 797 1028 uel
817 963 943 1029 racione
964 972 1049 1029 tene
1064 961 1183 1048 Rogeri
1201 961 1253 1025 Bil
1269 981 1331 1045 que
1353 966 1430 1021 tunc
1445 954 1509 1018 luit

410 1066 444 1130 in
473 1090 571 1132 manu
602 1091 660 1132 sua
686 1069 763 1154 quia
790 1078 860 1133 tam
890 1069 1053 1133 Robertus
1082 1067 1135 1131 Bil
1164 1087 1263 1152 quam
1291 1062 1441 1128 Matheua
1466 1058 1509 1122 de

410 1170 583 1236 Gunetona
611 1181 645 1237 61
671 1173 860 1238 Warneriua
888 1173 929 1238 de
951 1171 1205 1238 Waxtoneaham
1234 1179 1269 1235 et
1290 1167 1440 1232 Warinua
1466 1162 1510 1226 (16

410 1273 574 1338 Mamham
604 1275 690 1339 inter
715 1297 795 1361 quos
816 1275 984 1340 contencio
1013 1283 1064 1340 est
1092 1275 1133 1340 de
1163 1272 1276 1338 eadem
1300 1266 1509 1334 aduocacione

409 1387 587 1464 posuerunt
602 1401 635 1443 se
650 1377 725 1443 inde
740 1379 774 1443 in
790 1379 931 1444 imaum
945 1380 1036 1444 illam
1053 1388 1088 1444 et
1108 1377 1288 1444 concedunt
1301 1372 1387 1460 quod
1405 1371 1512 1435 iurata

409 1482 466 1546 illa
487 1483 635 1569 capiatur
655 1506 714 1570 per
735 1484 896 1570 predictos
917 1484 960 1549 ix.
975 1484 1046 1548 aine
1068 1482 1222 1569 pluribus.
1267 1479 1382 1543 Postea
1402 1495 1510 1559 recog·

410 1585 516 1649 nitum
531 1595 581 1650 est
596 1609 654 1672 per
668 1586 829 1673 quoddam
845 1587 1071 1674 cirographum
1086 1587 1208 1650 factum
1228 1583 1264 1647 in
1283 1580 1371 1646 curia
1389 1574 1511 1642 domini

329 1734 333 1742 ·
411 1688 510 1776 Regis
532 1689 618 1775 quod
640 1690 725 1755 idem
748 1691 937 1756 Warnerius
955 1689 961 1778 Ι
981 1691 1107 1756 remisit
1127 1699 1164 1756 et
1187 1689 1334 1776 quietum
1359 1680 1512 1749 clamauit

293 4169 366 4235 374.

292 4271 363 4311 M

411 1791 539 1856 cuidam
549 1793 670 1878 Agneti
682 1801 788 1857 totum
804 1793 856 1858 ius
866 1801 901 1858 et
912 1793 1065 1858 clamium
1076 1793 1164 1879 quod
1174 1790 1290 1856 habuit
1301 1789 1337 1852 in
1348 1795 1417 1852 tota
1426 1794 1514 1849 terra

411 1916 508 1979 quam
522 1895 639 1961 hahuit
653 1897 687 1960 in
701 1897 782 1961 uilla
796 1897 837 1962 de
852 1897 1006 1984 Rollesby
1019 1897 1068 1962 ita
1082 1896 1169 1982 quod
1182 1893 1282 1959 nichil
1296 1891 1358 1956 sihi
1377 1885 1513 1953 retinuit

411 2000 519 2064 necin
534 2000 746 2066 aduocacione
761 2003 871 2067 necin
888 2001 961 2067 aliis
980 1999 1190 2087 pertinenciis
1209 1997 1276 2063 auia
1296 1994 1359 2060 nisi
1378 1989 1514 2058 seruicia

411 2103 499 2168 illius
513 2112 606 2169 terre.

476 2207 643 2272 Juratores
671 2207 783 2273 dicunt
813 2208 900 2295 quod
928 2209 1092 2296 predictus
1113 2206 1267 2272 Warinua
1294 2203 1335 2267 (16
1361 2197 1514 2282 Ralleshy

412 2310 612 2394 presentauit
640 2310 682 2374 ad
712 2310 848 2375 eandem
878 2311 1045 2376 ecclesiam
1071 2309 1198 2376 racione
1227 2303 1407 2372 tenementi
1428 2300 1515 2388 quod

411 2410 527 2475 habuit
556 2411 590 2475 in
627 2412 739 2477 eadem
770 2413 850 2478 uilla
878 2436 952 2478 cum
982 2415 1112 2500 Agnete
1143 2433 1244 2476 uxore
1273 2409 1343 2474 eius
1378 2415 1413 2471 et
1448 2425 1513 2469 non

412 2514 573 2579 occasione
594 2523 678 2580 terre
694 2516 813 2603 Rogeri
828 2517 881 2580 Bil
896 2539 960 2602 que
975 2525 1121 2602 tempore
1136 2512 1386 2602 presentacionia
1399 2508 1515 2575 debuit

412 2639 480 2682 esse
499 2617 534 2682 in
554 2641 651 2684 manu
672 2642 731 2684 rua
745 2621 822 2708 quia
842 2630 929 2686 terra
947 2621 1005 2686 illa
1020 2631 1099 2686 tunc
1114 2620 1178 2684 fuit
1196 2620 1232 2684 in
1246 2640 1345 2682 manu
1360 2612 1516 2680 Willelmi

412 2719 464 2784 Bil
480 2722 687 2787 antecessoria
701 2723 802 2809 ipsius
817 2723 936 2811 Rogeri
950 2725 999 2787 ita
1012 2723 1099 2809 quod
1110 2722 1198 2788 idem
1210 2720 1393 2785 Willelmua
1404 2725 1517 2802 postea

411 2822 615 2908 inplacitauit
637 2824 818 2910 predictum
844 2825 1015 2890 Warinum
1041 2836 1076 2891 et
1100 2826 1264 2912 Agnetem
1290 2843 1424 2886 uxorem
1445 2818 1517 2884 eius

413 2926 587 2992 decadem
609 2929 822 2994 aduocacione
848 2939 882 2994 et
912 2930 994 2994 obiit
1019 2936 1096 2994 ante
1121 2928 1279 3014 placitum
1305 2923 1516 2989 terminatum

412 3029 498 3094 unde
521 3029 634 3096 dicunt
656 3034 741 3118 quod
763 3034 927 3120 predictus
949 3033 1101 3098 Warinua
1127 3029 1330 3117 presentauit
1351 3027 1515 3092 occasione

412 3133 592 3198 tenementi
607 3136 692 3220 quod
706 3136 822 3201 hahuit
842 3137 878 3201 in
897 3137 1011 3201 eadem
1031 3135 1112 3200 uilla
1130 3157 1206 3199 cum
1226 3131 1372 3218 predicta
1385 3133 1515 3216 Agnete

413 3259 510 3301 uxore
526 3237 609 3302 eius¹
629 3237 669 3302 de
685 3239 817 3304 Warino
832 3239 873 3303 de
888 3239 1055 3305 Marcham
1077 3238 1190 3303 dicunt
1205 3236 1291 3323 quod
1313 3233 1414 3298 nichil
1436 3233 1517 3296 iuria

412 3338 512 3404 hahet
529 3341 564 3405 in
586 3341 698 3407 eadem
720 3343 933 3408 aduocacione
947 3343 1025 3430 quia
1045 3341 1190 3408 Albreda
1210 3349 1315 3406 mater
1335 3361 1396 3404 sua
1416 3336 1517 3402 nichil

413 3443 527 3508 hahuit
542 3445 576 3509 in
591 3445 703 3510 eadem
719 3447 798 3511 uilla
812 3447 875 3511 nisi
889 3447 1019 3512 nomine
1033 3445 1118 3511 dotis
1134 3444 1220 3510 unde
1234 3443 1334 3510 nichil
1350 3441 1519 3508 descendit

413 3547 475 3633 ipsi
489 3548 628 3615 Warino.
673 3551 716 3615 Et
730 3551 803 3616 ideo
823 3551 1059 3616 consideratum
1082 3549 1233 3636 estquod
1254 3571 1314 3613 nec
1328 3545 1519 3611 Warnerius

413 3650 453 3714 de
474 3651 725 3718 Waxtonesham
750 3677 810 3719 nec
831 3654 985 3720 Warinua
1014 3655 1055 3719 dc
1077 3653 1241 3719 Marcham
1270 3675 1330 3717 neo
1356 3649 1521 3737 Rogerus¹

413 3752 534 3840 aliquid
564 3755 697 3840 capiunt
726 3778 784 3841 per
813 3755 952 3821 iuratam
982 3756 1089 3832 istam,
1115 3766 1150 3821 61
1179 3754 1265 3842 quod
1294 3752 1448 3818 Matheus
1476 3752 1520 3817 de

414 3857 586 3922 Gunetona
608 3858 812 3943 recuperauit
832 3861 1106 3945 presentacionem
1130 3881 1221 3924 suam
1242 3866 1279 3923 et
1299 3856 1462 3921 Robertus
1483 3855 1523 3919 in

413 3961 635 4028 misericordia
673 3963 716 4027 Et
730 3962 884 4030 Warinus
898 3965 940 4030 de
955 3965 1067 4030 Monte
1083 3964 1201 4030 Caniso
1216 3961 1351 4049 apponit
1364 3959 1521 4026 olamium

413 4087 516 4130 suurn

479 4167 614 4232 Matillia
628 4191 692 4255 que
706 4169 769 4234 fuit
784 4192 866 4235 uxor
879 4171 1010 4236 Ricardi
1021 4171 1178 4260 Hipping'
1194 4169 1383 4236 athachiata
1397 4167 1462 4277 fuit
1477 4168 1522 4232 ad

544 4388 552 4420 ¹
571 4387 653 4437 There
665 4388 758 4440 should
769 4390 830 4440 here
842 4392 873 4440 be
884 4407 900 4441 a
912 4395 977 4456 stop.
1109 4393 1120 4424 ²
1137 4392 1208 4441 corr.
1220 4391 1342 4439 notem
1352 4389 1393 4449 (²)-
