3342 5217
507 318 648 380 masur,
671 318 734 368 nn.
760 306 854 380 1231,
876 319 938 369 uo.
965 309 1012 369 15.
1241 309 1303 372 401

200 489 368 556 libertates
398 489 487 577 ipsa²
516 499 551 556 et
581 489 733 577 Philippa
761 513 843 556 uxor
866 491 937 556 eius
962 489 1081 556 habere
1107 489 1248 556 debeant
1271 489 1306 554 in

200 593 345 680 predicto
375 593 550 659 hundredo.
606 594 732 659 Profert
760 593 904 659 certam’
932 594 1026 660 Dom.
1056 594 1087 660 J.
1113 593 1214 681 Regis
1242 615 1305 680 que

200 706 342 763 testatur
356 697 442 784 quod
457 698 549 762 Dom.
565 697 596 763 J.
612 697 683 763 Rex
701 697 793 764 dedit
812 707 847 764 et
867 697 1024 764 concessit
1045 699 1168 764 Thome
1190 699 1306 763 Basset

200 823 258 888 pro
273 801 423 888 homagio
438 809 473 867 et
487 801 622 867 seruicio
637 823 695 867 suo
709 810 818 867 totum
837 802 1018 866 manerium
1033 801 1075 868 de
1089 799 1307 888 Hedingdona

199 929 275 972 oum
290 915 370 994 pert.
386 929 446 993 per
459 906 632 971 seruitium
653 906 740 973 feodi
757 907 783 993 j.
798 907 913 972 militis
934 929 993 993 pro
1014 906 1102 972 omni
1121 905 1257 972 semicio
1271 915 1306 972 et

199 1033 258 1098 pro
277 1035 329 1078 xx.
344 1011 399 1076 lib.
419 1010 589 1075 annuatim
611 1009 783 1075 reddendis
805 1009 847 1076 ad
868 1009 933 1075 duo
954 1010 1111 1075 scaccario
1131 1018 1192 1076 ete.
1207 1033 1306 1097 quare

199 1113 294 1178 uult⁸
312 1121 371 1179 etc
393 1113 479 1199 quod
501 1112 666 1199 predictus
687 1113 827 1178 Thomas
849 1120 884 1178 et
905 1113 1040 1178 heredes
1063 1112 1114 1178 sui
1134 1121 1209 1199 post
1230 1137 1306 1179 eum

199 1217 342 1282 habeant
364 1225 399 1282 et
421 1224 557 1281 teneant
576 1214 758 1303 predictum
774 1217 956 1282 manerium
971 1240 1046 1283 cum
1061 1218 1210 1283 omnibus
1224 1227 1306 1305 pert.
1376 1257 1380 1270 ·

199 1320 267 1385 suis
280 1321 364 1386 bene
380 1327 414 1384 et
428 1319 464 1384 in
478 1341 557 1405 pace
572 1326 633 1384 etc.
648 1319 684 1384 in
699 1319 848 1385 omnibus
863 1328 922 1386 etc
935 1320 977 1385 ad
987 1320 1111 1385 dictum
1125 1321 1307 1386 manerium

199 1422 441 1509 pertinentibus
463 1422 641 1488 secundum
664 1423 750 1508 quod
772 1423 956 1510 predictum
978 1433 1029 1490 est
1048 1432 1107 1488 etc
1126 1424 1223 1489 Teste
1245 1432 1306 1491 etc.

200 1525 317 1590 Postea
346 1527 432 1609 foeta
460 1533 511 1591 est
540 1525 711 1612 inquisicio
739 1548 799 1612 per
823 1525 903 1592 istos
928 1525 998 1592 sine
1024 1534 1224 1591 sacramento
1248 1548 1307 1613 pro

200 1635 346 1713 tempore
368 1627 469 1715 legis⁴
490 1627 613 1694 scilicet
635 1652 693 1715 per
714 1627 938 1694 Alexandrum
958 1628 999 1694 de
1015 1629 1145 1695 (lumba
1158 1636 1194 1694 et
1207 1629 1307 1694 ali0s⁶

200 1731 257 1817 qui
272 1730 386 1796 dicunt
404 1731 491 1818 quod
511 1732 676 1818 predictus
698 1733 839 1798 Thomas
860 1733 975 1797 Basset
996 1731 1105 1796 tenuit
1126 1732 1307 1797 manerium

199 1837 241 1902 de
264 1837 510 1925 Hundingdona
531 1860 606 1904 cum
631 1837 777 1925 predicto
802 1837 972 1903 hundredo
995 1837 1036 1902 de
1060 1837 1249 1902 Bolendena
1272 1845 1307 1902 et

200 1939 340 2027 quodam
364 1940 428 2006 alio
452 1939 619 2006 hundredo
642 1940 683 2006 de
706 1940 790 2005 dono
813 1941 907 2005 Dom
928 1939 1029 2027 Regis
1047 1940 1088 2018 J„
1107 1947 1143 2004 et
1161 1939 1231 2025 ipse
1248 1939 1308 2004 ali-

199 2043 329 2129 quando
344 2042 408 2108 luit
423 2042 601 2108 uicecomes
616 2051 650 2108 et
666 2051 745 2108 tuno
759 2044 850 2107 nulla
864 2042 929 2107 luit
942 2041 1109 2108 contencio
1120 2041 1161 2106 de
1176 2042 1307 2108 liberta·

200 2147 290 2212 tibus
304 2145 381 2232 quia
396 2146 474 2211 fecit
488 2147 575 2233 quod
591 2147 695 2212 uoluit
709 2147 751 2212 de
766 2147 861 2212 terris
881 2146 948 2212 suis
967 2146 1052 2212 sicut
1071 2146 1258 2223 uicecomes‚
1273 2153 1308 2212 ct

200 2255 274 2335 post
303 2271 378 2314 eum
408 2249 537 2336 quando
571 2249 745 2315 comitatus
779 2251 843 2316 fuit
871 2250 907 2315 in
938 2273 1070 2316 manum
1100 2249 1238 2315 Faloasii
1266 2249 1307 2314 de

201 2355 343 2419 Breaute
359 2361 394 2418 et
409 2363 554 2440 tempore
570 2376 634 2441 quo
648 2353 809 2420 Viuianus
824 2355 865 2420 de
880 2356 966 2441 Bray
981 2362 1016 2420 et
1030 2353 1188 2419 Ricardus
1202 2353 1309 2418 Foliot

200 2457 334 2522 fuerunt
357 2457 563 2522 uicecomites
584 2466 748 2523 uenerunt
769 2459 832 2545 ipsi
852 2459 1013 2524 Viuianus
1035 2467 1070 2524 et
1095 2459 1253 2524 Rioardus
1275 2466 1309 2524 et

200 2563 376 2627 uoluerunt
412 2561 534 2627 intrare
570 2563 606 2627 in
642 2562 825 2649 predictum
866 2562 1073 2628 hundredum
1110 2562 1195 2627 sicut
1231 2561 1310 2626 alibi

200 2673 236 2731 et
265 2665 430 2752 predictus
460 2666 600 2731 Thomas
630 2666 724 2731 uenit
753 2674 788 2731 et
813 2665 898 2730 dixit
923 2666 1010 2752 quod
1035 2689 1100 2730 non
1126 2665 1310 2731 debuerunt

201 2779 263 2834 etc.
289 2769 339 2834 ita
363 2769 450 2856 quod
478 2769 643 2856 predictus
672 2771 813 2836 Thomas
838 2771 1032 2857 perquisiuit
1056 2770 1143 2856 quod
1169 2769 1309 2855 quedam

201 2871 310 2936 iurata
324 2881 419 2958 capta
434 2873 497 2938 fuit
512 2895 570 2959 per
583 2873 638 2959 xij.
655 2873 775 2960 legales
792 2873 938 2939 homines
952 2873 993 2938 de
1008 2872 1214 2938 libertatibus
1228 2894 1309 2957 quas

201 2977 322 3042 habere
345 2976 460 3042 debuit
486 2978 521 3042 in
547 2977 691 3064 predicto
717 2977 884 3043 hundredo
909 2986 944 3043 et
969 3000 1028 3064 per
1051 2977 1192 3042 iuratam
1218 2977 1307 3041 illam

201 3081 404 3168 recognitum
419 3081 483 3148 fuit
498 3083 585 3169 quod
599 3083 777 3150 uicecomes
791 3091 923 3148 tantum
942 3083 1042 3148 semel
1061 3081 1173 3148 uenire
1193 3080 1308 3146 debuit

201 3185 237 3250 in
260 3207 345 3248 anno
368 3184 411 3249 ed
432 3185 614 3270 predictum
636 3186 842 3251 hundredum
863 3194 937 3272 post
959 3185 1079 3250 festum
1100 3186 1132 3251 S.
1153 3183 1249 3248 Mieh.
1265 3183 1308 3248 ad

201 3286 386 3351 faciendum
406 3286 515 3352 uisum
535 3287 575 3352 de
596 3287 704 3352 franco
726 3287 834 3374 plegio
854 3295 889 3352 et
908 3287 952 3352 ad
971 3285 1106 3352 faciend'
1125 3284 1307 3350 attheohia·

200 3395 315 3454 menta
343 3389 383 3453 de
409 3389 537 3475 placitis
566 3412 689 3468 corone,
712 3398 747 3457 et
770 3389 798 3455 si
822 3390 933 3476 aliqua
956 3388 1207 3454 amemiamenta
1231 3387 1307 3453 inde

201 3491 412 3577 prouenirent
435 3515 499 3578 que
523 3493 564 3557 ad
587 3493 812 3558 uicecomitem
834 3493 1036 3580 pertinerent
1057 3491 1145 3556 idem
1169 3490 1309 3554 Thomas

200 3595 260 3660 illa
281 3595 398 3661 habuit
420 3604 454 3661 et
476 3595 627 3662 similiter
649 3597 758 3662 omnia
782 3597 904 3684 placito
928 3619 992 3684 que
1017 3596 1059 3661 ad
1084 3593 1308 3660 uioecomitem

201 3699 370 3786 pertinent
394 3709 428 3766 et
452 3723 515 3787 que
540 3701 720 3767 uiceoomes
745 3701 901 3788 placitare
924 3709 1034 3787 posset
1057 3699 1144 3764 idem
1169 3698 1310 3762 Thomas

201 3801 384 3889 placitauit,
395 3811 430 3869 et
441 3804 501 3869 hoc
516 3802 602 3870 idem
617 3805 824 3892 postmodum
840 3804 1043 3892 recognitum
1057 3802 1121 3867 fuit
1136 3823 1195 3888 per
1208 3800 1308 3885 xxiiij.

201 3905 273 3971 sine
288 3916 488 3972 sacramento
503 3907 545 3974 ad
559 3907 751 3974 instanciam
766 3907 905 3995 predicti
919 3907 1057 3973 Falcosii
1076 3904 1217 3972 uolentis
1235 3927 1309 3969 con·
1329 3907 1334 3914 ’

237 4081 245 4114 ¹
265 4082 336 4134 (tort.
350 4084 413 4147 ipre.
814 4085 826 4118 ⁴
842 4085 970 4148 Probably
977 4085 999 4135 it
1009 4085 1033 4134 is
1043 4084 1111 4135 Iaent
1125 4081 1178 4134 and
1189 4097 1239 4132 one
1250 4097 1311 4147 may

236 4147 325 4196 ²R0t.
342 4148 412 4198 Cart.
429 4162 455 4212 p.
477 4150 523 4201 109
546 4149 569 4201 b.
610 4149 731 4202 Dctedh
783 4155 930 4201 notewear.

202 4213 429 4328 miiitum
445 4278 475 4328 or
494 4279 540 4329 uo
556 4279 657 4332 anna
673 4295 732 4331 oon-
783 4217 832 4331 roii
843 4215 939 4266 Μ
955 4229 1046 4266 ΠΜ
1062 4213 1147 4265 mm
1163 4213 1194 4264 Μ
1210 4228 1244 4264 ⁰¹¹
1266 4213 1311 4264 ὼε

202 4342 308 4402 tinum
325 4342 459 4394 Johannes
470 4343 524 4395 Rex
533 4347 598 4396 uult.
834 4317 841 4331 .

293 4459 327 4506 u.
1183 4449 1224 4511 26
