3342 5217
349 425 413 491 220
523 423 663 508 [Hilory
685 420 753 488 aad
773 421 899 499 Ecstor,
921 436 987 488 111).
1010 423 1103 499 1228,
1127 436 1190 485 aa
1217 419 1279 504 la]

346 609 515 673 hominum
552 609 593 674 de
630 608 743 674 eadem
780 616 867 672 terra
902 608 993 678 saluo
1028 606 1191 671 Randulfo
1226 606 1267 671 de
1305 606 1454 670 Karuilla

347 711 485 776 termino
514 735 572 776 suo
600 735 703 798 usque
734 711 776 776 ad
799 713 921 776 festum
946 711 977 776 S.
1005 711 1100 775 Mich.
1126 710 1232 797 primo
1259 711 1453 796 preteritum

346 823 381 879 et
396 816 501 880 tribus
516 817 652 902 uirgatis
672 825 758 881 terre
773 839 854 902 quas
873 816 965 881 dedit
984 816 1091 880 eidem
1109 816 1273 880 Randulfo
1291 815 1335 880 ad
1354 838 1451 902 quem

349 918 525 982 terminum
539 919 656 983 habuit
671 927 799 995 terram,
814 918 902 983 idem
923 918 1106 982 Randulfus
1122 918 1260 1004 impedit
1280 918 1453 1004 quominus

346 1019 465 1084 seisina
494 1043 555 1086 sua
590 1022 642 1086 uti
677 1029 795 1108 potest,
824 1020 951 1085 desicut
979 1020 1067 1085 idem
1096 1021 1233 1107 Egidius
1260 1020 1337 1084 inde
1366 1019 1453 1104 cepit

347 1123 533 1210 homagium
559 1147 655 1189 suum
680 1134 714 1189 et
741 1125 805 1190 11111
830 1125 866 1189 in
891 1125 1010 1190 seisina
1031 1125 1073 1190 de
1095 1114 1225 1190 redditu
1249 1124 1290 1189 de
1313 1124 1452 1189 termino

348 1227 380 1292 S.
403 1227 500 1292 Mich
523 1229 670 1313 proximo
691 1228 849 1314 preteriti,
869 1229 919 1293 ita
939 1228 1027 1315 quod
1039 1229 1224 1294 Willclmus
1244 1231 1344 1294 frater
1365 1229 1452 1294 Ran-

345 1330 426 1394 dulfi
456 1339 491 1394 et
519 1332 576 1396 alii
604 1332 726 1396 milites
762 1333 913 1419 fuerunt
930 1332 967 1395 in
1002 1332 1098 1396 domo
1127 1333 1257 1418 quando
1284 1332 1451 1418 predictus

347 1433 483 1520 Egidius
511 1435 588 1500 fecit
614 1435 645 1500 ei
674 1435 825 1500 saisinam
854 1458 956 1512 suam,
986 1444 1021 1499 et
1050 1445 1130 1500 tunc
1155 1433 1337 1500 dicebatur¹
1366 1435 1453 1521 quod

346 1537 446 1600 nichil
462 1537 651 1624 exigerunt¹
666 1538 700 1602 in
716 1547 803 1602 terra
822 1538 880 1602 illa
899 1537 962 1602 nisi
982 1537 1159 1602 terminum
1173 1537 1276 1623 ipsius
1289 1536 1452 1614 Randulfi,

346 1648 381 1704 et
395 1640 490 1705 modo
505 1641 678 1727 impediuit
693 1642 846 1706 seisinam
860 1664 962 1707 suam.

411 1743 457 1807 Et
486 1743 669 1809 Randulfus
699 1745 791 1810 uenit
820 1754 855 1810 et
884 1745 1030 1810 defendit
1066 1745 1136 1810 uim
1165 1754 1200 1810 ct
1236 1744 1388 1810 iniuriam
1417 1753 1452 1810 et

348 1846 428 1911 dicit
451 1845 538 1932 quod
563 1855 650 1910 terra
671 1847 730 1912 illa
751 1856 801 1912 eat
824 1849 877 1913 ias
906 1856 941 1913 et
962 1857 1189 1913 tenementum
1212 1870 1307 1913 suum
1329 1856 1364 1912 et
1386 1870 1452 1912 non

347 1949 404 2013 wlt
440 1949 631 2034 respondere
668 1949 708 2012 de
745 1957 935 2015 tenemento
971 1951 1027 2015 illo
1063 1952 1133 2016 sine
1170 1959 1323 2037 precepto
1357 1951 1451 2015 Dom.

348 2055 456 2142 Regis,
467 2054 530 2118 nisi
545 2054 634 2118 curia
645 2054 921 2134 considerauerit',
932 2080 1049 2122 uerum
1060 2066 1171 2122 tamen
1180 2058 1222 2122 ob
1236 2057 1453 2122 reuerentiam

347 2160 441 2224 Dom.
468 2159 568 2246 Regis
596 2167 631 2223 et
660 2159 766 2224 iustic’
787 2161 863 2225 uult
890 2155 1059 2226 ostendere
1084 2170 1264 2226 warantum
1290 2185 1395 2254 suum,
1418 2170 1453 2226 et

346 2265 468 2349 profert
482 2263 716 2350 cyrographum
735 2265 860 2330 factum
879 2266 966 2331 inter
985 2267 1093 2353 ipsum
1114 2274 1149 2330 et
1170 2265 1352 2351 predictum
1375 2266 1452 2352 Egi-

346 2367 438 2431 dium
453 2389 511 2452 per
524 2367 611 2452 quod
625 2367 742 2432 habuit
756 2368 935 2453 predictam
951 2377 1071 2433 terram
1091 2391 1194 2454 usque
1212 2368 1256 2433 ad
1275 2369 1452 2433 terminum

347 2470 447 2534 trium
477 2492 642 2534 annorum.
689 2471 814 2536 Profert
844 2473 946 2536 eciam
976 2479 1098 2536 cartam
1122 2471 1224 2556 ipsius
1253 2471 1363 2558 Egidii
1388 2495 1452 2557 que

346 2581 487 2638 testatur
515 2574 601 2658 quod
629 2574 717 2640 idem
747 2576 883 2662 Egidius
912 2576 1003 2640 dedit
1032 2575 1064 2639 ei
1093 2584 1159 2639 tres
1191 2575 1335 2662 uirgatae
1364 2583 1450 2641 terre

344 2701 419 2742 cum
439 2685 518 2763 pert.
542 2677 577 2741 in
600 2678 710 2744 Cestf.
755 2680 882 2744 Profert
903 2681 1006 2745 eciam
1028 2687 1151 2743 cartam
1174 2678 1320 2743 eiusdem
1342 2680 1453 2766 Egidii

345 2804 408 2868 que
430 2790 572 2846 testatur
593 2783 680 2868 quod
701 2782 788 2848 idem
811 2782 948 2868 Egidius
977 2781 1069 2845 dedit
1091 2781 1122 2846 ei
1151 2805 1209 2867 pro
1238 2782 1388 2868 homagio
1417 2793 1453 2849 et

344 2886 477 2950 seruitio
499 2909 558 2950 suo
579 2894 684 2951 totam
706 2895 826 2952 terram
849 2887 890 2950 de
912 2885 1091 2951 Cestreton'
1105 2885 1175 2950 sine
1196 2885 1305 2970 aliquo
1324 2895 1452 2952 retene-

345 2999 464 3067 mento‚
493 2991 615 3056 scilicet
649 2991 823 3077 capitalem
860 2990 1060 3054 mansionem
1090 3013 1164 3054 cum
1195 2997 1264 3054 toto
1292 2989 1453 3055 dominico

345 3103 468 3158 etcum
483 3095 632 3160 omnibus
647 3095 806 3182 homagiis
821 3103 855 3160 et
870 3094 1020 3159 omnibus
1034 3093 1107 3158 aliis
1126 3103 1207 3179 pert.
1228 3095 1402 3159 tenendam
1417 3103 1453 3160 ct

345 3197 535 3274 habendam,
565 3199 605 3262 de
629 3199 722 3264 Dom.
747 3200 838 3285 Rege
864 3221 923 3283 per
947 3197 1120 3262 seruicium
1147 3197 1234 3282 quod
1265 3196 1307 3262 ad
1332 3205 1453 3261 terram

344 3301 434 3365 illam
457 3301 601 3387 pertinet
623 3309 682 3365 etc.
728 3302 854 3366 Profert
876 3300 979 3365 eciam
1002 3301 1112 3366 literas
1134 3309 1286 3386 patentes
1307 3300 1453 3365 eiusdem

346 3404 524 3491 Egidii....⁴
538 3405 643 3470 Alicie
670 3406 762 3470 uxori
788 3429 846 3471 sue
873 3405 959 3492 quod
985 3405 1135 3469 redderet
1161 3405 1193 3469 ei
1218 3405 1453 3492 cyrographum

344 3508 384 3573 de
405 3508 620 3573 conuencione
642 3510 728 3574 facta
749 3509 837 3574 inter
858 3509 966 3594 ipsum
989 3507 1190 3572 Randulfum
1211 3514 1247 3571 et
1268 3508 1452 3593 predictum

345 3612 498 3700 Egidium
524 3612 564 3677 de
590 3613 736 3699 predicta
762 3622 855 3679 terra
901 3614 945 3677 Et
974 3611 1211 3699 cyrographum
1241 3620 1275 3676 et
1304 3621 1391 3677 carte
1416 3620 1453 3677 et

343 3717 436 3782 litere
456 3725 616 3803 patentes
639 3741 750 3783 omnes
773 3726 851 3782 sunt
876 3717 1017 3804 sigillata
1043 3739 1109 3780 uno
1138 3723 1173 3780 et
1196 3715 1311 3780 eodem
1334 3714 1451 3802 sigillo,

265 3873 270 3883 .
345 3829 380 3885 et
409 3820 489 3886 dicit
510 3819 515 3908 Ι
534 3820 620 3906 quod
643 3843 702 3906 per
725 3827 830 3885 cartas
851 3819 924 3885 illas
946 3828 997 3885 est
1018 3820 1054 3884 in
1075 3826 1265 3884 tenemento
1287 3842 1346 3884 suo
1368 3817 1455 3884 sicut

346 3923 381 3987 in
396 3924 497 3989 libero
512 3931 700 3988 tenemento
715 3945 781 3989 suo,

412 4028 456 4093 Et
479 4027 615 4115 Egidius
637 4027 731 4091 uenit
757 4036 792 4092 et
817 4027 917 4093 bene⁶
942 4028 1106 4116 cognoscit
1131 4036 1255 4092 cartam
1281 4026 1322 4092 de
1348 4025 1455 4091 tribus

379 4181 388 4212 ²
406 4181 442 4230 Or
453 4181 579 4230 dicebant.
926 4181 950 4231 is
961 4183 1018 4231 not.
1268 4197 1273 4207 ·

378 4245 458 4296 ’Sia
958 4246 1089 4296 ⁴Aword
1098 4244 1184 4295 which
1194 4245 1269 4296 looks
1279 4244 1453 4310 likeducicin

379 4307 540 4358 ’Randolfs
555 4309 683 4371 objection
700 4325 782 4360 seems
799 4313 826 4361 to
844 4310 876 4360 be
926 4311 1038 4375 perhaps
1050 4313 1168 4362 diaeum

250 4395 258 4408 ·
347 4375 406 4424 that
414 4373 446 4422 hc
457 4374 480 4423 is
492 4373 635 4424 frecholder
646 4375 698 4424 and
710 4391 758 4424 can
771 4377 832 4438 only
844 4377 875 4425 be
958 4377 969 4409 ³
985 4386 1011 4426 et
1023 4379 1089 4436 benc,
1101 4374 1232 4439 repeated.

347 4438 467 4490 attached
478 4439 505 4488 in
517 4453 533 4489 a
545 4440 598 4489 real
609 4439 706 4498 action,
718 4440 802 4490 which
819 4441 875 4490 this
