3342 5217
389 336 454 399 414
697 348 835 409 nssrna,
858 347 922 397 an.
948 334 1040 409 1231,
1062 348 1124 399 aa
1150 338 1198 399 15.

388 522 457 587 sine
480 520 604 587 essonio
624 528 659 585 et
678 520 706 585 si
723 520 895 585 iusticiarii
909 543 974 585 non
989 522 1055 587 sint
1070 522 1159 609 apud
1172 524 1498 591 westmonasterium

388 634 468 690 tunc
482 624 524 689 od
539 623 679 690 eundem
694 623 782 689 diem
797 624 885 710 apud
906 624 1106 691 Lincolniam
1130 628 1165 692 in
1187 629 1300 694 eodem
1321 639 1411 695 statu
1433 653 1500 717 quo

388 751 474 793 nunc
489 735 540 793 set
553 727 601 792 ibi
616 750 691 793 cum
705 726 839 805 essonio,
855 735 891 791 et
908 726 936 791 si
955 727 1084 813 loquela
1106 730 1205 795 fuerit
1225 731 1314 817 apud
1336 733 1500 799 Linoolni-

388 855 442 897 sm
471 842 551 897 tunc
579 832 672 919 ponit
702 830 880 917 Episcopus
909 831 978 897 loco
1007 830 1085 896 suo¹
1115 841 1150 897 et
1178 834 1267 920 apud
1296 835 1498 902 Londoniam

388 943 566 1023 sequantur
579 934 677 1022 primi
692 933 858 999 attornati.

453 1039 593 1103 Thomas
620 1038 760 1103 Maudut
786 1046 821 1102 et
847 1037 904 1102 alii
930 1038 1100 1103 iusticiarii
1121 1040 1279 1127 assignati
1300 1041 1342 1106 od
1363 1043 1498 1109 assisam

387 1165 472 1207 noue
494 1142 661 1209 disseisine
682 1141 872 1229 capiendam
891 1166 989 1229 quam
1012 1144 1175 1209 Robertus
1197 1145 1343 1233 Wospail
1364 1150 1499 1214 arrami-

387 1248 458 1313 auit
483 1270 596 1313 uersus
620 1247 822 1312 Willelmum
852 1248 957 1312 filium
987 1249 1146 1313 Hamonis
1175 1256 1210 1314 et
1238 1251 1318 1316 alios
1341 1251 1382 1317 de
1405 1262 1499 1319 tene-

387 1358 499 1415 mento
527 1352 563 1415 in
592 1352 802 1418 Smalebrokc
831 1351 1022 1417 summoniti
1047 1352 1089 1417 ad
1115 1352 1299 1419 faciendum
1327 1358 1498 1423 reoordum

386 1454 474 1520 illius
489 1455 585 1521 assiae
601 1456 740 1521 ueniunt
759 1464 793 1520 et
812 1455 1023 1520 recordantur
1044 1454 1131 1542 quod
1152 1456 1253 1521 assisa
1274 1459 1368 1524 uenit
1389 1483 1498 1525 coram

287 1640 292 1651 .
387 1558 434 1623 eis
470 1558 675 1647 recognitum
709 1558 736 1623 si
766 1558 931 1623 Walterus
960 1558 1001 1623 de
1031 1560 1159 1646 Pauilly
1188 1560 1373 1625 Willelmus
1409 1562 1499 1627 filius

387 1662 547 1729 Hamonis
561 1671 596 1727 et
611 1684 721 1726 omnes
737 1660 931 1748 supradicti'
945 1662 1066 1727 iniuste
1086 1671 1120 1727 et
1139 1662 1209 1729 sine
1224 1664 1344 1729 iudicio
1357 1665 1500 1731 draeisi-

387 1772 507 1831 uerunt
536 1764 718 1852 predictum
748 1765 929 1830 Robertum
957 1766 1000 1831 de
1028 1766 1129 1832 libero
1158 1776 1347 1833 tenemento
1372 1791 1432 1833 suo
1458 1770 1494 1833 in

387 1870 596 1937 Smalebroke
625 1877 699 1956 post
725 1869 901 1934 terminum
928 1877 998 1946 etc,
1024 1878 1058 1935 et
1084 1871 1248 1937 Robertus
1273 1870 1436 1936 Maudut⁸
1462 1883 1497 1937 et

386 1975 443 2041 alii
464 1975 622 2041 iuratores
643 1974 796 2039 dixerunt
819 1973 906 2060 quod
927 1974 1066 2060 predicti
1079 1973 1245 2039 Walterus
1260 1983 1295 2039 et
1309 1974 1497 2040 Willelmus

387 2088 422 2143 et
436 2100 547 2143 omnes
561 2078 618 2143 alii
633 2086 742 2163 preter
762 2077 943 2142 Robertum
963 2077 1003 2142 de
1025 2076 1127 2142 Stane
1142 2077 1263 2144 iniuste
1277 2085 1313 2143 et
1327 2078 1397 2142 sine
1411 2078 1499 2143 iudi·

387 2182 436 2247 cio
451 2180 695 2247 disseisiuerunt
710 2180 817 2265 ipsum
837 2180 1028 2259 Robertum,
1043 2189 1078 2245 et
1091 2180 1165 2246 ideo
1179 2181 1418 2247 consideratum
1434 2181 1499 2246 fuit

386 2286 473 2371 quod
499 2285 585 2351 idem
614 2285 776 2350 Robertus
798 2283 1006 2370 recuperauit
1030 2284 1182 2349 saisinam
1207 2308 1301 2369 suam
1324 2294 1358 2350 et
1385 2308 1499 2351 omnes

386 2389 618 2455 disseisiatores
646 2396 756 2475 preter
784 2386 967 2473 predictum
997 2387 1178 2472 Robertum
1207 2388 1248 2452 de
1274 2388 1307 2452 la
1332 2388 1436 2453 Stane
1461 2388 1496 2452 in

386 2491 631 2570 misericordia‘‚
646 2499 680 2555 et
694 2490 859 2555 Robertus
872 2489 1018 2576 Waspail
1037 2490 1073 2555 in
1094 2490 1313 2555 misericordia
1333 2512 1392 2576 pro
1413 2492 1497 2557 salso

387 2598 524 2664 clamore
546 2620 660 2663 uersus
679 2595 863 2682 predictum
882 2595 1063 2660 Robertum
1084 2595 1124 2660 de
1140 2594 1172 2659 la
1186 2594 1296 2660 Stane.
1341 2594 1387 2659 Et
1401 2594 1497 2660 iusti-

387 2703 477 2769 ciarii
490 2702 637 2789 requisiti
652 2701 680 2766 si
694 2700 757 2787 ipsi
772 2699 982 2786 requisissent
1001 2722 1022 2763 a
1039 2697 1309 2764 dissaisiatoribus
1329 2697 1359 2763 si
1372 2698 1499 2785 aliquid

387 2805 493 2871 dicere
530 2804 655 2869 uellent
690 2811 803 2868 contra
839 2803 972 2867 assisam
1006 2803 1160 2868 dixerunt
1189 2802 1276 2888 quod
1304 2801 1369 2888 ipsi
1396 2802 1498 2868 nichil

386 2909 539 2975 dixerunt
554 2930 613 2973 nec
628 2906 734 2973 dicere
750 2907 934 2974 uoluerunt.
979 2907 1023 2971 Et
1037 2928 1135 2992 super
1148 2906 1209 2971 hoc
1226 2906 1319 2971 uenit
1334 2907 1499 2972 Henricus

387 3013 531 3101 Waspail
546 3020 581 3078 et
595 3012 675 3077 dicit
690 3012 777 3098 quod
796 3012 961 3098 predictus
981 3012 1144 3077 Robertus
1157 3011 1303 3098 Waspail
1326 3012 1499 3097 inplacitu-

386 3117 437 3181 uit
452 3140 528 3183 eum
543 3118 584 3182 de
599 3126 685 3183 terra
700 3118 757 3182 illa
771 3140 878 3182 coram
892 3115 1078 3181 iusticiariis
1098 3116 1138 3182 de
1158 3117 1260 3182 banco
1275 3126 1310 3181 et
1324 3116 1414 3202 quod
1428 3116 1498 3203 ipse

386 3222 548 3307 profectus
573 3221 638 3285 fuit
662 3221 697 3285 in
722 3220 916 3285 Hiberniam
942 3219 977 3285 in
1001 3220 1115 3285 nuneio
1137 3218 1231 3285 Dom
1255 3218 1356 3306 Regis
1378 3228 1414 3284 et
1440 3241 1499 3306 per

386 3335 576 3412 preceptum
599 3325 692 3391 Dona
716 3324 825 3411 Regis,
847 3324 897 3389 ita
917 3323 1005 3410 quod
1025 3323 1118 3387 Dom.
1142 3322 1214 3387 Rex
1240 3321 1386 3408 precepit
1409 3322 1498 3409 quod

386 3430 515 3517 loquela
539 3430 626 3495 inter
648 3430 756 3516 ipsum
782 3438 817 3495 et
844 3428 1028 3515 predictum
1053 3427 1235 3492 Robertum
1259 3433 1438 3512 poneretur
1462 3426 1498 3491 in

385 3542 569 3621 respectum
591 3534 748 3621 quamdiu
770 3534 839 3619 ipse
861 3533 944 3598 foret
966 3532 1001 3597 in
1023 3532 1159 3598 seruioio
1180 3554 1239 3596 suo
1258 3540 1329 3607 etc,
1343 3538 1380 3595 et
1399 3552 1499 3617 super

385 3636 446 3702 hoc
469 3638 563 3702 uenit
585 3636 749 3723 predictus
776 3637 940 3702 Robertus
961 3634 1107 3721 Wuspail
1129 3657 1204 3699 cum
1226 3634 1263 3699 ui
1284 3656 1344 3698 sus
1365 3640 1400 3699 et
1422 3656 1497 3699 oum

386 3751 484 3829 gente
499 3749 626 3807 armata
640 3750 674 3805 et
694 3741 790 3806 eiecit
810 3740 959 3805 homines
980 3748 1015 3804 et
1036 3739 1216 3803 seruientes
1237 3737 1340 3825 ipsius
1361 3737 1501 3803 Henrici

386 3850 422 3909 et
443 3866 553 3908 omnes
576 3864 655 3928 quos
678 3840 806 3907 inuenit
828 3840 864 3906 in
886 3841 1051 3905 termille
1072 3839 1238 3926 etposuit
1260 3862 1295 3904 se
1318 3839 1353 3903 in
1376 3846 1500 3904 terram

386 3948 476 4013 illam
499 3955 589 4012 etse
612 3946 720 4011 tenuit
742 3946 777 4010 in
799 3945 858 4010 illa
879 3968 954 4010 cum
979 3945 1016 4010 ui
1040 3968 1107 4021 sua,
1131 3945 1180 4009 ita
1204 3943 1292 4030 quod
1312 3943 1501 4010 Willelmus

419 4066 428 4099 ¹
445 4066 516 4117 Here
537 4063 621 4117 would
643 4066 730 4116 follow
747 4080 781 4117 on
800 4066 846 4117 the
863 4065 914 4116 roll
960 4067 1042 4130 prius.

387 4131 432 4183 tho
444 4146 534 4182 names
542 4132 571 4181 ol
581 4130 625 4181 tho
633 4134 767 4194 attorneys
775 4130 915 4194 appointed
997 4129 1008 4161 ¹
1025 4130 1080 4181 The
1088 4144 1178 4181 mmet
1186 4130 1214 4180 ot
1224 4130 1269 4180 the
1276 4129 1352 4181 other
1358 4128 1501 4182 disseisors

387 4198 421 4261 by
428 4196 572 4259 thebishop
581 4200 608 4247 to
619 4200 750 4259 represent
756 4196 813 4245 him
820 4195 915 4246 should
965 4194 1049 4246 would
1060 4196 1092 4246 ho
1102 4210 1136 4245 on
1149 4195 1193 4246 the
1204 4195 1262 4246 roll.

388 4260 779 4313 thaoasebehesrdathinooln
811 4260 915 4312 Several
995 4261 1007 4294 ⁸
1023 4260 1088 4311 This
1104 4261 1128 4311 is
1144 4261 1181 4311 all
1196 4263 1255 4324 part
1271 4259 1364 4310 ottho
1378 4259 1500 4323 iustioos'

388 4326 566 4377 oasoeinthis
581 4330 647 4377 term
662 4326 731 4377 show
748 4326 807 4377 that
822 4326 845 4377 it
861 4325 914 4376 had
963 4324 1063 4376 record.

389 4392 492 4441 become
508 4404 628 4441 common
646 4395 673 4440 to
690 4390 745 4453 give
762 4406 777 4441 a
794 4390 846 4453 day
861 4393 913 4441 nisi
996 4391 1007 4422 ⁴
1023 4390 1085 4440 Part
1096 4391 1125 4441 of
1134 4389 1188 4440 this
1199 4391 1285 4441 clause
1296 4388 1319 4439 is
1330 4390 1465 4454 repeated.
