3342 5217
215 132 331 199 habuit
352 155 452 197 unam
475 131 555 216 uirg.
573 138 658 197 terre
681 139 761 217 aput
784 132 1035 217 Mauperteshal’
1055 132 1090 197 in
1113 133 1235 198 balliua
1257 156 1322 199 sua

216 236 260 301 Et
281 235 355 302 ideo
376 235 461 300 sicut
481 233 573 320 prius
594 233 769 320 distringat
791 256 867 299 eum
889 234 976 321 quod
997 234 1041 299 sit
1062 258 1083 300 a
1101 235 1154 300 die
1175 242 1234 301 etc.
1281 236 1324 301 Et

214 341 364 407 similiter
378 338 457 427 quia
474 347 632 403 testatum
653 347 703 403 est
723 339 810 424 quod
829 339 964 405 clericus
985 349 1035 406 est
1057 349 1092 407 et
1114 342 1324 407 beneficiatus

212 445 248 509 in
263 444 460 531 Episcopatu
475 442 509 506 N
511 442 685 529 orwycensi
700 450 735 507 et
745 442 823 528 quia
834 451 885 507 tot
896 443 974 509 fecit
985 444 1122 510 defaltas
1133 444 1323 511 mandatum

214 556 264 615 est
289 571 330 614 ex
353 545 574 612 habundanti¹
600 546 759 635 Episcopo
785 548 994 635 Norwycensi
1020 550 1106 636 quod
1128 549 1225 616 saciat
1247 572 1323 615 eum

213 652 325 719 uenire
339 652 382 717 ed
396 652 579 738 predictum
594 652 772 718 terminum
787 653 865 719 eto'

154 804 160 815 .
278 754 459 820 ’Johannes
488 755 529 819 de
566 754 749 841 Burghulla
784 756 907 841 optulit
942 778 977 821 se
1013 756 1091 842 iiij20.
1121 756 1174 821 die
1211 780 1324 823 uersus
1382 780 1438 809 ⁰1⁰

213 857 393 923 liebertum
409 856 579 921 Decanum
594 856 634 921 de
656 857 839 945 Burghulla
858 858 900 923 de
920 858 1040 945 placito
1060 882 1158 944 quare
1179 860 1325 925 secutus⁴

212 962 369 1048 placitum
395 961 430 1025 in
455 962 546 1027 curia
575 961 800 1027 cristianitatis
828 961 870 1027 de
901 962 1005 1049 loyce*
1035 962 1136 1049 ipsius
1164 963 1323 1029 Johannis

212 1066 247 1130 in
282 1066 492 1153 Tullingtona
526 1073 638 1132 contra
666 1066 928 1153 prohibicionem.
980 1066 1024 1131 Et
1061 1067 1223 1132 Robertus
1259 1090 1323 1133 non

213 1170 307 1235 uenit
330 1177 400 1247 etc,
415 1176 449 1233 et
471 1168 580 1254 plures
602 1167 680 1234 fecit
702 1168 847 1245 defaltas,
869 1169 917 1233 ita
938 1169 1024 1255 quod
1047 1167 1237 1234 mandatum
1259 1168 1323 1233 fuit

213 1276 371 1362 Episcopo
410 1274 640 1340 Herefordensi
678 1272 765 1360 quod
803 1273 923 1339 faceret
967 1296 1044 1339 eum
1092 1274 1203 1338 uenire
1247 1273 1324 1359 quia

212 1378 347 1443 clericus
382 1376 446 1442 fuit
482 1384 517 1441 et
553 1399 619 1441 non
657 1375 773 1441 habuit
810 1376 938 1461 laycum
975 1375 1105 1441 feodum
1142 1396 1201 1460 per
1237 1375 1324 1461 quod

212 1480 426 1568 distringere⁶
453 1479 570 1566 potuit,
596 1488 631 1544 et
656 1478 778 1565 pluries
803 1478 994 1544 mandatum
1019 1479 1082 1543 fuit
1107 1479 1264 1565 Episcopo
1289 1488 1323 1544 et

211 1584 280 1671 ipse
295 1585 395 1650 nichil
412 1584 497 1663 fecit,
512 1592 547 1649 et
567 1584 616 1648 ita
634 1583 720 1669 quod
736 1591 926 1669 preceptum
942 1582 1005 1647 fuit
1019 1583 1204 1649 uicecomiti
1218 1584 1322 1669 primo

155 1713 159 1719 ·
212 1690 298 1775 quod
318 1697 538 1754 summoueret
559 1688 755 1775 Episcopum
776 1688 865 1773 quod
883 1698 967 1753 esset
990 1697 1024 1753 et
1039 1689 1182 1755 ,haberet
1204 1696 1264 1754 etc.
1287 1697 1322 1752 et

211 1794 280 1878 ipse
300 1793 400 1859 nichil
420 1792 496 1858 inde
516 1792 601 1869 feeit,
616 1800 651 1857 et
671 1792 720 1857 ita
738 1792 826 1879 quod
847 1800 1036 1879 preceptum
1052 1793 1115 1857 fuit
1140 1794 1322 1859 uieecomiti

211 1896 297 1982 quod
320 1896 529 1984 distringeret
555 1896 751 1982 Episcopum
775 1920 833 1983 per
860 1905 961 1961 terras
988 1904 1022 1961 et
1051 1897 1169 1962 catalla
1198 1920 1256 1961 sua
1282 1897 1322 1962 de

210 1999 344 2064 baronia
364 2022 425 2064 sua
449 2006 519 2076 etc,
545 2007 581 2063 et
606 1999 784 2064 uicecomes
813 1999 984 2065 mandauit
1012 1999 1099 2085 quod
1127 2000 1323 2066 attachiauit

211 2125 287 2168 eum
316 2126 375 2189 per
404 2103 561 2168 Thomam
597 2104 702 2168 filium
732 2104 893 2169 Johannis
922 2112 957 2169 et
986 2104 1187 2169 Willelmum
1218 2104 1320 2169 filium

211 2208 356 2286 Roberti,
379 2217 415 2274 et
438 2207 513 2273 ideo
535 2208 636 2295 plegii
661 2208 696 2273 in
723 2208 947 2275 misericordia
992 2208 1036 2274 Et
1058 2216 1247 2295 preceptum
1272 2217 1322 2273 est

211 2312 395 2377 uicecomiti
423 2312 508 2377 sicut
533 2312 623 2397 prius
650 2312 738 2398 quod
763 2312 939 2401 distringat
968 2335 1043 2378 eum
1069 2336 1128 2399 per
1156 2322 1258 2378 terras
1287 2319 1322 2376 et

215 2414 335 2481 catalla
349 2413 435 2500 quod
450 2413 529 2479 sita
542 2413 596 2479 die
611 2422 670 2479 etc.
686 2422 720 2479 et
735 2414 782 2480 ibi
796 2414 917 2480 hebeat
936 2414 1118 2500 predictum
1133 2414 1322 2493 Robertum,

213 2526 249 2584 et
270 2519 449 2584 uicecomes
470 2518 515 2583 sit
536 2518 707 2583 auditurus
728 2518 900 2584 iudicium'
922 2517 963 2584 de
986 2518 1045 2582 hoc
1067 2527 1101 2582 et
1123 2518 1209 2583 unde
1231 2541 1321 2583 man-

212 2622 305 2687 dauit
327 2622 414 2708 quod
432 2622 628 2687 attachiauit
650 2644 734 2687 eum.
759 2623 847 2706 [cum
869 2620 1004 2686 deberet
1028 2643 1103 2685 eum
1129 2621 1322 2707 distringere

212 2745 271 2810 per
286 2732 388 2789 terras
402 2731 437 2789 et
450 2723 605 2808 oatalle⁸.]

154 2885 161 2899 .
276 2826 456 2892 'Robertus
476 2826 517 2892 de
540 2827 653 2892 Insula
674 2827 891 2892 summonitus
914 2827 977 2891 fuit
999 2826 1040 2891 ad
1062 2824 1321 2912 respondendum
1378 2850 1443 2891 suen

212 2931 351 2997 Isabelle
374 2932 517 3017 Gargate
537 2938 572 2995 et
593 2931 744 2996 Murielle
763 2931 863 2996 sorori
882 2954 940 2997 sue
961 2931 1003 2996 de
1025 2931 1143 3017 placito
1166 2953 1230 3015 quo
1252 2930 1321 2995 iure
1334 2942 1478 3037 {effluam

211 3034 316 3121 exigit
345 3055 516 3099 comunem
546 3033 581 3097 in
608 3041 696 3098 terra
720 3033 863 3119 ipsarum
887 3034 1024 3099 Isebelle
1051 3041 1085 3098 et
1111 3033 1261 3098 Murielle
1287 3033 1322 3097 in
1334 3038 1485 3131 ffifflffm

212 3134 435 3213 Kauereffuld
458 3135 586 3200 desicut
608 3136 677 3221 ipse
699 3136 841 3202 Isabella
862 3144 896 3201 et
919 3136 1070 3201 Murielle
1091 3136 1214 3201 nullam
1236 3158 1321 3201 com·
1335 3129 1474 3225 ffiffiffff·

151 3224 156 3233 ¹
211 3238 370 3305 munam¹¹
385 3240 420 3303 in
435 3247 522 3303 terra
541 3238 643 3324 ipsius
662 3240 798 3305 Roberti
818 3262 878 3305 nec
900 3240 968 3325 ipse
990 3240 1162 3305 seruicium
1177 3240 1224 3305 eis
1245 3239 1322 3304 fecit
1334 3223 1474 3309 adtlht.

210 3350 272 3407 etc.

243 3527 254 3559 ¹
272 3526 322 3590 Sic,
335 3528 367 3578 Δ.
824 3530 835 3561 ⁸
851 3528 944 3580 words
955 3529 1048 3580 within
1061 3530 1089 3593 []
1100 3527 1183 3580 added
1194 3528 1228 3593 by
1239 3544 1320 3581 auno-

244 3592 255 3623 ¹
271 3592 316 3642 Br.
328 3593 348 3643 l.
361 3594 409 3643 442
421 3593 446 3645 b.
793 3598 878 3655 tator3
895 3594 982 3645 notin
993 3596 1023 3644 Α.
1058 3595 1104 3646 dee
1114 3594 1159 3644 Br.
1172 3595 1190 3643 l.
1202 3596 1259 3643 443.

244 3658 433 3710 ⁸A.m.14n
825 3660 883 3712 lh.
897 3674 931 3711 m.
947 3660 986 3709 15.

244 3721 255 3753 ⁴
272 3723 372 3787 Supply
382 3732 428 3783 eet,
440 3726 471 3777 Δ.
825 3724 846 3757 ¹⁰
863 3726 885 3773 A
901 3724 964 3774 view
981 3738 1031 3774 can
1048 3722 1079 3774 be
1095 3722 1239 3774 demanded
1255 3724 1284 3774 in
1302 3740 1319 3776 a

244 3786 504 3853 ‘Supplyscodeh
792 3790 849 3853 Quo
876 3790 946 3849 Jure,
972 3788 1024 3840 and
1051 3787 1252 3839 thencelorward
1275 3790 1319 3839 the

244 3850 443 3915 ‘diatriapth
791 3855 879 3905 aetion
897 3868 980 3903 seems
999 3868 1015 3904 a
1036 3854 1089 3903 real
1111 3853 1206 3915 aetion,
1231 3854 1274 3905 Br.
1300 3856 1317 3905 l.

244 3918 396 3967 ⁷iadieium
417 3918 503 3971 interl.
528 3918 561 3983 by
584 3922 740 3979 annotatum
792 3920 873 3981 2301),
888 3919 967 3971 etet.

212 3982 298 4031 notin
310 3982 341 4031 A.
401 4000 405 4007 ·
824 3985 843 4016 ¹¹
863 3984 961 4047 Supply
974 3986 1073 4043 habeut,
1084 3982 1115 4031 Α.
