3342 5217
630 8 857 70 1111101111.
968 45 976 70 ‚
1023 44 1061 58 ..
1129 45 1134 57 .

333 186 510 251 terminum
532 194 572 251 ut
591 186 654 272 ipsi
673 185 832 251 Ricardus
851 192 885 250 et
899 184 1007 252 Alicia
1021 185 1135 251 dicunt
1149 186 1204 251 uel
1218 185 1246 251 si
1260 186 1442 273 ingressum

334 290 450 354 habuit
476 312 535 375 per
561 288 742 375 predictam
770 288 946 376 Mabiliamx
969 290 1023 355 cui
1052 290 1214 356 Robertus
1242 299 1336 377 pater
1363 312 1443 354 suus

333 392 424 457 illam
439 392 530 457 dedit
545 392 580 456 in
596 392 804 477 maritagium
819 392 890 457 sine
908 392 1018 478 aliqua
1036 392 1156 457 seisina
1177 415 1274 479 quam
1296 392 1443 479 predicta

333 495 441 560 Alicia
461 493 537 559 inde
559 493 714 559 haberet¹
735 493 822 559 idem
839 494 1023 559 Willelmus
1043 494 1124 559 dicit
1143 503 1178 559 et
1195 493 1442 581 inquisicionem

334 598 447 663 uenire
462 596 560 662 facit¹
573 596 609 660 in
625 596 695 661 Oct
712 604 772 661 etc.
788 618 847 682 per
861 596 988 661 litteras
1003 605 1037 662 et
1053 620 1111 683 per
1125 597 1206 663 duos
1221 606 1281 663 etc.
1372 648 1377 656 .

277 754 283 768 .
397 699 600 765 'Willelmus
622 699 802 765 (10110010
824 700 980 765 Fenariis
1002 701 1219 765 summonitus
1240 699 1362 765 1111101
1376 722 1443 764 res·
1535 752 1543 765 .

235 816 259 846 ’θ
286 835 292 846 ·
332 802 541 890 pendendum
571 802 737 867 Willelmo
766 802 904 867 Telebot
933 802 974 868 de
1003 803 1124 889 placito
1153 803 1241 889 quod
1270 802 1385 868 reddat
1411 802 1443 867 01

333 905 511 971 custodiam
534 912 620 969 terre
642 927 706 991 que
724 905 729 991 1
750 905 814 969 suit
837 905 973 969 Roberti
995 905 1055 970 filii
1076 906 1241 971 Wakelini
1263 907 1298 971 in
1320 905 1443 993 Eging-

333 1016 412 1073 tona
426 1030 489 1094 que
504 1006 636 1071 adeum
652 1007 796 1092 pertinet
810 1028 849 1070 eo
864 1005 950 1092 quod
965 1006 1130 1092 predictus
1145 1007 1307 1072 Robertus
1321 1016 1443 1072 terrem

333 1113 423 1178 illam
438 1112 547 1177 tenuit
562 1112 596 1176 in
611 1111 756 1197 soccagio
771 1119 806 1175 et
821 1110 907 1198 quod
925 1112 1013 1176 idem
1028 1111 1213 1177 Willelmus
1234 1112 1445 1199 propinquior

333 1225 384 1282 est
406 1216 519 1282 heredi
539 1215 642 1301 ipsius
662 1215 798 1279 Roberti
814 1223 849 1279 et
864 1215 951 1280 unde
966 1208 1047 1280 dicit
1062 1216 1148 1302 quod
1163 1238 1221 1301 per
1235 1217 1295 1281 hoc
1309 1216 1397 1303 quod
1412 1216 1444 1281 ei

333 1319 488 1385 deforciat
502 1317 681 1383 custodiam
697 1318 786 1382 illam
807 1317 1022 1383 deterioratus
1037 1326 1086 1383 est
1101 1328 1136 1384 et
1150 1320 1328 1406 dampnum
1343 1320 1444 1385 habet

333 1422 375 1489 ad
389 1422 570 1487 ualenciam
585 1421 626 1485 xl
643 1420 698 1485 sol

399 1526 443 1590 Et
458 1523 642 1590 Willelmus
664 1522 781 1588 Comes
800 1545 860 1609 per
876 1531 1078 1588 attornatum
1094 1547 1190 1589 suum
1205 1526 1298 1589 uenit
1313 1534 1348 1590 et
1363 1525 1445 1590 dicit

334 1631 420 1719 quod
433 1654 500 1696 non
513 1629 612 1694 debet
626 1627 668 1692 ad
684 1628 744 1692 hoc
757 1626 859 1691 breue
873 1627 1074 1713 respondere,
1086 1628 1163 1714 quia
1177 1628 1264 1694 idem
1280 1628 1445 1694 Robertus

335 1735 444 1821 plures
465 1730 582 1796 habuit
604 1736 706 1794 terras
725 1728 760 1793 in
780 1728 976 1817 Egingtona,
991 1730 1056 1795 scil.
1072 1731 1235 1816 quandam
1250 1731 1284 1795 in
1299 1731 1445 1818 soccagio

335 1847 370 1903 01
396 1836 559 1923 quandam
582 1835 692 1899 tenuit
716 1856 775 1919 per
800 1833 973 1898 seruicium
996 1834 1146 1910 militare,
1171 1843 1205 1899 et
1228 1835 1354 1901 desicut
1379 1858 1445 1899 non

335 1940 499 2027 specificat
514 1938 554 2003 de
570 1960 636 2024 qua
649 1948 737 2002 terra
751 1938 870 2002 clamat
886 1940 1065 2003 custodiam
1083 1940 1170 2025 petit
1188 1938 1344 2004 iudicium
1360 1938 1389 2003 si
1403 1938 1445 2003 ad

336 2045 396 2108 hoc
410 2043 509 2107 breue
526 2042 643 2107 debeat
658 2041 858 2127 respondere.
896 2042 1013 2106 Postea
1026 2050 1108 2128 aput
1119 2042 1444 2117 westmonasterium

336 2146 429 2211 uenit
454 2146 570 2212 Comes
592 2167 651 2231 per
673 2152 875 2208 attornatum
899 2166 995 2208 suum
1017 2151 1052 2209 et
1074 2144 1155 2209 dicit
1177 2146 1262 2231 quod
1284 2154 1370 2210 terra
1388 2144 1447 2210 illa

336 2251 423 2317 unde
437 2250 524 2316 idem
541 2250 725 2315 Willelmus
746 2249 927 2314 custodiam
945 2249 1030 2335 petit
1045 2249 1108 2314 fuit
1123 2251 1302 2337 soccagium
1318 2258 1353 2315 et
1367 2250 1448 2315 data

336 2355 400 2420 fuit
414 2356 449 2419 in
469 2354 678 2441 maritagium
699 2353 860 2441 Margerie
883 2353 1046 2439 quondam
1068 2353 1163 2417 uxori
1184 2354 1287 2439 ipsius
1308 2353 1446 2418 Roberti

336 2460 435 2525 sorori
456 2459 594 2546 predicti
609 2458 767 2523 Willelmi
789 2458 846 2544 qui
869 2458 1048 2522 custodiam
1071 2458 1165 2544 petit,
1180 2467 1215 2523 et
1234 2457 1361 2523 desicut
1375 2459 1445 2543 ipse

337 2573 388 2629 est
409 2562 618 2650 propinquior
640 2562 738 2627 matri
760 2562 853 2627 cuius
874 2562 1036 2627 hereditas
1051 2560 1186 2626 11101111
1201 2560 1255 2627 et⁴
1268 2560 1345 2627 inde
1360 2564 1448 2648 petit

337 2668 501 2733 iudicium.

403 2771 447 2834 Et
472 2769 657 2834 Willelmus
685 2768 766 2834 dicit
791 2767 877 2855 quod
907 2767 1061 2855 quicquid
1090 2768 1256 2855 predictus
1283 2768 1448 2834 Robertus

338 2870 446 2937 tenuit
460 2862 655 2958 in'soccagio
669 2870 705 2935 in
719 2870 833 2936 eadem
848 2870 929 2935 uilla
947 2872 1010 2936 fuit
1030 2871 1081 2936 ius
1103 2879 1138 2936 et
1160 2871 1322 2936 hereditas
1343 2872 1448 2957 ipsius

338 2975 473 3041 Roberti
488 2982 522 3039 et
537 2974 692 3061 quioquid
706 2974 815 3039 tenuit
829 2996 889 3060 per
906 2974 1078 3039 seruicium
1101 2975 1241 3040 militare
1262 2974 1326 3039 fuit
1345 2975 1398 3039 ius
1413 2984 1449 3039 et

336 3079 544 3165 maritagium
567 3078 669 3164 ipsius
691 3078 861 3165 Margerie‚
877 3087 911 3143 et
926 3078 1002 3144 inde
1017 3079 1110 3165 ponit
1125 3102 1160 3144 00
1180 3101 1277 3165 super
1296 3078 1446 3164 patriam.

338 3183 382 3248 Et
397 3182 514 3248 Comes
527 3181 684 3246 similiter.
731 3182 774 3245 Et
789 3181 862 3245 ideo
878 3190 1069 3267 preceptum
1086 3189 1137 3246 est
1155 3180 1340 3246 uicecomiti
1360 3183 1449 3267 quod

337 3309 443 3352 coram
459 3308 497 3351 eo
511 3294 546 3350 et
565 3308 672 3350 coram
693 3286 882 3350 custodibus
904 3286 939 3349 in
960 3285 1056 3371 pleno
1078 3285 1236 3350 comitatu
1258 3292 1318 3349 etc
1334 3284 1448 3349 uenire

338 3390 436 3455 saciat
457 3389 512 3474 xij.
530 3388 571 3454 de
592 3388 720 3453 uisneto
742 3386 783 3452 de
807 3388 974 3475 Gingtona
994 3388 1051 3474 qui
1073 3411 1133 3453 nec
1154 3388 1261 3474 ipsum
1284 3386 1448 3453 Comitem

339 3517 398 3560 nec
419 3494 600 3580 predictum
617 3492 818 3557 Willelmum
841 3493 951 3578 aliqua
971 3492 1132 3557 affinitate
1153 3492 1319 3578 attingant
1340 3499 1375 3555 et
1390 3514 1451 3577 per

338 3620 449 3663 eorum
464 3603 702 3661 sacramentum
717 3603 776 3660 etc.
792 3596 968 3681 diligenter
986 3594 1130 3681 inquiret
1148 3618 1228 3681 quas
1242 3604 1345 3660 terras
1359 3594 1448 3660 idem

338 3700 501 3765 Robertus
522 3698 630 3764 tenuit
652 3698 688 3763 in
709 3697 856 3784 predicta
878 3698 965 3777 uilla,
981 3705 1015 3762 et
1035 3720 1115 3785 quas
1135 3706 1169 3764 et
1185 3706 1323 3784 quantes
1338 3699 1450 3763 tenuit

373 3828 382 3859 ¹
399 3828 498 3891 Supply
508 3836 545 3877 ut.
916 3826 994 3877 blood
1005 3826 1116 3877 relation
1127 3827 1156 3876 of
1170 3826 1305 3889 Margem
1323 3824 1370 3875 the
1384 3824 1450 3875 land

372 3893 468 3944 ²00rr.
478 3895 572 3956 faciat.
920 3896 989 3957 (says
1000 3892 1046 3942 the
1061 3892 1134 3957 Earl)
1152 3906 1205 3941 was
1222 3890 1365 3953 Margery's
1381 3904 1448 3940 mnr-

372 3958 382 3990 1
399 3958 462 4007 This
473 3974 531 4007 case
540 3958 563 4007 is
574 3957 641 4007 Fitz.
655 3959 747 4014 Gardt,
762 3959 816 4007 146.
917 3957 987 4019 riage
1003 3955 1121 4020 portiom
1144 3956 1238 4006 Tulbot
1254 3955 1384 4005 1110101010
1400 3971 1449 4006 can

372 4023 383 4054 ⁴
399 4024 456 4073 Om.
476 4032 508 4072 et.
542 4022 658 4071 Willimn
675 4022 768 4073 Talbot
780 4038 832 4073 was
849 4039 865 4074 a
916 4026 963 4073 not
975 4023 1005 4071 be
1017 4021 1142 4084 guardian
1154 4022 1183 4071 01
1192 4021 1236 4071 tha
1247 4020 1312 4071 heir.
