3342 5217
363 368 426 429 512
573 374 807 435 massennes,
830 373 895 421 an.
921 358 1014 433 1231,
1037 372 1100 421 aa
1125 359 1260 421 15-16.

359 553 446 639 quod
469 574 534 618 non
557 552 656 618 debet
680 552 711 617 ei
734 550 810 616 inde
834 547 1026 635 respondere
1050 570 1110 612 nec
1133 547 1306 611 seminium
1329 546 1413 611 illud
1436 547 1470 610 ei

359 659 463 721 facere
486 656 593 743 quod¹
614 678 729 721 reuera
755 654 889 741 quidam
909 661 1093 717 antecessor
1111 651 1215 737 ipsius
1236 651 1356 738 Rogcri
1375 650 1472 715 dedit

359 767 585 825 tenementum
611 758 693 823 illud
719 758 760 823 de
786 780 851 843 quo
880 755 1056 821 seruicium
1081 754 1164 819 illud
1188 754 1314 840 petitur
1337 753 1470 818 cuidam

359 863 515 928 Metillidi
536 862 610 929 auie
633 860 735 947 ipsius
757 859 935 925 Petronille
957 859 994 922 in
1012 857 1222 944 maritagium
1237 866 1272 922 et
1291 858 1363 943 ipsa
1376 866 1470 921 tene-

358 974 507 1030 mentum
521 964 603 1029 illud
618 972 689 1029 tota
703 963 775 1028 uita
789 986 850 1029 sua
863 962 974 1027 tenuit
988 962 1111 1047 absque
1129 961 1217 1026 omni
1231 961 1367 1026 seruicio
1381 958 1471 1045 quod

358 1068 434 1133 inde
450 1070 578 1145 faceret,
593 1075 627 1133 et
642 1076 716 1153 post
731 1090 804 1131 eam
819 1068 968 1154 Rogerus
982 1066 1070 1130 filius
1084 1088 1163 1130 suus
1177 1064 1259 1129 illud
1273 1064 1383 1129 tenuit
1398 1072 1472 1127 tota

359 1171 431 1235 uita
444 1194 504 1235 sua
517 1171 639 1256 absque
654 1170 742 1234 omni
756 1169 894 1234 seruicio
909 1167 997 1255 quod
1012 1170 1141 1245 faceret,
1157 1177 1191 1233 et
1206 1168 1278 1253 ipsa
1291 1167 1472 1231 Petmnilla

359 1274 468 1339 tenuit
486 1296 588 1360 usque
608 1296 696 1338 nunc
710 1273 780 1337 sine
795 1272 885 1336 omni
899 1271 1044 1350 seruicia
1059 1280 1094 1336 et
1108 1271 1195 1337 unde
1209 1271 1295 1357 petit
1310 1269 1469 1336 iudicium

359 1380 386 1443 si
400 1380 518 1444 debeat
534 1378 565 1443 ei
582 1376 755 1443 seruicium
778 1378 883 1441 facere
905 1398 1009 1461 usque
1032 1375 1074 1441 nd
1096 1375 1233 1440 tercium
1256 1375 1420 1451 heredem,
1433 1383 1471 1439 et

359 1482 485 1547 desicut
510 1481 582 1567 ipsa
606 1503 671 1545 non
701 1488 751 1544 est
781 1478 845 1543 nisi
876 1478 1037 1543 secundus
1065 1478 1166 1543 heres
1212 1479 1256 1543 Et
1284 1478 1414 1564 quesita
1441 1478 1472 1542 si

359 1594 585 1652 tenementum
607 1584 689 1650 illud
711 1584 831 1650 debeat
853 1583 1028 1649 semicium
1043 1583 1185 1649 militare
1200 1584 1277 1648 etsi
1291 1592 1470 1669 antequam

360 1690 475 1754 datum
505 1694 590 1752 esset
616 1687 651 1751 in
678 1688 889 1774 maritagium
915 1688 1036 1751 faceret
1065 1686 1238 1751 seruicium
1267 1686 1410 1751 militare
1436 1696 1473 1751 et

360 1794 455 1879 quale
478 1790 651 1857 seruicium
674 1790 702 1855 si
719 1790 850 1877 aliquod
866 1789 953 1868 fecit,
967 1789 1048 1854 dicit
1064 1790 1149 1876 quod
1164 1791 1248 1855 bene
1262 1790 1367 1855 credit
1381 1789 1470 1877 quod

360 1894 478 1959 debeat
501 1891 674 1959 seruicium
698 1892 839 1957 militare
865 1902 900 1957 et
924 1901 1074 1978 quartam
1098 1901 1225 1978 partem
1246 1893 1271 1978 j.
1296 1893 1412 1957 militis
1435 1904 1472 1958 et

198 2022 349 2109 noufflruo
362 1997 448 2084 quod
469 1996 641 2062 semicium
664 1997 746 2062 illud
766 1998 845 2062 fecit
863 2006 1041 2083 antequam
1056 1996 1172 2061 datum
1186 2006 1272 2062 esset
1286 1998 1321 2061 in
1335 1996 1472 2061 marita-

198 2070 350 2211 ijffiumqifn
362 2102 463 2189 gium,
486 2109 521 2165 et
546 2100 629 2165 bene
654 2099 801 2164 concedit
827 2100 914 2185 quod
935 2100 1071 2165 heredes
1100 2101 1152 2165 sui
1179 2124 1254 2165 cum
1283 2101 1474 2186 peruenerit

199 2174 323 2294 ‘³²25ng23⁶
362 2204 551 2269 adtercium
568 2202 720 2269 heredem
736 2203 858 2267 faciant
871 2204 1046 2269 semicium
1058 2202 1149 2269 illud
1187 2203 1304 2267 Postea
1316 2202 1474 2289 cognouit

199 2302 316 2397 fflffim
363 2307 449 2393 quod
475 2306 552 2372 fecit
578 2306 684 2371 eidem
711 2306 838 2392 Rogero
864 2306 905 2369 de
929 2306 1043 2370 eodem
1072 2314 1260 2371 tenemento
1282 2305 1475 2392 homagium

199 2395 466 2481 hhffihmsuum.
512 2410 556 2474 Et
578 2407 656 2495 quia
677 2408 749 2494 ipsa
770 2408 935 2495 cognoscit
959 2410 1045 2495 quod
1069 2409 1147 2474 fecit
1170 2407 1247 2474 inde
1273 2409 1474 2496 homagium,

200 2489 344 2621 ἓξὲξ·
365 2512 613 2579 Consideratum
635 2520 686 2578 est
706 2512 792 2598 quod
809 2511 882 2598 ipsa
895 2512 1045 2577 decetero
1059 2512 1158 2576 faciat
1173 2512 1279 2577 eidem
1294 2514 1424 2599 Regem
1437 2522 1475 2577 et

200 2593 327 2716 {effigituuffi
363 2618 536 2682 heredibus
550 2617 618 2682 suis
633 2616 807 2681 seruicium
822 2625 938 2702 quarte
953 2616 1056 2701 partis
1073 2616 1098 2701 j
1114 2616 1278 2681 militiast
1293 2617 1474 2684 satisfaciat

326 2702 332 2713 ⁸
365 2720 492 2805 Rogero
506 2720 547 2783 de
562 2719 593 2804 ij.
610 2741 705 2784 marc.
721 2740 779 2804 pro
793 2718 971 2805 arreragiis

244 2845 316 2908 665,
430 2822 542 2888 Abbas
557 2823 598 2887 de
614 2820 839 2908 Peppewella⁸
853 2821 1061 2887 athachiatus
1076 2821 1141 2885 fuit
1155 2822 1197 2886 ad
1211 2822 1474 2908 respondendum

244 2944 313 2983 uoto·
365 2926 508 2991 Henrico
530 2927 597 2991 filio
620 2926 756 2991 Henriei
777 2926 818 2991 de
840 2926 960 3012 placito
982 2948 1081 3012 quare
1101 2934 1232 2992 secutus
1250 2936 1300 2991 est
1313 2928 1473 3013 placitum

365 3027 400 3093 in
422 3028 512 3094 curia
533 3028 757 3094 cristianitatis
778 3028 819 3093 de
842 3028 924 3093 laico
945 3028 1038 3093 feodo
1059 3028 1162 3114 ipsius
1180 3029 1316 3094 Henrici
1334 3030 1372 3094 in
1386 3031 1476 3096 Rod-

366 3132 454 3218 linge
483 3142 596 3197 contra
630 3132 883 3217 prohibicionem
913 3140 983 3210 etc,
1013 3142 1048 3197 ct
1076 3132 1163 3197 unde
1192 3132 1280 3197 idem
1310 3132 1475 3198 Henricus

367 3236 515 3322 queritur
528 3236 615 3323 quod
629 3236 800 3322 inplacitat
815 3259 891 3301 eum
905 3236 947 3301 de
961 3236 1038 3301 dim.
1053 3258 1114 3301 aer.
1130 3238 1217 3324 prati
1231 3237 1318 3302 unde
1332 3237 1475 3303 deterio-

207 3364 262 3403 ra·
271 3362 327 3411 quos
366 3348 458 3405 ratus
472 3349 523 3405 est
537 3350 597 3405 etc.
608 3348 642 3405 et
652 3340 740 3405 unde
755 3340 836 3405 dicit
851 3339 938 3425 quod
952 3363 1028 3405 cum
1042 3340 1078 3405 ui
1092 3364 1152 3406 sua
1164 3343 1346 3428 asportarit
1361 3344 1473 3407 fenum

206 3411 350 3495 iiinffi'defl·
366 3445 407 3510 de
423 3444 537 3510 eodem
555 3454 649 3532 preto
669 3453 703 3510 et
725 3445 832 3531 ipsum
855 3446 1042 3510 uerberauit
1063 3454 1098 3510 et
1118 3446 1155 3510 in
1177 3447 1308 3531 prisona
1328 3447 1474 3512 detinuit

206 3503 356 3598 iiiios&
368 3557 419 3615 set
432 3549 555 3613 nullam
571 3556 692 3613 sectam
707 3548 782 3613 inde
798 3548 958 3634 producit.
1003 3549 1047 3614 Et
1064 3549 1138 3615 ideo
1159 3550 1410 3617 Consideratum
1424 3561 1475 3617 est

368 3653 454 3739 quod
483 3653 596 3718 Abbas
624 3652 699 3716 inde
725 3652 795 3717 sine
821 3652 875 3718 die
897 3660 932 3717 et
958 3653 1120 3719 Henricus
1140 3655 1176 3719 in
1197 3654 1417 3721 misericordia
1440 3667 1475 3721 et

368 3754 533 3841 perquirat
548 3778 582 3820 se
598 3778 656 3841 per
669 3756 769 3820 breue
784 3754 824 3820 de
839 3778 926 3819 noua
939 3754 1107 3821 disseisina
1121 3757 1149 3821 si
1163 3757 1314 3823 uoluerit.

245 3877 318 3940 666,
433 3848 573 3924 Thomas
593 3859 634 3924 de
655 3858 835 3922 Kaunuilla
849 3858 1066 3923 summonitus
1081 3859 1145 3924 fuit
1159 3859 1200 3924 ad
1214 3860 1473 3945 respondendum

252 3977 314 4017 tent
370 3964 471 4029 Priori
486 3962 667 4049 Hospitalis
681 3962 704 4026 J
705 3962 872 4027 erosolime
884 3961 919 4026 in
933 3962 1056 4049 Anglia
1065 3963 1106 4028 de
1121 3964 1240 4050 placito
1255 3987 1356 4050 quare
1370 3967 1473 4054 exigit

370 4070 411 4134 ab
435 4092 473 4133 eo
496 4067 745 4133 consuetudines
769 4074 803 4131 et
829 4067 967 4131 seruicia
992 4090 1054 4153 que
1081 4091 1145 4133 non
1170 4069 1269 4135 debet
1298 4071 1404 4137 faoere
1431 4072 1473 4136 de

402 4254 499 4303 ¹Gorr.
512 4256 581 4317 quin.
978 4254 989 4284 ³
1021 4254 1148 4317 Pipewell,
1197 4255 1469 4321 Northsmptonshire.

401 4320 463 4369 ²10
481 4320 600 4381 Braoton,
621 4320 639 4367 i.
662 4320 693 4367 21
713 4318 737 4376 b,
754 4320 793 4385 22,
814 4318 896 4379 citing
947 4319 1158 4380 monestrolo,
1172 4322 1268 4383 psal.

369 4383 422 4432 this
433 4398 499 4433 case.
979 4385 989 4415 ⁴
1006 4383 1049 4432 Br.
1062 4383 1079 4432 f.
1092 4386 1148 4435 410.
