3342 5217
453 450 686 509 uronirmms,
709 450 774 499 sn.
799 436 893 512 1219,
914 449 978 499 aa.
1003 436 1097 498 3-4.
1287 434 1329 497 53

222 642 281 705 per
294 627 495 685 attornatum
510 640 606 683 suum
621 627 656 682 et
670 617 750 682 dicit
764 618 851 704 quod
866 617 965 682 assisa
977 640 1043 681 non
1057 616 1155 683 debet
1169 618 1245 684 inde
1259 618 1331 684 fieri

223 724 300 811 quia
321 722 455 787 ecclesia
476 744 541 785 non
561 730 665 797 uacat,
679 720 779 785 immo
799 720 886 785 idem
906 720 1018 785 Abbas
1037 728 1087 785 est
1104 721 1180 787 inde
1195 744 1331 808 persona

223 839 258 895 et
287 829 459 893 institutus
494 827 536 891 ad
569 827 846 912 presenteoionem
865 825 869 910 Ι
889 827 1025 892 Roberti
1054 827 1095 892 de
1126 828 1268 894 Suttona
1296 837 1331 893 et

224 932 300 996 inde
315 932 435 1017 profert
455 940 577 995 cartam
591 930 750 994 Willelmi
770 930 1003 995 londoniensis
1024 932 1165 1017 episcopi
1187 954 1250 1018 que
1272 933 1332 996 hoc

224 1046 374 1113 testatur,
401 1046 435 1101 et
460 1036 541 1101 dicit
567 1034 653 1123 quod
679 1035 742 1099 fuit
772 1034 849 1099 iude
874 1057 1010 1120 persona
1035 1036 1101 1101 ism
1126 1059 1185 1122 per
1206 1046 1332 1123 septem

224 1166 324 1207 annos
339 1150 401 1207 eto,

291 1244 335 1307 Et
360 1244 525 1308 Walterus
550 1243 610 1307 hoc
636 1242 788 1329 cognouit
810 1250 845 1307 et
867 1242 953 1329 quod
981 1244 1146 1329 predictus
1171 1244 1334 1309 Robertus

226 1346 393 1410 ecclesiam
415 1345 505 1409 illam
527 1322 619 1409 dedit
638 1345 724 1409 sicut
746 1345 929 1431 predictum
944 1356 1003 1424 est,
1018 1355 1053 1411 et
1067 1347 1153 1433 quod
1173 1348 1234 1412 hoc
1257 1348 1334 1412 fecit

225 1458 402 1535 antequam
422 1449 491 1535 ipse
511 1449 627 1514 habuit
647 1458 766 1513 terram
785 1450 900 1535 inqua
914 1450 1048 1515 ecclesia
1061 1452 1126 1516 sita
1139 1461 1197 1529 est,
1212 1460 1247 1516 et
1261 1452 1335 1517 ideo

227 1552 302 1618 inde
322 1554 392 1617 sine
412 1554 465 1619 die
485 1562 519 1619 et
533 1552 633 1618 assisa
646 1562 812 1618 remaneat
828 1562 863 1617 et
877 1552 1041 1619 Walterus
1055 1556 1221 1641 perquirat
1234 1556 1334 1622 breue

227 1657 317 1722 aliud
333 1657 404 1721 etc¹

157 1823 164 1837 ,
293 1761 419 1827 ’Assisa
444 1761 537 1825 uenit
566 1760 772 1847 recognitum
801 1759 830 1824 si
858 1760 1022 1825 Aluredus
1050 1759 1091 1827 de
1120 1762 1215 1827 Esse'
1242 1772 1337 1849 pater

229 1864 388 1929 Beatricie
408 1864 516 1929 uxoris
536 1864 667 1928 Radulfi
688 1863 718 1927 le
738 1862 863 1927 Taillur
884 1863 948 1927 fuit
969 1864 1099 1929 scisitus
1120 1864 1155 1928 in
1176 1866 1336 1931 dominico

227 1989 287 2031 suo
302 1975 340 2030 ut
355 1966 395 2030 de
410 1966 503 2030 feodo
517 1966 558 2030 de
573 1964 709 2030 dimidia
728 1966 859 2051 uirgato
872 1973 958 2029 terre
977 1989 1052 2029 cum
1072 1968 1280 2052 pertinenciis
1302 1969 1337 2033 in

228 2069 359 2135 Icham⁴
384 2071 436 2135 die
463 2078 582 2135 otest
611 2070 639 2133 si
663 2078 721 2133 etc
749 2092 848 2155 quam
873 2076 994 2133 terram
1018 2070 1154 2134 Matillis
1181 2071 1223 2136 de
1251 2074 1338 2137 Albo

230 2174 426 2237 Monasterio
443 2180 543 2249 tenet,
567 2195 630 2258 que
651 2171 744 2236 uenit
766 2179 800 2235 et
822 2171 903 2236 dicit
925 2171 1012 2258 quod
1033 2172 1133 2237 assisa
1153 2197 1219 2239 non
1239 2175 1339 2240 debet

230 2276 307 2339 inde
322 2276 400 2353 fieri,
416 2276 493 2362 quia
506 2276 577 2361 ipsa
590 2275 691 2340 nichil
705 2275 825 2339 clamat
842 2274 878 2339 in
898 2284 984 2339 terra
1003 2276 1060 2339 illa
1082 2276 1145 2341 nisi
1167 2277 1278 2342 dotem
1298 2301 1339 2342 ex

231 2379 315 2443 dono
339 2380 496 2443 Willelmi
515 2378 575 2442 filii
596 2378 751 2442 Rannulfi
772 2377 936 2463 quondam
955 2378 1019 2442 uiri
1038 2378 1090 2443 sui
1104 2388 1139 2443 et
1153 2379 1229 2445 inde
1244 2389 1340 2445 uocat

232 2482 274 2546 ad
291 2489 469 2545 warantum
483 2480 685 2545 Willelmum
701 2480 806 2543 filium
821 2488 856 2544 et
871 2480 1023 2544 heredem
1034 2480 1172 2566 predicti
1184 2482 1340 2547 Willelmi

232 2586 290 2671 qui
304 2586 368 2649 iter
381 2586 417 2649 in
431 2592 551 2649 terram
566 2583 765 2649 Jerusalem*
779 2592 813 2649 et
828 2584 914 2670 petit
928 2585 1015 2671 quod
1029 2586 1149 2651 habeat
1164 2588 1340 2652 terminum

231 2710 329 2753 suum
343 2688 645 2774 crucesignatorum.

299 2790 343 2853 Et
368 2790 528 2854 Radulfus
554 2798 589 2855 et
610 2812 691 2854 uxor
713 2789 783 2854 eius
807 2789 987 2855 defendunt
1010 2792 1096 2877 quod
1118 2814 1184 2857 non
1212 2792 1343 2858 tenent‘

234 2904 354 2959 terram
368 2895 459 2959 illam
474 2894 634 2959 indotem
649 2894 727 2979 qnia
740 2894 906 2979 predictus
919 2895 1105 2961 Willelmus
1120 2896 1171 2961 uir
1184 2918 1263 2962 suus
1277 2920 1342 2961 non

235 2998 344 3063 tenuit
366 3006 485 3062 terram
506 2998 595 3061 illam
614 2996 668 3061 die
688 3020 754 3083 qua
773 3020 847 3062 eam
866 2998 1083 3084 desponsauit‚
1098 3001 1175 3086 quia
1193 3001 1251 3065 diu
1268 3010 1342 3086 post

235 3123 276 3165 ea
293 3101 381 3187 cepit
400 3108 520 3165 terram
540 3101 630 3165 illam
650 3101 690 3165 de
705 3102 845 3187 quodam
860 3101 1024 3167 Willelmo
1038 3104 1107 3167 filio
1121 3103 1294 3168 Reinbaldi
1308 3111 1343 3169 et

235 3204 336 3269 alium
351 3204 532 3289 ingressum
547 3226 612 3267 non
626 3203 727 3268 habet
741 3204 775 3267 in
790 3205 1022 3269 terramillam

302 3308 346 3372 Et
368 3308 446 3393 quia
466 3308 537 3394 ipsa
561 3308 661 3372 nichil
687 3309 806 3373 clamat
831 3308 895 3373 nisi
919 3308 1031 3373 dotem
1056 3330 1115 3373 nec
1139 3317 1248 3395 potest
1273 3310 1342 3373 sine

235 3420 378 3477 waranto
405 3435 465 3477 suo
493 3412 534 3477 de
564 3411 640 3477 dote
669 3412 870 3499 respondere,
901 3412 1147 3479 consideratum
1177 3422 1228 3478 est
1256 3413 1343 3500 quod

235 3539 349 3603 pacem
364 3516 484 3581 habeat
498 3516 801 3603 crucesignatorum,
816 3526 851 3581 et
865 3517 1025 3581 Badulfus
1040 3527 1074 3582 et
1088 3540 1171 3582 uxor
1184 3519 1254 3582 eius
1268 3518 1344 3583 inde

236 3623 306 3686 sine
329 3620 383 3685 die
403 3643 506 3706 usque
526 3621 568 3685 ad
588 3621 768 3685 aduentum
783 3621 949 3699 Willelmi,
964 3631 999 3686 et
1013 3630 1092 3687 tunc
1106 3644 1344 3688 resummonea·

236 3736 292 3793 tur
306 3736 366 3792 etc.
382 3734 417 3791 et
431 3726 518 3790 idem
534 3726 658 3790 dictum
674 3734 724 3790 est
738 3724 942 3790 iuratoribus

168 3886 175 3902 .
302 3830 482 3897 'Walterus
506 3829 547 3895 de
567 3830 667 3916 Percy
682 3830 767 3915 petit
787 3853 900 3895 uersus
920 3831 1062 3896 Priorem
1081 3831 1114 3897 S.
1130 3830 1288 3896 Iconardi
1303 3830 1344 3896 de
1396 3844 1460 3884 mor.
1576 3818 1579 3824 ¹

238 3935 381 4000 Eboraco
396 3934 420 4019 j.
436 3942 619 3999 carucatam
640 3942 724 3998 terre
745 3956 819 3998 cum
843 3934 1050 4020 pertinenciis
1073 3935 1109 3999 in
1132 3936 1282 3999 Maitona
1304 3943 1345 3999 ut

238 4038 289 4103 ius
303 4060 400 4102 suum
415 4046 449 4102 et
464 4045 502 4102 ut
516 4036 605 4127 illpm
621 4036 709 4102 unde
723 4039 835 4124 Agnes
850 4047 956 4103 mater
969 4062 1028 4103 sua
1047 4038 1111 4103 fuit
1125 4038 1237 4104 seisita
1251 4048 1289 4104 ut
1303 4039 1344 4103 de

272 4206 347 4257 ¹800
366 4206 432 4256 caso
451 4208 491 4263 89.
511 4206 540 4255 in
561 4206 647 4256 which
668 4206 767 4256 Walter
849 4206 860 4238 ⁴
876 4207 974 4266 lkhcm,
988 4206 1019 4254 B.

239 4270 329 4333 brings
344 4286 361 4321 a
377 4271 436 4320 verit
452 4271 481 4319 ol
495 4270 565 4333 right
582 4272 610 4319 ol
628 4270 766 4321 sdvowson
850 4272 861 4303 ⁵
878 4271 976 4333 Supply
987 4272 1105 4333 arripiat.

238 4337 344 4398 maiust
353 4335 399 4385 the
408 4334 493 4385 Abbot
503 4335 556 4384 and
567 4335 644 4397 again
656 4336 723 4387 talla
849 4336 861 4368 ⁸
878 4343 951 4398 tenet,
963 4336 993 4392 A,
1006 4337 1037 4384 Β.

272 4402 283 4433 ¹
299 4402 330 4451 ΑΜ
344 4414 380 4449 m.
393 4401 437 4459 11;
454 4400 484 4449 B.
496 4416 531 4449 m.
545 4402 583 4450 10.
849 4400 860 4433 ⁷
876 4401 935 4451 Rot.
948 4402 978 4450 A.
990 4416 1026 4451 m.
1040 4402 1079 4451 11.

271 4466 283 4499 ²
299 4468 375 4523 Hae,
387 4466 416 4526 Δ,
431 4466 460 4514 Β.
