3342 5217
376 142 516 209 Radulfo
536 142 621 208 sicut
640 142 683 208 ad
702 142 902 208 custodiend'
916 143 959 209 ad
978 167 1059 231 opus
1078 145 1181 231 ipsius
1195 145 1308 225 Petri¹,
1322 156 1357 212 et
1371 156 1480 233 postea

375 246 546 312 commissa
572 247 638 312 fuit
666 247 795 312 cuidam
823 248 947 313 Dauidi
972 249 1124 339 similiter
1148 250 1191 316 ad
1216 251 1415 317 custodiend’
1440 252 1480 316 ad

375 374 457 437 opus
477 350 588 437 ipsius,
609 351 659 416 ita
680 351 767 438 quod
788 374 862 416 eam
884 352 1070 418 habuerunt
1091 376 1150 439 per
1171 378 1199 419 v.
1218 378 1319 419 annos
1339 355 1382 420 ad
1403 378 1481 441 opus

375 454 478 540 ipsius
506 453 597 519 Petri
622 462 699 519 ante
725 463 863 519 mortem
890 456 992 543 ipsius
1019 457 1163 535 Roberti,
1189 466 1223 522 et
1248 466 1322 544 post
1346 468 1480 523 mortem

374 558 477 645 ipsius
511 557 647 622 Roberti
675 558 769 623 uenit
797 559 963 645 predictus
993 560 1109 626 Comes
1144 561 1291 647 Rogerus
1326 571 1361 627 et
1396 562 1482 648 oepit

375 662 600 728 terramillam
615 662 650 725 in
670 685 804 728 manum
824 687 917 729 suam
938 664 1035 729 simul
1055 688 1130 729 oum
1150 666 1216 730 alis
1234 674 1321 731 terra
1340 674 1374 731 et
1393 666 1482 731 illam

375 767 547 833 inbladiari
567 767 645 832 fecit
664 767 706 831 de
726 766 940 855 hibemagio',
956 777 990 833 et
1010 776 1123 855 postea
1142 769 1231 833 illem
1252 768 1393 834 reddidit
1412 792 1483 856 pre-

376 872 464 937 dicto
479 871 707 936 Bartholomeo
726 870 824 936 simul
846 894 921 937 cum
942 872 1006 937 elis
1026 880 1121 949 terra,
1136 872 1192 958 qui
1211 873 1302 937 illam
1322 873 1431 939 tenuit
1450 884 1485 939 et

376 976 571 1042 inblsdiauit
593 984 628 1040 et
649 974 782 1039 bladum
805 975 984 1061 asporteuit
1007 975 1091 1041 sicut
1113 975 1154 1041 de
1175 977 1279 1042 alters
1300 986 1394 1042 terra
1439 978 1484 1041 Et

377 1080 450 1145 ideo
486 1078 724 1143 consideratum
759 1086 810 1142 est
840 1078 927 1164 quod
956 1079 1072 1143 Petrus
1100 1080 1305 1166 recuperauit
1332 1081 1484 1147 seisinam

377 1206 479 1261 suam,
493 1192 529 1248 et
543 1182 791 1246 Bartholomeus
804 1181 840 1246 in
855 1180 1078 1247 misericordia

320 1349 327 1364 ,
442 1286 579 1351 'Petrus
612 1284 787 1371 Wymund’
823 1282 1024 1349 attachiatus
1061 1293 1111 1349 est
1147 1284 1190 1349 ad
1225 1284 1485 1371 respondendum

377 1390 520 1456 Henrioo
541 1389 583 1455 de
603 1389 736 1453 Fissacr’
757 1388 797 1453 de
819 1387 940 1475 placito
962 1408 1061 1473 quare
1084 1387 1186 1452 trahit
1208 1411 1284 1453 eum
1305 1388 1341 1453 in
1362 1389 1485 1453 curiam

377 1492 601 1559 cristianitatis
624 1492 665 1556 de
688 1492 779 1578 layoo
801 1492 895 1556 feodo
916 1492 1019 1577 ipsius
1041 1492 1176 1557 Henrici
1197 1493 1233 1557 in
1255 1491 1487 1557 Tiuerscumba

377 1606 489 1663 contra
503 1596 756 1683 prohibicionem
771 1605 842 1672 eto,
857 1602 892 1661 et
912 1595 999 1660 unde
1020 1596 1168 1682 queritur
1186 1596 1273 1682 quod
1292 1596 1395 1661 trahit
1410 1618 1484 1663 eum

378 1702 414 1767 in
443 1701 599 1788 placitum
629 1700 670 1765 de
699 1699 840 1786 quodam
871 1699 1046 1765 fraxineto*
1069 1700 1155 1786 quod
1181 1709 1232 1766 est
1255 1701 1424 1788 pertinens
1446 1700 1487 1767 sd

379 1806 506 1891 laycum
530 1804 660 1869 feodum
686 1826 782 1868 suum
808 1810 844 1868 et
869 1802 956 1889 quod
983 1802 1062 1867 tulit
1087 1802 1119 1868 ei
1147 1803 1401 1889 prohibicionem
1429 1825 1487 1890 per

379 1909 466 1995 quod
487 1908 701 1975 deterioratus
722 1915 773 1972 est
795 1905 838 1972 ad
859 1905 1040 1973 uslenciem
1059 1906 1102 1971 xl.
1117 1908 1171 1972 soi
1188 1915 1223 1972 et
1242 1906 1317 1972 inde
1338 1907 1487 1993 producit

379 2020 509 2078 sectam.

444 2117 488 2181 Et
503 2116 620 2180 Petrus
634 2114 726 2181 uenit
741 2122 776 2179 et
790 2113 936 2179 defendit
951 2113 1037 2200 quod
1052 2135 1229 2198 numquam
1251 2121 1324 2200 post
1343 2112 1485 2199 prohibi-

378 2220 503 2285 cionem
519 2225 650 2283 secutus
664 2225 715 2282 est
729 2216 861 2303 aliquod
876 2216 1034 2303 placitum
1055 2216 1096 2281 de
1116 2217 1207 2302 layco
1222 2215 1314 2281 feodo
1328 2208 1397 2295 suo,
1411 2218 1487 2303 quia

378 2344 492 2387 reuera
514 2320 614 2384 habet
635 2318 800 2405 quandam
823 2317 981 2404 capellam
1007 2318 1227 2403 pertinentem
1252 2317 1294 2383 ad
1319 2320 1485 2384 eeclesiam

378 2448 471 2489 suam
501 2423 559 2488 ubi
584 2431 634 2489 est
663 2421 826 2507 quoddam
856 2422 1064 2509 cymiterium
1094 2423 1239 2488 clausum
1265 2432 1300 2488 et
1326 2424 1485 2489 uallatum

336 2558 342 2568 ·
379 2526 519 2614 quodam
539 2526 657 2589 fossato
677 2546 775 2610 super
794 2523 881 2610 quod
901 2525 1056 2589 fossatum
1076 2532 1154 2589 sunt
1174 2524 1291 2589 fraxini
1309 2536 1488 2591 crescentes

380 2653 460 2718 quos
475 2628 607 2716 quidem
621 2628 708 2693 idem
725 2628 886 2693 Henricus
906 2636 1019 2694 contra
1037 2628 1200 2695 iusticiam
1221 2639 1256 2695 et
1270 2630 1379 2695 minus
1400 2630 1486 2696 licite

380 2732 561 2820 asportauit
586 2730 830 2817 propterquod
857 2731 1011 2797 conuenit
1036 2755 1111 2798 eum
1138 2756 1244 2799 coram
1267 2733 1431 2799 iudicibus
1453 2734 1486 2798 in

380 2837 447 2902 foro
462 2836 677 2901 eeclesiastico
692 2835 770 2921 quia
783 2836 946 2901 commisit
960 2836 1167 2925 sacrilegium
1178 2838 1213 2903 in
1224 2840 1408 2904 sanctuario
1422 2860 1488 2914 suo,

379 2951 415 3006 et
432 2940 510 3028 quia
528 2941 597 3026 ipse
618 2940 682 3004 fuit
701 2939 782 3005 inde
797 2939 832 3004 in
852 2940 971 3005 seisina
990 2949 1024 3007 et
1046 2964 1157 3007 omnes
1178 2942 1417 3029 predecessores
1438 2943 1489 3008 sui

379 3045 428 3108 ite
449 3042 536 3127 quod
557 3043 645 3129 cepit
667 3042 807 3107 fraxinos
833 3051 868 3107 et
893 3042 970 3109 inde
995 3042 1073 3108 fecit
1099 3045 1304 3110 uoluntatem
1329 3067 1433 3121 suam,
1454 3055 1489 3111 et

379 3146 561 3233 dicitquod
575 3147 639 3211 fuit
653 3146 688 3211 in
703 3146 822 3211 seisina
842 3170 900 3233 per
913 3148 955 3215 xl.
971 3171 1072 3213 annos
1091 3157 1126 3214 et
1146 3148 1216 3235 agit
1235 3148 1276 3214 de
1297 3148 1487 3235 spoliatione

379 3274 447 3330 sua,
462 3259 497 3316 et
510 3251 594 3316 bene
608 3248 754 3316 defendit
773 3250 862 3336 quod
880 3251 967 3317 idem
988 3252 1151 3317 Henrious
1169 3252 1297 3317 nullum
1319 3252 1421 3317 habet
1442 3252 1488 3319 ibi

380 3354 508 3440 laycum
522 3353 661 3418 feodum

445 3459 491 3523 Et
516 3457 679 3522 Henricus
701 3456 795 3523 uenit
818 3465 853 3523 et
880 3458 960 3524 dicit
984 3458 1224 3546 quodquidam
1247 3459 1411 3525 Robertus
1431 3460 1487 3526 de⁸

380 3562 468 3628 Alba
488 3562 607 3627 Manlia
626 3560 718 3627 dedit
739 3562 881 3628 Martino
899 3562 941 3628 de
964 3562 1097 3629 Fissacr'
1120 3562 1206 3649 patri
1227 3562 1330 3650 ipsius
1351 3562 1487 3629 Henrioi

414 3743 423 3777 ¹
441 3744 557 3795 Oneoan
567 3742 630 3806 only
640 3747 761 3793 construe
772 3742 826 3792 this
839 3742 873 3805 by
885 3750 908 3792 to
992 3740 1003 3772 ¹
1018 3742 1059 3791 He
1076 3740 1129 3793 had
1146 3741 1168 3792 it
1185 3756 1257 3792 sown
1273 3740 1337 3793 with
1358 3756 1375 3793 s
1397 3742 1488 3794 winter

383 3812 423 3858 tte
433 3824 478 3859 use
488 3810 520 3872 os
533 3811 574 3859 tte
584 3810 643 3857 said
653 3810 736 3867 Peter,
748 3806 848 3869 though
859 3821 908 3857 one
959 3820 1021 3870 orep
1043 3808 1064 3868 t)
1300 3820 1302 3823 ·

381 3872 823 3937 maynotoallRatphsfeoffeeto
839 3886 908 3921 uses.
991 3871 1002 3904 ⁸
1061 3870 1253 3923 'scamisFita
1264 3872 1485 3932 mirmidona&

381 3938 493 3988 Observe
504 3936 867 4001 theelaboratepainstalren
880 3940 908 3986 to
991 3936 1058 3987 ‘An
1071 3936 1215 3999 cah-grove.

381 4003 456 4052 make
467 4002 511 4052 the
519 4002 630 4053 infant's
637 4002 715 4053 seisin
723 4002 906 4067 indisputeble.
991 4002 1047 4051 ⁸de
1059 4000 1188 4066 repeated.
