3342 5217
395 421 458 484 214
690 433 840 494 rmurrx,
863 433 926 481 11.
953 417 1129 495 111111.
1154 422 1203 482 11.

394 608 595 692 presentauit
611 607 812 672 Willelmum
828 606 868 671 de
884 607 972 672 Haia
986 607 1042 692 qui
1063 606 1180 670 ultimo
1199 606 1282 671 obiit
1300 628 1438 692 persona
1458 605 1500 671 de

393 711 507 778 eadem
522 711 663 788 ecclesia,
678 720 729 776 set
743 720 817 797 post
837 710 1112 796 presentationem
1134 711 1226 777 illam
1247 709 1333 775 idem
1355 710 1500 776 Randul-

393 817 478 902 phua
507 816 599 884 dedit
629 816 809 882 manerium
836 815 918 880 illud
948 838 1023 880 cum
1044 825 1125 901 pert
1149 815 1277 902 Rogero
1298 814 1339 879 de
1361 815 1500 880 Mohaut

393 921 485 986 111111
496 944 555 986 111
570 920 626 1007 qui
641 921 821 986 manerium
836 919 919 985 illud
933 943 1007 986 cum
1024 929 1106 1006 pert.
1121 920 1230 985 tenuit
1250 928 1322 986 tota
1340 920 1412 986 uita
1432 942 1500 997 sua,

394 1033 428 1088 et
457 1032 531 1110 post
562 1033 697 1088 mortem
727 1023 797 1090 eins
826 1023 993 1089 descendit
1015 1023 1195 1088 manerium
1217 1023 1299 1096 illud
1321 1047 1395 1088 cum
1417 1033 1500 1108 pert.

395 1129 500 1194 Leuce
523 1128 589 1194 filie
612 1151 678 1206 sua,
693 1136 728 1194 11
749 1127 790 1194 de
811 1129 920 1194 Leuca
938 1127 1062 1214 Agneti
1081 1127 1147 1191 filie
1163 1127 1264 1212 ipsius
1278 1127 1393 1204 Leuce,
1407 1127 1500 1193 cuins

313 1307 317 1315 ‚
394 1231 574 1297 custodiam
599 1230 686 1296 idem
712 1231 883 1315 Philippus
913 1230 1013 1294 habet
1041 1251 1101 1315 per
1128 1230 1236 1315 ipsum
1265 1230 1431 1316 Rogemm
1458 1229 1500 1295 de

395 1335 546 1400 Mohaut¹
562 1337 735 1422 capitalem
749 1335 918 1400 dominum
934 1343 968 1399 et
982 1335 1104 1420 profert
1118 1343 1241 1400 cartam
1255 1334 1357 1419 ipsius
1371 1335 1500 1421 Rogexi,

394 1461 457 1523 que
487 1447 629 1506 testatur
657 1439 743 1526 quod
772 1439 859 1504 idem
890 1437 1061 1522 Philippus
1083 1437 1176 1502 dabit
1197 1437 1303 1506 eidem
1325 1439 1452 1524 Rogare
1473 1461 1499 1504 a

393 1565 516 1608 marcas
544 1544 673 1631 argenti
701 1566 760 1630 pro
789 1542 937 1608 custodia
957 1541 1097 1629 Agnetis
1119 1541 1186 1606 filie
1207 1542 1310 1627 ipsius
1335 1543 1442 1608 Leuce
1464 1550 1500 1607 et

394 1647 498 1712 tocius
509 1646 701 1712 hereditatis
715 1647 941 1712 descendentis
955 1647 997 1711 de
1012 1644 1154 1732 Rogero¹
1168 1654 1261 1731 patna
1275 1646 1377 1732 ipsius
1391 1647 1499 1712 Leuce

392 1749 427 1813 in
443 1750 617 1815 Ellefordia
637 1757 671 1815 11
686 1751 721 1815 in
738 1750 952 1834 Uallinplaad'
967 1773 1041 1815 cum
1057 1758 1137 1836 pert.
1153 1759 1188 1815 et
1207 1750 1334 1815 desicut
1353 1750 1499 1816 111111111-

392 1853 477 1938 phus
505 1852 598 1919 dedit
626 1863 746 1918 terram
775 1853 865 1917 illam
895 1875 970 1917 cum
998 1862 1079 1939 pert
1106 1863 1142 1917 et
1163 1876 1228 1917 non
1250 1853 1378 1938 excepit
1400 1854 1499 1919 adno-

391 1957 553 2022 cacionem
569 1958 700 2023 ecclesie
715 1981 775 2022 nec
790 1957 925 2022 ecclesia
938 1957 1028 2043 prius
1042 1958 1175 2022 uacauit
1189 1958 1275 2043 petit
1293 1957 1451 2023 iudicium
1471 1959 1500 2023 si

391 2060 555 2143 predictus
570 2061 716 2147 Rogerus
730 2061 831 2146 possit
847 2060 1094 2125 aduocacionem
1108 2061 1199 2124 illam
1213 2061 1360 2138 clamare,
1371 2060 1499 2126 desicut

390 2162 562 2230 aduocacio
584 2165 727 2250 pertinet
747 2164 788 2229 ad
811 2164 1002 2240 manerium,
1017 2172 1051 2229 et
1071 2164 1157 2249 petit
1176 2165 1238 2229 sibi
1262 2165 1391 2230 allocari
1411 2167 1499 2252 quod

391 2267 477 2332 idem
493 2269 640 2356 Rogerus
655 2268 711 2354 qui
726 2276 850 2334 cartam
865 2268 954 2334 illam
969 2268 1046 2332 fecit
1060 2267 1160 2332 nichil
1176 2267 1313 2354 excepit.

456 2370 500 2435 Et
524 2371 670 2458 Rogerus
695 2393 754 2457 per
777 2377 979 2434 attomatnm
1008 2392 1103 2434 suum
1127 2370 1221 2434 uenit
1243 2379 1279 2434 et
1302 2369 1382 2434 dicit
1410 2369 1499 2455 qnod

391 2473 625 2559 11111111111118
639 2482 822 2540 antecessor
842 2494 920 2537 suus
939 2471 997 2558 qui
1015 2471 1133 2536 ultimo
1152 2473 1362 2558 presentauit,
1376 2471 1426 2538 ct⁴
1441 2474 1500 2559 qui

390 2586 510 2643 terram
533 2577 623 2642 illam
646 2577 737 2643 dedit
756 2600 926 2664 nunquam
944 2576 1010 2641 fuit
1030 2576 1064 2642 in
1084 2577 1203 2642 saisina
1222 2577 1263 2642 de
1282 2577 1498 2643 aduocaciona

389 2680 446 2744 illa
461 2703 519 2744 nec
535 2681 643 2744 Leuca
657 2680 725 2745 filia
739 2703 805 2756 sua,
821 2702 881 2744 nec
895 2681 1014 2766 Agnes,
1030 2687 1065 2744 et
1079 2679 1207 2744 desicut
1219 2679 1308 2744 idem
1325 2680 1498 2766 Philippus

389 2781 552 2868 cognoscit
582 2782 732 2848 saisinam
758 2781 860 2866 ipsius
889 2780 1086 2867 Randulphi,
1108 2781 1194 2867 petit
1222 2781 1373 2846 saisinam
1395 2805 1498 2848 suam.

391 2884 435 2948 Et
450 2884 596 2970 quesitus
616 2885 644 2950 si
664 2883 880 2970 Randulphus
899 2883 991 2949 dedit
1012 2884 1192 2948 manerium
1214 2883 1295 2948 illud
1317 2907 1392 2948 cum
1414 2895 1498 2970 pert.

390 2987 470 3052 dicit
485 2989 571 3074 quod
585 2987 696 3066 nescit,
712 2997 746 3052 11
761 2990 844 3053 bene
859 2987 1022 3074 cognoscit
1036 2996 1159 3052 cartam
1174 3010 1272 3074 qnam
1292 2988 1369 3053 facit
1388 2989 1497 3054 eidem

390 3092 541 3179 Philippo
571 3092 611 3158 de
642 3101 729 3158 teria
756 3115 832 3158 cum
862 3101 944 3178 pert.
966 3092 1002 3155 in
1032 3113 1096 3177 qua
1123 3090 1224 3156 nichil
1253 3092 1422 3178 excipitur,
1446 3102 1498 3158 set

390 3204 520 3260 tantum
535 3196 615 3260 dicit
635 3197 722 3282 quod
741 3197 888 3284 Rogerus
908 3196 1059 3260 feoffatus
1078 3217 1246 3281 nunquam
1268 3195 1385 3260 habuit
1406 3196 1497 3262 scisi-

389 3322 465 3363 nam
479 3299 520 3364 de
535 3300 784 3386 presentatione,
800 3307 834 3364 et
849 3299 935 3385 petit
949 3298 1114 3364 iudicium

453 3403 498 3466 Et
513 3403 683 3488 Philippus
698 3403 848 3467 similiter
862 3402 947 3487 petit
960 3402 1117 3466 iudicium
1129 3425 1225 3467 suum
1237 3402 1363 3468 desicut
1374 3403 1497 3490 Rogar-

388 3527 428 3570 us
449 3505 612 3591 cognoscit
634 3515 757 3570 cartam
779 3529 872 3571 suam
894 3505 929 3570 in
950 3527 1015 3591 qua
1033 3505 1133 3570 nichil
1154 3506 1330 3592 excipitur⁶
1348 3507 1498 3572 defendit

388 3608 475 3694 quod
504 3610 650 3695 Rogatus
679 3618 862 3676 antecessor
885 3609 988 3695 ipsius
1009 3609 1148 3695 Agnetis
1169 3609 1219 3674 ita
1240 3618 1325 3674 esset
1345 3610 1497 3676 feoffatus

387 3709 473 3774 sicut
487 3709 669 3795 predictum
684 3719 741 3776 est
1368 3773 1372 3781 .

453 3813 497 3877 Et
512 3813 589 3899 quia
603 3814 698 3878 ambo
713 3822 910 3901 cognoscunt
924 3814 1011 3902 quod
1024 3815 1241 3901 Randulphus
1255 3823 1329 3900 post
1343 3815 1495 3880 ultimam

387 3916 660 4001 presentationem
676 3917 767 3982 dedit
786 3917 967 3982 manerium
988 3941 1062 3982 cum
1082 3926 1163 4004 pert.
1179 3918 1324 4004 predicto
1344 3917 1497 4005 Rogem⁸,

387 4019 565 4084 secundum
586 4019 671 4106 quod
691 4021 873 4106 predictum
893 4031 952 4099 est,
972 4031 1007 4086 et
1027 4023 1192 4108 predictus
1213 4023 1374 4108 Rogems⁷
1393 4023 1494 4089 nichil

387 4120 530 4186 ostendit
552 4121 638 4208 quod
657 4122 828 4190 aduocacio
848 4125 1030 4210 excipiatur
1049 4149 1108 4191 nec
1122 4133 1245 4192 sectam
1259 4125 1419 4211 producit,
1435 4148 1495 4192 nec
1620 4192 1621 4199 ,

420 4264 430 4297 ¹
447 4265 501 4316 Tha
512 4266 633 4328 1111111111.
964 4273 1045 4323 dedit.

419 4331 430 4363 ²
445 4331 530 4393 111111
538 4331 643 4384 brothor
654 4335 683 4386 11
692 4333 840 4397 Rnndolph.
997 4337 1008 4367 ⁵
1026 4337 1124 4401 supply
1135 4346 1168 4388 et.

419 4395 430 4427 ³
447 4396 545 4459 Supply
551 4397 616 4459 suit,
629 4398 659 4447 B.
996 4402 1008 4434 ⁸
1024 4402 1136 4452 Brother
1146 4403 1175 4452 of
1183 4401 1333 4466 Rsndolph.

419 4461 430 4492 ⁴
447 4461 517 4513 Corr.
532 4463 675 4524 etRoperus
686 4469 728 4514 cui
741 4468 913 4516 terramillam
996 4467 1006 4500 ⁷
1023 4467 1148 4518 Plaintili.
