3342 5217
350 401 414 463 348
561 413 882 472 1111111111111
908 399 1000 473 1230,
1023 412 1086 461 aa
1112 401 1246 462 14-15.

349 731 409 795 DE
435 731 643 796 TERMINO
668 732 698 796 S.
723 731 976 797 MIOHAELIS
998 731 1128 797 ANNO
1151 731 1297 798 REGNI
1318 732 1454 798 REGIS

569 833 613 900 H.
635 833 795 898 x111J¹¹⁰.
819 833 1087 900 INCIPIENTE
1109 835 1238 900 XV¹⁰.¹

413 1036 611 1102 'Willelmus
640 1037 680 1104 de
711 1037 894 1103 Martiwall'
921 1037 1007 1125 petit
1036 1061 1149 1104 uersus
1177 1038 1380 1104 Willelmum
1411 1039 1453 1104 de

349 1144 564 1232 Bracebrugg'
591 1151 625 1208 et
648 1143 809 1208 Amiciam
839 1167 972 1208 uxorem
1002 1144 1072 1209 eius
1100 1153 1167 1208 tres
1195 1144 1276 1232 uirg.
1303 1154 1387 1209 terre
1418 1153 1452 1209 et

348 1247 456 1313 dimid.
473 1271 547 1313 cum
562 1255 643 1335 pert.
658 1248 693 1313 in
708 1247 863 1314 Nouefle⁸
878 1257 916 1314 ut
931 1249 982 1314 ius
996 1273 1092 1315 suum
1107 1257 1167 1315 etc.
1183 1249 1232 1314 ita
1251 1249 1336 1336 quod
1357 1248 1454 1313 datus

348 1349 411 1414 fuit
433 1350 479 1414 eis
501 1349 570 1415 dies
592 1351 626 1414 in
648 1350 750 1415 banco
772 1373 866 1437 prece
888 1351 1034 1437 parcium
1055 1351 1258 1433 inaduentu
1281 1349 1452 1415 iusticiari-

348 1475 439 1516 orum
459 1453 546 1538 apud
569 1452 776 1517 Leicestriam
797 1453 839 1517 ad
859 1453 974 1517 assises
995 1476 1079 1517 noue
1100 1451 1266 1517 disseisine
1281 1452 1454 1539 capiendas

347 1563 382 1620 et
396 1555 505 1642 gaolas
519 1555 742 1622 deliberandas
753 1557 794 1620 ad
810 1579 907 1642 quem
923 1556 1102 1621 aduentum
1117 1556 1256 1642 predicti
1270 1557 1453 1621 Willelmus

346 1669 381 1725 ct
410 1660 538 1726 Amicia
566 1683 631 1725 non
659 1670 821 1726 uenerunt
851 1684 910 1725 nec
939 1684 973 1725 se
1003 1661 1248 1726 essoniauerunt
1279 1669 1338 1726 etc
1367 1660 1453 1726 sicut

346 1765 515 1829 iusticiarii
529 1764 744 1830 recordantur.

412 1869 456 1932 Et
481 1868 664 1933 Willelmus
686 1868 727 1932 de
750 1867 933 1932 Martiwall’
954 1869 1047 1934 uenit
1069 1875 1104 1933 et
1125 1868 1211 1954 petit
1232 1867 1387 1933 iudicium
1411 1867 1452 1932 de

346 1969 468 2035 defalta
482 1979 516 2036 et
536 1971 613 2056 quia
632 1969 801 2035 iusticiarii
821 1970 949 2035 nullum
969 1971 1016 2035 ibi
1035 1971 1195 2036 dederunt
1216 1972 1262 2036 eis
1284 1971 1370 2036 diem
1392 1995 1453 2037 nec

347 2073 469 2159 aliquid
498 2073 573 2138 iude
604 2074 749 2138 fecerunt
779 2096 837 2159 pro
866 2073 994 2138 defectu
1023 2074 1146 2139 recordi
1175 2075 1368 2160 procedatur
1399 2075 1452 2140 hic

346 2199 404 2263 per
429 2176 583 2241 defaltam
609 2176 698 2240 illam
725 2184 881 2261 tanquam
907 2177 954 2240 ibi
983 2176 1210 2262 procederetur
1234 2177 1263 2241 si
1283 2177 1452 2241 recordum

347 2281 512 2346 haberent.
531 2279 536 2366 Ι
557 2282 600 2346 Et
620 2281 693 2345 ideo
713 2280 949 2345 consideratum
969 2289 1019 2344 est
1039 2281 1125 2366 quod
1145 2289 1232 2345 terra
1251 2282 1397 2367 capiatur
1416 2281 1453 2346 in

349 2407 480 2449 manum
500 2383 623 2448 domini
642 2384 742 2470 Regis
762 2391 796 2448 et
816 2384 902 2470 quod
922 2383 1060 2470 predicti
1074 2383 1258 2448 Willelmus
1275 2394 1310 2448 et
1324 2384 1453 2449 Amicia

347 2497 613 2551 summoueantur
626 2486 713 2572 quod
728 2487 794 2550 sint
811 2485 955 2552 audituri
970 2486 1128 2551 iudicium
1142 2509 1238 2551 suum
1258 2487 1294 2551 in
1312 2488 1453 2552 crastino

346 2590 546 2654 Animarum.

411 2693 620 2777 ‘Preceptum
636 2691 700 2756 fuit
715 2691 899 2756 uicccomiti
916 2691 1001 2778 quod
1016 2701 1236 2757 summoueret
1248 2692 1451 2758 Willelmum

346 2797 387 2863 de
411 2796 604 2862 Siffrawall'⁶
627 2796 712 2882 quod
735 2797 837 2861 esset⁶
857 2797 963 2862 iustic'
982 2797 1025 2862 ad
1046 2796 1305 2882 respondendum
1327 2797 1451 2862 Thome

346 2903 467 2967 Treuet
482 2901 549 2966 filio
564 2909 598 2966 et
613 2901 725 2966 heredi
740 2901 839 2965 Alani
853 2901 894 2965 de
910 2901 1076 2988 Hertring’
1092 2900 1133 2965 de
1148 2923 1215 2965 una
1235 2901 1349 2987 uirgat
1365 2910 1452 2966 terre

345 3031 419 3072 cum
434 3016 514 3093 pert.
530 3007 565 3071 in
580 3005 761 3070 Mamstede
776 3029 874 3093 quam
889 3006 1008 3071 clamat
1023 3029 1135 3070 uersus
1150 3029 1226 3071 eum
1240 3029 1299 3092 per
1317 3006 1451 3071 assisam

344 3110 457 3174 mortis
477 3109 685 3174 antecessoris
705 3117 739 3173 et
760 3108 846 3194 quod
868 3117 1087 3173 summoueret
1108 3109 1283 3173 Ricardum
1303 3108 1344 3173 de
1365 3110 1451 3174 Her-

345 3212 425 3300 ting'
444 3213 530 3298 quod
549 3220 634 3276 essct
653 3234 760 3276 coram
780 3211 902 3276 eisdem
923 3211 1107 3276 iusticiariis
1129 3211 1170 3276 ad
1191 3210 1451 3297 respondendum

345 3317 450 3381 eidem
480 3317 602 3381 Thome
631 3315 672 3380 de
698 3315 817 3402 placito
840 3315 919 3402 quid
947 3316 1028 3381 iuris
1050 3315 1153 3404 exigit
1170 3316 1210 3388 111
1232 3316 1345 3381 eadem
1367 3318 1450 3405 uirg.

344 3428 429 3484 terre
451 3427 511 3484 etc.
557 3419 748 3483 Mandatum
769 3417 831 3483 fuit
852 3419 954 3483 eciam
975 3419 1117 3483 Henrico
1137 3418 1177 3483 de
1199 3419 1377 3484 Scaccsrio'
1392 3422 1451 3507 qui

344 3522 514 3588 constituti
544 3524 675 3587 fuerunt
704 3523 874 3588 iustician'i
902 3523 944 3588 ad
973 3523 1105 3587 assisam
1135 3523 1324 3608 capiendam
1350 3547 1449 3610 quam

345 3627 507 3714 predictus
536 3627 693 3692 Ricardus
722 3627 910 3691 arramiauit
939 3649 1052 3692 uersus
1081 3626 1264 3713 predictum
1290 3627 1448 3692 Thomam

343 3732 429 3818 quod
444 3730 555 3795 uenire
576 3731 718 3795 facerent
738 3753 809 3794 eam
824 3729 962 3794 'assisam
983 3752 1089 3794 coram
1109 3729 1243 3815 prefatis
1265 3729 1451 3796 iusticiariis

342 3833 431 3920 apud
460 3833 802 3898 westmonasterium⁸
823 3844 876 3900 etc.
899 3835 986 3899 unde
1016 3835 1103 3899 idem
1134 3833 1273 3899 Thomas
1302 3834 1451 3920 queritur

343 3937 429 4024 quod
448 3945 560 4002 contra
578 3944 766 4022 preceptum
786 3936 879 4002 Dom.
895 3937 995 4023 Regis
1014 3937 1151 4022 predicti
1165 3936 1335 4001 iusticiarii
1354 3960 1449 4023 cepe-

342 4048 420 4103 runt
439 4036 617 4124 predictam
638 4037 771 4102 assisam
791 4039 905 4103 mortis
926 4037 1136 4103 antecessoris
1156 4038 1244 4103 iuter
1265 4038 1450 4124 predictum

373 4183 382 4215 ¹
401 4182 452 4231 For
474 4181 528 4231 this
549 4183 615 4232 term
632 4182 781 4233 A=Ooram
798 4181 867 4246 Rege
950 4183 961 4215 ⁵
979 4184 1139 4246 Siffrawast'‚
1151 4183 1181 4230 Α.

341 4247 408 4305 nou.
420 4247 469 4296 No.
481 4249 520 4298 37.
950 4248 961 4280 ⁶
978 4249 1041 4310 Sup.
1052 4263 1144 4307 coram,
1156 4249 1186 4298 Δ.

372 4312 428 4360 Ἀ.
440 4327 476 4361 m.
488 4315 510 4362 3.
950 4313 1040 4376 ⁷Sup.
1066 4315 1128 4363 Rot.
1151 4314 1181 4362 de
1203 4314 1300 4362 Aimm
1321 4319 1346 4361 et
1370 4316 1452 4365 sociis

372 4379 382 4410 ⁸
399 4379 513 4432 Nouate,
524 4377 554 4428 A.
918 4381 979 4440 suia,
992 4378 1022 4428 A.

372 4443 382 4474 ⁴
398 4441 429 4490 A.
442 4455 476 4489 m.
490 4443 513 4491 3.
776 4475 778 4480 -
951 4444 962 4477 ⁸
979 4445 1041 4506 Sup.
1054 4444 1088 4492 ad
1101 4444 1231 4493 terminum
1243 4443 1327 4504 istum,
1340 4443 1372 4490 Δ.
