3342 5217
489 436 629 497 armar,
651 436 715 486 An.
741 422 833 497 1224,
857 436 921 486 nn
945 425 974 487 8.
1214 424 1274 485 181

174 604 336 690 predictus
351 605 513 670 Robertus
527 605 609 670 obiit
623 605 753 671 scisitus
768 613 807 670 ut
827 613 1059 693 recognoscunt
1079 627 1139 670 nec
1157 613 1276 670 tenum
1289 619 1410 705 §3335

175 709 250 774 dare
272 709 381 795 potuit
403 709 496 773 uxori
518 731 576 774 suc
598 708 836 773 consideratum
859 717 910 774 est
933 709 1019 794 quod
1040 709 1209 774 Walterus
1227 731 1276 774 re·
1288 712 1440 798 ffi‘ggg·

174 815 343 900 cuperauit
358 814 509 879 saisinam
525 822 559 879 et
575 813 737 878 Robertus
752 813 786 877 in
801 813 1025 878 misericordia.
1288 808 1440 892 maor,

239 917 350 982 Assisa
379 918 473 981 uenit
498 916 704 1002 recognitura
725 916 753 980 si
778 916 902 1002 Helyas
923 915 1010 981 filius
1032 916 1163 981 Osberti
1183 925 1278 1002 pater
1329 939 1400 979 aas

175 1020 319 1099 Olaricie,
349 1020 474 1096 Anicia
504 1019 664 1096 Roheisie‚
694 1028 729 1084 et
763 1019 941 1084 Milisantie
978 1019 1042 1084 fuit
1077 1019 1207 1085 scisitus
1242 1019 1278 1084 in

175 1123 334 1188 dominico
356 1146 414 1188 suo
437 1132 476 1188 ut
497 1122 537 1188 de
560 1123 653 1187 feodo
675 1123 715 1188 de
738 1122 865 1188 duabus
886 1122 1035 1208 partibus
1057 1147 1108 1187 xx.
1132 1145 1279 1188 acrarum
1386 1177 1389 1180 .

174 1237 258 1292 terre
273 1251 347 1292 cum
362 1236 442 1314 pert.
464 1227 499 1292 in
522 1226 684 1291 Famham
703 1227 755 1291 die
780 1249 844 1312 quo
862 1226 944 1291 obiit
959 1235 1018 1291 etc.
1042 1249 1140 1312 quam
1159 1234 1279 1291 terram

175 1332 361 1397 Gilebertus
382 1332 541 1418 Anglicus
563 1340 664 1409 tonet,
690 1331 748 1417 qui
772 1330 865 1396 uenit
890 1338 925 1395 et
948 1331 1049 1396 nichil
1074 1331 1154 1396 dicit
1179 1353 1279 1418 quare

174 1434 274 1500 assisa
288 1443 461 1500 remaneat.

240 1539 408 1603 Juratores
437 1537 551 1603 dicunt
580 1537 667 1624 quod
696 1513 834 1623 Helyas¹
849 1537 931 1602 obiit
961 1537 1091 1603 scisitus
1119 1537 1160 1602 de
1191 1547 1278 1603 terra
1292 1538 1428 1625 ffifflff

173 1644 240 1722 illa,
255 1652 290 1706 et
304 1643 390 1728 quod
410 1643 497 1706 idem
520 1641 706 1707 Gilebertus
725 1641 899 1727 aliquando
921 1642 1027 1707 uoluit
1049 1642 1183 1728 probare
1203 1665 1279 1708 eum
1292 1643 1443 1719 ffiffin
1494 1703 1496 1708 s

174 1747 217 1812 ad
231 1747 391 1811 uillanum
407 1754 442 1811 et
456 1769 521 1810 non
536 1745 677 1811 conuicit
692 1767 767 1810 eum
782 1745 823 1810 ad
840 1745 997 1809 uillanum
1012 1755 1047 1810 et
1061 1746 1144 1811 benc
1164 1746 1278 1812 dicunt
1290 1731 1442 1812 iouffuu'i‘oim

174 1849 262 1935 quod
284 1849 438 1935 predicte·
452 1848 598 1924 Olarioia
620 1848 745 1924 Anicia,
767 1847 928 1925 Roheisia,
944 1855 978 1912 et
1000 1847 1180 1914 Milisantia
1200 1858 1277 1914 sunt
1290 1824 1427 1906 ffiff'

174 1954 241 2017 filie
257 1952 401 2018 eiusdem
416 1961 451 2017 ct
470 1952 613 2030 heredes
629 1959 663 2016 et
682 1951 755 2016 ideo
775 1951 1012 2016 consideratum
1035 1962 1085 2016 est
1105 1952 1191 2038 quod
1207 1954 1276 2038 ipse
1290 1912 1443 2054 ἓξὲξ

173 2155 287 2219 bertus
302 2154 336 2218 in
351 2153 576 2232 misericordia,
591 2161 625 2217 et
640 2153 793 2239 loquatur
805 2174 919 2216 uersus
938 2175 992 2216 ees
1012 2152 1053 2217 dc
1067 2153 1231 2240 uilenagio
1249 2153 1277 2218 si
1291 2194 1377 2234 „m
1385 2157 1416 2232 ξ..

174 2258 325 2323 uoluerit.
370 2257 414 2322 Et
437 2257 587 2322 similiter
614 2255 775 2321 Beatricia
802 2277 885 2320 uxor
912 2255 1058 2320 eiusdem
1082 2256 1188 2342 Helyc
1214 2279 1277 2342 que
1291 2240 1438 2327 ΜΨ

236 2363 256 2376 ,.
379 2362 387 2375 .
1291 2334 1442 2384 qualemn-tor

174 2371 275 2448 pecut
309 2370 443 2427 terclam
471 2371 598 2447 partem
627 2385 678 2426 xx.
709 2384 855 2426 acrarum
884 2370 969 2426 terre
996 2385 1109 2426 uersus
1137 2361 1277 2427 eundem
1289 2379 1442 2475 mm

174 2467 381 2532 Gilebertum
396 2474 431 2530 et
450 2465 537 2530 unde
559 2465 687 2550 loquela
706 2465 862 2530 remansit
881 2488 978 2552 super
997 2466 1116 2530 iudicio
1136 2466 1278 2553 eoquod
1290 2475 1422 2561 ffffi*

174 2568 375 2634 summonita
410 2568 474 2633 fuit
503 2567 602 2632 assisa
631 2576 690 2633 etc.
724 2591 892 2653 quousque
921 2569 1107 2632 conuictum
1136 2578 1221 2634 esset
1342 2568 1347 2578 ’

175 2671 259 2736 obiit
273 2671 403 2736 saisitus
417 2670 459 2735 de
474 2671 575 2748 feodo,
590 2671 710 2735 habeat
724 2671 875 2735 similiter
888 2670 999 2736 dotem
1014 2671 1134 2738 suum⁸.

67 2815 75 2828 ·
101 2801 118 2858 '.
243 2774 410 2838 Johannes
429 2773 516 2838 filius
536 2773 668 2837 Patricii
686 2772 773 2858 petit
793 2795 906 2838 uersus
927 2773 1092 2839 Abbatem
1112 2774 1153 2839 de
1174 2775 1280 2840 S.A1-
1316 2776 1426 2820 Hm

175 2877 262 2941 bano
286 2899 383 2962 quem
407 2875 497 2940 Prior
522 2875 563 2940 de
593 2875 779 2940 Tinemino⁴
805 2876 937 2940 uocauit
966 2876 1008 2941 ad
1037 2885 1218 2942 warantum
1246 2885 1282 2941 et

175 2980 235 3066 qui
257 2980 289 3044 ei
306 2979 529 3044 warentizauit
552 2979 731 3043 manerium
754 2979 795 3043 de
817 2978 949 3046 Bellic’⁸
970 3003 1044 3044 curn
1066 2989 1146 3066 pert.
1170 2986 1209 3043 ut
1230 2979 1282 3044 ius

175 3105 274 3147 suurn
301 3089 361 3146 etc.
386 3080 474 3145 unde
501 3081 633 3166 quidam
656 3082 804 3168 Edgarus
826 3083 891 3146 fuit
913 3081 1043 3147 seisitus
1064 3091 1104 3146 ut
1126 3083 1166 3146 de
1189 3082 1282 3147 feodo

175 3195 213 3251 et
234 3186 305 3250 iure
328 3193 362 3248 et
384 3185 419 3248 in
443 3183 603 3248 dominico
630 3193 775 3270 tempore
802 3185 845 3252 H.
868 3184 968 3271 Regis
990 3185 1045 3249 aui
1067 3185 1159 3249 Dom.
1184 3185 1283 3271 Regis

174 3287 335 3374 capiendo
350 3287 425 3351 inde
441 3286 572 3372 expleta
585 3287 627 3351 ad
642 3287 823 3352 ualenciam
844 3311 868 3352 c.
890 3289 945 3353 sol.
966 3297 1001 3353 et
1020 3289 1062 3353 de
1079 3288 1135 3352 illo
1156 3288 1283 3374 Edgaro

174 3391 346 3458 descendit
374 3391 426 3455 ius
455 3399 540 3454 terre
567 3391 655 3455 illius
680 3390 820 3455 Patricio
846 3391 913 3456 filio
936 3413 994 3455 suo
1019 3399 1055 3455 et
1079 3389 1120 3455 de
1144 3390 1283 3455 Patricio

174 3495 286 3560 eidem
301 3494 324 3558 J
325 3493 444 3558 ohanni
459 3502 494 3558 ct
508 3493 595 3578 quod
612 3495 660 3558 ita
679 3494 723 3559 sit
741 3495 835 3559 offert
852 3503 912 3560 etc.
933 3494 1068 3580 probare
1088 3494 1172 3559 sicut
1193 3493 1284 3558 ouria

174 3596 436 3662 considerauerit
480 3596 593 3661 Abbas
608 3597 701 3661 uenit
716 3606 751 3661 et
765 3597 912 3662 defendit
926 3598 977 3662 ius
991 3619 1087 3662 suurn
1103 3606 1163 3663 etc.
1204 3597 1282 3662 Post
1314 3595 1428 3636 'uffidm

1296 3668 1352 3707 Nota
1359 3665 1416 3715 quod

175 3721 218 3764 ea
240 3699 277 3762 in
298 3698 440 3763 crastino
458 3697 651 3764 Animarum
672 3723 756 3765 anno
776 3700 827 3765 ix⁰.
848 3701 925 3786 quia
942 3701 1035 3765 Dom
1059 3702 1130 3765 Rex
1152 3701 1194 3765 H.
1218 3707 1282 3765 tes·
1296 3717 1428 3801 3305?AE

175 3813 271 3868 tatur
299 3803 334 3866 in
363 3811 453 3868 cama
481 3825 541 3868 sua
569 3802 656 3889 quod
684 3804 833 3891 Edgarus
870 3805 935 3869 ten’
965 3813 1085 3869 terram
1122 3803 1212 3869 illam
1247 3804 1283 3868 in
1297 3809 1425 3894 {anm

174 3907 252 3971 uita
280 3927 340 3970 sua
367 3905 410 3970 ad
438 3905 566 3971 firmam
592 3914 627 3970 et
653 3905 740 3993 quod
762 3906 823 3971 hoc
848 3905 1052 3993 recognitum
1075 3905 1140 3969 fuit
1165 3914 1225 3970 etc.
1249 3912 1284 3969 et
1297 3899 1442 3986 ”m

1297 3959 1392 4034 inertum
1399 4003 1438 4032 nec

1298 4050 1414 4088 magmu-

209 4111 220 4144 ¹
238 4109 304 4160 This
323 4125 382 4162 oasa
400 4110 423 4162 is
440 4111 508 4162 cited
529 4111 563 4176 by
585 4113 708 4173 Bronton,
791 4115 922 4164 ⁵Bewict
944 4112 973 4163 in
984 4111 1222 4164 Northumberland
1235 4111 1266 4227 g)
1298 4085 1359 4128 '¹⁸⁸⁰'

174 4177 196 4226 s.
209 4177 252 4228 29.
791 4178 868 4230 ⁶See
884 4179 929 4228 Bt.
947 4179 966 4230 1.
986 4181 1033 4237 ³4;
1055 4178 1167 4228 tharsis
1184 4193 1219 4226 no

210 4239 342 4292 ’swas
357 4241 404 4292 193
416 4241 442 4302 b,
454 4243 502 4293 273
514 4241 540 4292 b.
759 4243 853 4308 puting
869 4259 885 4294 s
902 4245 974 4306 royal
990 4244 1102 4294 oharter.
1137 4242 1247 4292 enarrer
1261 4241 1289 4292 of

209 4305 312 4356 ’Gom
325 4322 406 4356 mnu
759 4309 831 4358 John
858 4313 886 4358 to
915 4309 1081 4372 Tynemouth
1103 4308 1201 4372 Priory.
1226 4307 1287 4357 Rot.

210 4372 221 4404 ⁴
239 4371 313 4420 Corr.
323 4373 454 4431 Tiamou
465 4371 708 4436 Tynemouthaooll
760 4374 939 4438 Curt.p.120.
1390 4387 1395 4395 ·

174 4438 207 4488 of
218 4437 245 4488 S.
260 4435 370 4496 Albana
388 4437 501 4488 Monost.
513 4439 563 4488 vol.
576 4441 599 4497 3,
611 4453 636 4502 p.
650 4441 706 4490 302.

1253 4191 1286 4226 18·
