<?xml version="1.0" encoding="UTF-8"?>
<!DOCTYPE html PUBLIC "-//W3C//DTD XHTML 1.0 Transitional//EN"
    "http://www.w3.org/TR/xhtml1/DTD/xhtml1-transitional.dtd">
<html xmlns="http://www.w3.org/1999/xhtml" xml:lang="en" lang="en">
 <head>
  <title>
</title>
<meta http-equiv="Content-Type" content="text/html;charset=utf-8" />
  <meta name='ocr-system' content='tesseract 3.04.00' />
  <meta name='ocr-capabilities' content='ocr_page ocr_carea ocr_par ocr_line ocrx_word'/>
</head>
<body>
  <div class='ocr_page' id='page_1' title='image "bractonsnoteboo01maitgoog_0612.png"; bbox 0 0 3342 5217; ppageno 0'>
   <div class='ocr_carea' id='block_1_1' title="bbox 583 7 1025 72">
    <p class='ocr_par' dir='ltr' id='par_1_1' title="bbox 583 7 1025 72">
     <span class='ocr_line' id='line_1_1' title="bbox 583 7 1025 72; baseline 0 -15"><span class='ocrx_word' id='word_1_1' title='bbox 583 7 819 71; x_wconf 74' lang='lat' dir='ltr'>monimum,</span> <span class='ocrx_word' id='word_1_2' title='bbox 842 7 907 59; x_wconf 68' lang='lat' dir='ltr'>nn.</span> <span class='ocrx_word' id='word_1_3' title='bbox 961 7 965 24; x_wconf 59' lang='lat'>²</span> <span class='ocrx_word' id='word_1_4' title='bbox 1017 44 1025 72; x_wconf 93' lang='lat'><em>,</em></span> 
     </span>
    </p>
   </div>
   <div class='ocr_carea' id='block_1_2' title="bbox 364 178 1485 3282">
    <p class='ocr_par' dir='ltr' id='par_1_2' title="bbox 372 178 1485 684">
     <span class='ocr_line' id='line_1_2' title="bbox 372 178 1485 267; baseline 0 -24"><span class='ocrx_word' id='word_1_5' title='bbox 372 178 488 244; x_wconf 89' lang='lat' dir='ltr'>debuit</span> <span class='ocrx_word' id='word_1_6' title='bbox 502 179 640 267; x_wconf 83' lang='lat' dir='ltr'>singulis</span> <span class='ocrx_word' id='word_1_7' title='bbox 654 179 748 244; x_wconf 84' lang='lat' dir='ltr'>annis</span> <span class='ocrx_word' id='word_1_8' title='bbox 762 200 814 244; x_wconf 84' lang='lat' dir='ltr'>xx.</span> <span class='ocrx_word' id='word_1_9' title='bbox 826 179 892 256; x_wconf 72' lang='lat' dir='ltr'>sol„</span> <span class='ocrx_word' id='word_1_10' title='bbox 903 185 939 243; x_wconf 89' lang='lat' dir='ltr'>et</span> <span class='ocrx_word' id='word_1_11' title='bbox 953 178 1040 243; x_wconf 89' lang='lat' dir='ltr'>unde</span> <span class='ocrx_word' id='word_1_12' title='bbox 1055 179 1198 245; x_wconf 87' lang='lat' dir='ltr'>reddidit</span> <span class='ocrx_word' id='word_1_13' title='bbox 1213 180 1244 245; x_wconf 89' lang='lat' dir='ltr'>ei</span> <span class='ocrx_word' id='word_1_14' title='bbox 1257 203 1315 266; x_wconf 86' lang='lat' dir='ltr'>pre</span> <span class='ocrx_word' id='word_1_15' title='bbox 1331 179 1485 244; x_wconf 79' lang='lat' dir='ltr'>manibus</span> 
     </span>
     <span class='ocr_line' id='line_1_3' title="bbox 372 282 1484 373; baseline -0.001 -24"><span class='ocrx_word' id='word_1_16' title='bbox 372 282 537 349; x_wconf 85' lang='lat' dir='ltr'>redditum</span> <span class='ocrx_word' id='word_1_17' title='bbox 552 286 593 371; x_wconf 84' lang='lat' dir='ltr'>vj.</span> <span class='ocrx_word' id='word_1_18' title='bbox 609 306 776 363; x_wconf 85' lang='lat' dir='ltr'>annorum,</span> <span class='ocrx_word' id='word_1_19' title='bbox 791 291 843 348; x_wconf 89' lang='lat' dir='ltr'>set</span> <span class='ocrx_word' id='word_1_20' title='bbox 861 283 962 349; x_wconf 81' lang='lat' dir='ltr'>nichil</span> <span class='ocrx_word' id='word_1_21' title='bbox 982 283 1059 348; x_wconf 90' lang='lat' dir='ltr'>inde</span> <span class='ocrx_word' id='word_1_22' title='bbox 1079 283 1231 362; x_wconf 75' lang='lat' dir='ltr'>ostendit,</span> <span class='ocrx_word' id='word_1_23' title='bbox 1246 284 1484 373; x_wconf 73' lang='lat' dir='ltr'>cyrogmphum</span> 
     </span>
     <span class='ocr_line' id='line_1_4' title="bbox 372 390 1485 478; baseline 0.001 -24"><span class='ocrx_word' id='word_1_24' title='bbox 372 412 432 454; x_wconf 89' lang='lat' dir='ltr'>nec</span> <span class='ocrx_word' id='word_1_25' title='bbox 446 391 610 477; x_wconf 85' lang='lat' dir='ltr'>scriptum.</span> <span class='ocrx_word' id='word_1_26' title='bbox 657 391 701 455; x_wconf 86' lang='lat' dir='ltr'>Et</span> <span class='ocrx_word' id='word_1_27' title='bbox 723 390 800 477; x_wconf 85' lang='lat' dir='ltr'>quia</span> <span class='ocrx_word' id='word_1_28' title='bbox 821 390 921 456; x_wconf 87' lang='lat' dir='ltr'>breue</span> <span class='ocrx_word' id='word_1_29' title='bbox 943 414 1008 455; x_wconf 91' lang='lat' dir='ltr'>non</span> <span class='ocrx_word' id='word_1_30' title='bbox 1031 391 1176 477; x_wconf 88' lang='lat' dir='ltr'>loquitur</span> <span class='ocrx_word' id='word_1_31' title='bbox 1197 391 1238 457; x_wconf 90' lang='lat' dir='ltr'>de</span> <span class='ocrx_word' id='word_1_32' title='bbox 1260 392 1369 478; x_wconf 84' lang='lat' dir='ltr'>aliquo</span> <span class='ocrx_word' id='word_1_33' title='bbox 1391 400 1485 457; x_wconf 90' lang='lat' dir='ltr'>tene-</span> 
     </span>
     <span class='ocr_line' id='line_1_5' title="bbox 373 493 1484 581; baseline 0.001 -23"><span class='ocrx_word' id='word_1_34' title='bbox 373 503 492 571; x_wconf 86' lang='lat' dir='ltr'>mento,</span> <span class='ocrx_word' id='word_1_35' title='bbox 520 516 580 559; x_wconf 90' lang='lat' dir='ltr'>nec</span> <span class='ocrx_word' id='word_1_36' title='bbox 616 493 727 573; x_wconf 87' lang='lat' dir='ltr'>libero,</span> <span class='ocrx_word' id='word_1_37' title='bbox 756 515 816 558; x_wconf 90' lang='lat' dir='ltr'>nec</span> <span class='ocrx_word' id='word_1_38' title='bbox 845 493 916 572; x_wconf 85' lang='lat' dir='ltr'>alio,</span> <span class='ocrx_word' id='word_1_39' title='bbox 946 493 1019 559; x_wconf 92' lang='lat' dir='ltr'>ideo</span> <span class='ocrx_word' id='word_1_40' title='bbox 1048 494 1286 560; x_wconf 83' lang='lat' dir='ltr'>consideratum</span> <span class='ocrx_word' id='word_1_41' title='bbox 1315 504 1366 560; x_wconf 86' lang='lat' dir='ltr'>est</span> <span class='ocrx_word' id='word_1_42' title='bbox 1395 494 1484 581; x_wconf 90' lang='lat' dir='ltr'>quod</span> 
     </span>
     <span class='ocr_line' id='line_1_6' title="bbox 372 597 1467 684; baseline 0.002 -23"><span class='ocrx_word' id='word_1_43' title='bbox 372 597 529 663; x_wconf 73' lang='lat' dir='ltr'>Ricaidus</span> <span class='ocrx_word' id='word_1_44' title='bbox 544 598 675 684; x_wconf 92' lang='lat' dir='ltr'>quietus</span> <span class='ocrx_word' id='word_1_45' title='bbox 689 597 729 662; x_wconf 90' lang='lat' dir='ltr'>de</span> <span class='ocrx_word' id='word_1_46' title='bbox 745 598 805 663; x_wconf 91' lang='lat' dir='ltr'>hoc</span> <span class='ocrx_word' id='word_1_47' title='bbox 818 597 927 675; x_wconf 91' lang='lat' dir='ltr'>breue,</span> <span class='ocrx_word' id='word_1_48' title='bbox 943 605 977 662; x_wconf 89' lang='lat' dir='ltr'>et</span> <span class='ocrx_word' id='word_1_49' title='bbox 992 598 1176 664; x_wconf 86' lang='lat' dir='ltr'>Willelmus</span> <span class='ocrx_word' id='word_1_50' title='bbox 1191 599 1225 664; x_wconf 92' lang='lat' dir='ltr'>in</span> <span class='ocrx_word' id='word_1_51' title='bbox 1240 598 1467 664; x_wconf 71' lang='lat' dir='ltr'>misericordia</span> 
     </span>
    </p>

    <p class='ocr_par' dir='ltr' id='par_1_3' title="bbox 368 701 1484 1724">
     <span class='ocr_line' id='line_1_7' title="bbox 436 701 1483 791; baseline 0 -23"><span class='ocrx_word' id='word_1_52' title='bbox 436 701 616 768; x_wconf 82' lang='lat' dir='ltr'>¹Radulfus</span> <span class='ocrx_word' id='word_1_53' title='bbox 641 702 681 767; x_wconf 91' lang='lat' dir='ltr'>dc</span> <span class='ocrx_word' id='word_1_54' title='bbox 708 702 815 768; x_wconf 83' lang='lat' dir='ltr'>Lock&#39;</span> <span class='ocrx_word' id='word_1_55' title='bbox 840 702 1039 768; x_wconf 78' lang='lat' dir='ltr'>attachiatus</span> <span class='ocrx_word' id='word_1_56' title='bbox 1064 702 1196 768; x_wconf 82' lang='lat' dir='ltr'>suited</span> <span class='ocrx_word' id='word_1_57' title='bbox 1221 703 1483 791; x_wconf 86' lang='lat' dir='ltr'>respondendum</span> 
     </span>
     <span class='ocr_line' id='line_1_8' title="bbox 372 807 1483 893; baseline 0.002 -22"><span class='ocrx_word' id='word_1_58' title='bbox 372 808 535 872; x_wconf 89' lang='lat' dir='ltr'>Willelmo</span> <span class='ocrx_word' id='word_1_59' title='bbox 549 808 590 872; x_wconf 92' lang='lat' dir='ltr'>de</span> <span class='ocrx_word' id='word_1_60' title='bbox 606 807 693 872; x_wconf 91' lang='lat' dir='ltr'>Dun’</span> <span class='ocrx_word' id='word_1_61' title='bbox 708 829 807 893; x_wconf 86' lang='lat' dir='ltr'>quare</span> <span class='ocrx_word' id='word_1_62' title='bbox 822 830 888 871; x_wconf 93' lang='lat' dir='ltr'>non</span> <span class='ocrx_word' id='word_1_63' title='bbox 903 815 996 872; x_wconf 88' lang='lat' dir='ltr'>tenet</span> <span class='ocrx_word' id='word_1_64' title='bbox 1011 807 1042 872; x_wconf 91' lang='lat' dir='ltr'>ei</span> <span class='ocrx_word' id='word_1_65' title='bbox 1061 808 1310 873; x_wconf 90' lang='lat' dir='ltr'>conuentionem</span> <span class='ocrx_word' id='word_1_66' title='bbox 1324 808 1412 873; x_wconf 80' lang='lat' dir='ltr'>inter</span> <span class='ocrx_word' id='word_1_67' title='bbox 1426 830 1483 873; x_wconf 90' lang='lat' dir='ltr'>cos</span> 
     </span>
     <span class='ocr_line' id='line_1_9' title="bbox 370 910 1483 999; baseline 0.001 -23"><span class='ocrx_word' id='word_1_68' title='bbox 370 913 490 977; x_wconf 84' lang='lat' dir='ltr'>factem</span> <span class='ocrx_word' id='word_1_69' title='bbox 510 913 550 978; x_wconf 91' lang='lat' dir='ltr'>de</span> <span class='ocrx_word' id='word_1_70' title='bbox 570 913 612 977; x_wconf 83' lang='lat' dir='ltr'>xl.</span> <span class='ocrx_word' id='word_1_71' title='bbox 628 912 710 977; x_wconf 87' lang='lat' dir='ltr'>acris</span> <span class='ocrx_word' id='word_1_72' title='bbox 729 919 815 977; x_wconf 81' lang='lat' dir='ltr'>terre</span> <span class='ocrx_word' id='word_1_73' title='bbox 834 934 910 976; x_wconf 88' lang='lat' dir='ltr'>cum</span> <span class='ocrx_word' id='word_1_74' title='bbox 930 920 1010 998; x_wconf 88' lang='lat' dir='ltr'>pert.</span> <span class='ocrx_word' id='word_1_75' title='bbox 1032 912 1066 976; x_wconf 92' lang='lat' dir='ltr'>in</span> <span class='ocrx_word' id='word_1_76' title='bbox 1087 911 1322 999; x_wconf 75' lang='lat' dir='ltr'>Herdingtona,</span> <span class='ocrx_word' id='word_1_77' title='bbox 1338 920 1372 977; x_wconf 88' lang='lat' dir='ltr'>et</span> <span class='ocrx_word' id='word_1_78' title='bbox 1393 910 1483 977; x_wconf 90' lang='lat' dir='ltr'>unde</span> 
     </span>
     <span class='ocr_line' id='line_1_10' title="bbox 370 1014 1484 1102; baseline -0.003 -20"><span class='ocrx_word' id='word_1_79' title='bbox 370 1018 518 1102; x_wconf 89' lang='lat' dir='ltr'>queritur</span> <span class='ocrx_word' id='word_1_80' title='bbox 532 1015 618 1101; x_wconf 92' lang='lat' dir='ltr'>quod</span> <span class='ocrx_word' id='word_1_81' title='bbox 632 1038 707 1080; x_wconf 87' lang='lat' dir='ltr'>cnm</span> <span class='ocrx_word' id='word_1_82' title='bbox 728 1014 915 1080; x_wconf 74' lang='lat' dir='ltr'>tradidisset</span> <span class='ocrx_word' id='word_1_83' title='bbox 935 1014 966 1079; x_wconf 92' lang='lat' dir='ltr'>ei</span> <span class='ocrx_word' id='word_1_84' title='bbox 986 1023 1105 1080; x_wconf 80' lang='lat' dir='ltr'>teriam</span> <span class='ocrx_word' id='word_1_85' title='bbox 1125 1015 1215 1080; x_wconf 82' lang='lat' dir='ltr'>illem</span> <span class='ocrx_word' id='word_1_86' title='bbox 1235 1015 1277 1080; x_wconf 88' lang='lat' dir='ltr'>ad</span> <span class='ocrx_word' id='word_1_87' title='bbox 1297 1015 1425 1080; x_wconf 89' lang='lat' dir='ltr'>firmam</span> <span class='ocrx_word' id='word_1_88' title='bbox 1446 1023 1484 1079; x_wconf 90' lang='lat' dir='ltr'>et</span> 
     </span>
     <span class='ocr_line' id='line_1_11' title="bbox 369 1118 1482 1205; baseline -0.001 -19"><span class='ocrx_word' id='word_1_89' title='bbox 369 1121 412 1186; x_wconf 83' lang='lat' dir='ltr'>od</span> <span class='ocrx_word' id='word_1_90' title='bbox 438 1121 614 1186; x_wconf 89' lang='lat' dir='ltr'>terminum</span> <span class='ocrx_word' id='word_1_91' title='bbox 640 1143 669 1185; x_wconf 93' lang='lat' dir='ltr'>v.</span> <span class='ocrx_word' id='word_1_92' title='bbox 691 1142 850 1184; x_wconf 90' lang='lat' dir='ltr'>annorum</span> <span class='ocrx_word' id='word_1_93' title='bbox 876 1142 935 1205; x_wconf 89' lang='lat' dir='ltr'>pro</span> <span class='ocrx_word' id='word_1_94' title='bbox 960 1118 1067 1204; x_wconf 82' lang='lat' dir='ltr'>xxxvj.</span> <span class='ocrx_word' id='word_1_95' title='bbox 1089 1120 1144 1184; x_wconf 88' lang='lat' dir='ltr'>sol.</span> <span class='ocrx_word' id='word_1_96' title='bbox 1167 1142 1369 1205; x_wconf 88' lang='lat' dir='ltr'>perannum</span> <span class='ocrx_word' id='word_1_97' title='bbox 1391 1120 1482 1185; x_wconf 90' lang='lat' dir='ltr'>idem</span> 
     </span>
     <span class='ocr_line' id='line_1_12' title="bbox 370 1221 1482 1311; baseline -0.002 -21"><span class='ocrx_word' id='word_1_98' title='bbox 370 1225 530 1290; x_wconf 78' lang='lat' dir='ltr'>Rednlfus</span> <span class='ocrx_word' id='word_1_99' title='bbox 544 1224 628 1288; x_wconf 83' lang='lat' dir='ltr'>infra</span> <span class='ocrx_word' id='word_1_100' title='bbox 641 1221 819 1287; x_wconf 87' lang='lat' dir='ltr'>terminum</span> <span class='ocrx_word' id='word_1_101' title='bbox 834 1245 930 1287; x_wconf 87' lang='lat' dir='ltr'>suum</span> <span class='ocrx_word' id='word_1_102' title='bbox 946 1222 1039 1288; x_wconf 91' lang='lat' dir='ltr'>uenit</span> <span class='ocrx_word' id='word_1_103' title='bbox 1059 1229 1094 1287; x_wconf 89' lang='lat' dir='ltr'>et</span> <span class='ocrx_word' id='word_1_104' title='bbox 1113 1222 1224 1310; x_wconf 83' lang='lat' dir='ltr'>exegit</span> <span class='ocrx_word' id='word_1_105' title='bbox 1244 1224 1416 1311; x_wconf 80' lang='lat' dir='ltr'>tallagium</span> <span class='ocrx_word' id='word_1_106' title='bbox 1437 1224 1482 1288; x_wconf 84' lang='lat' dir='ltr'>eb</span> 
     </span>
     <span class='ocr_line' id='line_1_13' title="bbox 370 1326 1483 1403; baseline 0 -10"><span class='ocrx_word' id='word_1_107' title='bbox 370 1329 555 1394; x_wconf 87' lang='lat' dir='ltr'>hominibus</span> <span class='ocrx_word' id='word_1_108' title='bbox 570 1337 688 1393; x_wconf 76' lang='lat' dir='ltr'>temam</span> <span class='ocrx_word' id='word_1_109' title='bbox 703 1327 794 1391; x_wconf 88' lang='lat' dir='ltr'>illam</span> <span class='ocrx_word' id='word_1_110' title='bbox 809 1326 1007 1403; x_wconf 88' lang='lat' dir='ltr'>tenentibus,</span> <span class='ocrx_word' id='word_1_111' title='bbox 1024 1334 1059 1391; x_wconf 89' lang='lat' dir='ltr'>et</span> <span class='ocrx_word' id='word_1_112' title='bbox 1074 1348 1128 1391; x_wconf 87' lang='lat' dir='ltr'>eos</span> <span class='ocrx_word' id='word_1_113' title='bbox 1142 1326 1333 1392; x_wconf 85' lang='lat' dir='ltr'>amerciauit</span> <span class='ocrx_word' id='word_1_114' title='bbox 1349 1336 1383 1393; x_wconf 91' lang='lat' dir='ltr'>et</span> <span class='ocrx_word' id='word_1_115' title='bbox 1404 1328 1483 1393; x_wconf 83' lang='lat' dir='ltr'>fena</span> 
     </span>
     <span class='ocr_line' id='line_1_14' title="bbox 368 1429 1480 1518; baseline 0 -23"><span class='ocrx_word' id='word_1_116' title='bbox 368 1431 445 1496; x_wconf 89' lang='lat' dir='ltr'>inde</span> <span class='ocrx_word' id='word_1_117' title='bbox 459 1431 639 1518; x_wconf 80' lang='lat' dir='ltr'>asportauit</span> <span class='ocrx_word' id='word_1_118' title='bbox 654 1438 689 1496; x_wconf 86' lang='lat' dir='ltr'>et</span> <span class='ocrx_word' id='word_1_119' title='bbox 703 1430 788 1494; x_wconf 79' lang='lat' dir='ltr'>infin</span> <span class='ocrx_word' id='word_1_120' title='bbox 802 1429 979 1494; x_wconf 87' lang='lat' dir='ltr'>terminum</span> <span class='ocrx_word' id='word_1_121' title='bbox 994 1452 1089 1495; x_wconf 85' lang='lat' dir='ltr'>suum</span> <span class='ocrx_word' id='word_1_122' title='bbox 1102 1438 1213 1495; x_wconf 88' lang='lat' dir='ltr'>contra</span> <span class='ocrx_word' id='word_1_123' title='bbox 1228 1430 1480 1496; x_wconf 88' lang='lat' dir='ltr'>conuentionem</span> 
     </span>
     <span class='ocr_line' id='line_1_15' title="bbox 368 1532 1480 1618; baseline 0.001 -20"><span class='ocrx_word' id='word_1_124' title='bbox 368 1534 468 1611; x_wconf 87' lang='lat' dir='ltr'>illam,</span> <span class='ocrx_word' id='word_1_125' title='bbox 484 1534 570 1600; x_wconf 92' lang='lat' dir='ltr'>unde</span> <span class='ocrx_word' id='word_1_126' title='bbox 584 1533 800 1599; x_wconf 83' lang='lat' dir='ltr'>deten‘oratus</span> <span class='ocrx_word' id='word_1_127' title='bbox 814 1540 866 1597; x_wconf 87' lang='lat' dir='ltr'>est</span> <span class='ocrx_word' id='word_1_128' title='bbox 881 1540 915 1597; x_wconf 89' lang='lat' dir='ltr'>et</span> <span class='ocrx_word' id='word_1_129' title='bbox 930 1532 1108 1618; x_wconf 78' lang='lat' dir='ltr'>dampnum</span> <span class='ocrx_word' id='word_1_130' title='bbox 1124 1532 1224 1597; x_wconf 84' lang='lat' dir='ltr'>habet</span> <span class='ocrx_word' id='word_1_131' title='bbox 1239 1532 1280 1597; x_wconf 86' lang='lat' dir='ltr'>ad</span> <span class='ocrx_word' id='word_1_132' title='bbox 1296 1534 1480 1599; x_wconf 81' lang='lat' dir='ltr'>ualenciam</span> 
     </span>
     <span class='ocr_line' id='line_1_16' title="bbox 368 1634 491 1724; baseline -0.016 -21"><span class='ocrx_word' id='word_1_133' title='bbox 368 1660 393 1703; x_wconf 85' lang='lat' dir='ltr'>c</span> <span class='ocrx_word' id='word_1_134' title='bbox 410 1638 463 1702; x_wconf 85' lang='lat' dir='ltr'>sol.</span> <span class='ocrx_word' id='word_1_135' title='bbox 486 1634 491 1724; x_wconf 90' lang='grc' dir='ltr'>Ι</span> 
     </span>
    </p>

    <p class='ocr_par' dir='ltr' id='par_1_4' title="bbox 365 1738 1482 2969">
     <span class='ocr_line' id='line_1_17' title="bbox 435 1738 1482 1827; baseline 0.001 -21"><span class='ocrx_word' id='word_1_136' title='bbox 435 1743 478 1806; x_wconf 89' lang='lat' dir='ltr'>Et</span> <span class='ocrx_word' id='word_1_137' title='bbox 497 1741 658 1806; x_wconf 77' lang='lat' dir='ltr'>Redulfus</span> <span class='ocrx_word' id='word_1_138' title='bbox 678 1740 770 1805; x_wconf 87' lang='lat' dir='ltr'>uenit</span> <span class='ocrx_word' id='word_1_139' title='bbox 791 1747 826 1804; x_wconf 88' lang='lat' dir='ltr'>et</span> <span class='ocrx_word' id='word_1_140' title='bbox 848 1738 1012 1827; x_wconf 82' lang='lat' dir='ltr'>cognoscit</span> <span class='ocrx_word' id='word_1_141' title='bbox 1026 1739 1282 1805; x_wconf 89' lang='lat' dir='ltr'>&#39;conuentionem</span> <span class='ocrx_word' id='word_1_142' title='bbox 1305 1749 1340 1805; x_wconf 86' lang='lat' dir='ltr'>et</span> <span class='ocrx_word' id='word_1_143' title='bbox 1361 1750 1482 1821; x_wconf 88' lang='lat' dir='ltr'>totum,</span> 
     </span>
     <span class='ocr_line' id='line_1_18' title="bbox 369 1840 1482 1930; baseline 0.003 -22"><span class='ocrx_word' id='word_1_144' title='bbox 369 1851 404 1908; x_wconf 87' lang='lat' dir='ltr'>et</span> <span class='ocrx_word' id='word_1_145' title='bbox 418 1842 499 1909; x_wconf 92' lang='lat' dir='ltr'>dicit</span> <span class='ocrx_word' id='word_1_146' title='bbox 513 1843 600 1930; x_wconf 91' lang='lat' dir='ltr'>quod</span> <span class='ocrx_word' id='word_1_147' title='bbox 613 1842 688 1907; x_wconf 81' lang='lat' dir='ltr'>talis</span> <span class='ocrx_word' id='word_1_148' title='bbox 704 1842 766 1907; x_wconf 86' lang='lat' dir='ltr'>fuit</span> <span class='ocrx_word' id='word_1_149' title='bbox 781 1840 955 1907; x_wconf 90' lang='lat' dir='ltr'>conuentio</span> <span class='ocrx_word' id='word_1_150' title='bbox 974 1840 1062 1906; x_wconf 91' lang='lat' dir='ltr'>inter</span> <span class='ocrx_word' id='word_1_151' title='bbox 1081 1864 1135 1907; x_wconf 86' lang='lat' dir='ltr'>eos</span> <span class='ocrx_word' id='word_1_152' title='bbox 1150 1841 1236 1928; x_wconf 90' lang='lat' dir='ltr'>quod</span> <span class='ocrx_word' id='word_1_153' title='bbox 1251 1843 1278 1907; x_wconf 89' lang='lat' dir='ltr'>si</span> <span class='ocrx_word' id='word_1_154' title='bbox 1293 1842 1482 1911; x_wconf 88' lang='lat' dir='ltr'>Willelmus</span> 
     </span>
     <span class='ocr_line' id='line_1_19' title="bbox 369 1946 1480 2034; baseline 0.001 -21"><span class='ocrx_word' id='word_1_155' title='bbox 369 1948 448 2014; x_wconf 83' lang='lat' dir='ltr'>non&#39;</span> <span class='ocrx_word' id='word_1_156' title='bbox 463 1955 590 2013; x_wconf 87' lang='lat' dir='ltr'>teneret</span> <span class='ocrx_word' id='word_1_157' title='bbox 605 1947 760 2012; x_wconf 85' lang='lat' dir='ltr'>terminos</span> <span class='ocrx_word' id='word_1_158' title='bbox 775 1969 849 2011; x_wconf 87' lang='lat' dir='ltr'>suos</span> <span class='ocrx_word' id='word_1_159' title='bbox 864 1946 951 2033; x_wconf 92' lang='lat' dir='ltr'>quod</span> <span class='ocrx_word' id='word_1_160' title='bbox 965 1946 1048 2012; x_wconf 89' lang='lat' dir='ltr'>bene</span> <span class='ocrx_word' id='word_1_161' title='bbox 1069 1946 1181 2012; x_wconf 87' lang='lat' dir='ltr'>liceret</span> <span class='ocrx_word' id='word_1_162' title='bbox 1201 1947 1342 2012; x_wconf 83' lang='lat' dir='ltr'>Radulfo</span> <span class='ocrx_word' id='word_1_163' title='bbox 1357 1970 1480 2034; x_wconf 86' lang='lat' dir='ltr'>ponere</span> 
     </span>
     <span class='ocr_line' id='line_1_20' title="bbox 368 2050 1482 2119; baseline -0.001 0"><span class='ocrx_word' id='word_1_164' title='bbox 368 2075 402 2118; x_wconf 88' lang='lat' dir='ltr'>se</span> <span class='ocrx_word' id='word_1_165' title='bbox 423 2054 459 2119; x_wconf 92' lang='lat' dir='ltr'>in</span> <span class='ocrx_word' id='word_1_166' title='bbox 481 2062 601 2119; x_wconf 83' lang='lat' dir='ltr'>terram</span> <span class='ocrx_word' id='word_1_167' title='bbox 623 2052 713 2117; x_wconf 85' lang='lat' dir='ltr'>illam</span> <span class='ocrx_word' id='word_1_168' title='bbox 736 2061 770 2116; x_wconf 89' lang='lat' dir='ltr'>et</span> <span class='ocrx_word' id='word_1_169' title='bbox 792 2050 882 2115; x_wconf 86' lang='lat' dir='ltr'>illam</span> <span class='ocrx_word' id='word_1_170' title='bbox 903 2050 1044 2115; x_wconf 87' lang='lat' dir='ltr'>uendere</span> <span class='ocrx_word' id='word_1_171' title='bbox 1064 2051 1160 2116; x_wconf 86' lang='lat' dir='ltr'>alteri</span> <span class='ocrx_word' id='word_1_172' title='bbox 1180 2052 1234 2117; x_wconf 88' lang='lat' dir='ltr'>uel</span> <span class='ocrx_word' id='word_1_173' title='bbox 1255 2052 1424 2117; x_wconf 84' lang='lat' dir='ltr'>inuediare</span> <span class='ocrx_word' id='word_1_174' title='bbox 1444 2062 1482 2118; x_wconf 90' lang='lat' dir='ltr'>et</span> 
     </span>
     <span class='ocr_line' id='line_1_21' title="bbox 367 2154 1481 2231; baseline 0.004 -10"><span class='ocrx_word' id='word_1_175' title='bbox 367 2156 571 2222; x_wconf 92' lang='lat' dir='ltr'>commodum</span> <span class='ocrx_word' id='word_1_176' title='bbox 593 2180 689 2221; x_wconf 85' lang='lat' dir='ltr'>suum</span> <span class='ocrx_word' id='word_1_177' title='bbox 710 2154 801 2220; x_wconf 91' lang='lat' dir='ltr'>inde⁴</span> <span class='ocrx_word' id='word_1_178' title='bbox 822 2156 935 2231; x_wconf 88' lang='lat' dir='ltr'>facere,</span> <span class='ocrx_word' id='word_1_179' title='bbox 949 2162 984 2219; x_wconf 89' lang='lat' dir='ltr'>et</span> <span class='ocrx_word' id='word_1_180' title='bbox 1005 2177 1119 2221; x_wconf 87' lang='lat' dir='ltr'>reuera</span> <span class='ocrx_word' id='word_1_181' title='bbox 1140 2156 1239 2221; x_wconf 87' lang='lat' dir='ltr'>soluit</span> <span class='ocrx_word' id='word_1_182' title='bbox 1260 2156 1292 2221; x_wconf 90' lang='lat' dir='ltr'>ei</span> <span class='ocrx_word' id='word_1_183' title='bbox 1313 2158 1481 2225; x_wconf 88' lang='lat' dir='ltr'>redditum</span> 
     </span>
     <span class='ocr_line' id='line_1_22' title="bbox 367 2258 1480 2346; baseline 0.002 -21"><span class='ocrx_word' id='word_1_184' title='bbox 367 2260 407 2325; x_wconf 89' lang='lat' dir='ltr'>de</span> <span class='ocrx_word' id='word_1_185' title='bbox 422 2260 526 2346; x_wconf 86' lang='lat' dir='ltr'>primo</span> <span class='ocrx_word' id='word_1_186' title='bbox 541 2281 626 2325; x_wconf 86' lang='lat' dir='ltr'>anno</span> <span class='ocrx_word' id='word_1_187' title='bbox 640 2268 675 2324; x_wconf 91' lang='lat' dir='ltr'>et</span> <span class='ocrx_word' id='word_1_188' title='bbox 690 2265 802 2345; x_wconf 87' lang='lat' dir='ltr'>postea</span> <span class='ocrx_word' id='word_1_189' title='bbox 816 2258 957 2323; x_wconf 80' lang='lat' dir='ltr'>cessauit</span> <span class='ocrx_word' id='word_1_190' title='bbox 971 2258 1005 2322; x_wconf 91' lang='lat' dir='ltr'>in</span> <span class='ocrx_word' id='word_1_191' title='bbox 1020 2258 1182 2324; x_wconf 86' lang='lat' dir='ltr'>solucione</span> <span class='ocrx_word' id='word_1_192' title='bbox 1200 2282 1258 2345; x_wconf 89' lang='lat' dir='ltr'>per</span> <span class='ocrx_word' id='word_1_193' title='bbox 1272 2260 1354 2326; x_wconf 89' lang='lat' dir='ltr'>duos</span> <span class='ocrx_word' id='word_1_194' title='bbox 1368 2284 1480 2341; x_wconf 83' lang='lat' dir='ltr'>annos,</span> 
     </span>
     <span class='ocr_line' id='line_1_23' title="bbox 367 2362 1479 2451; baseline 0.004 -22"><span class='ocrx_word' id='word_1_195' title='bbox 367 2374 402 2429; x_wconf 90' lang='lat' dir='ltr'>et</span> <span class='ocrx_word' id='word_1_196' title='bbox 422 2364 495 2429; x_wconf 92' lang='lat' dir='ltr'>ideo</span> <span class='ocrx_word' id='word_1_197' title='bbox 517 2373 636 2430; x_wconf 80' lang='lat' dir='ltr'>teriam</span> <span class='ocrx_word' id='word_1_198' title='bbox 655 2365 747 2429; x_wconf 86' lang='lat' dir='ltr'>illam</span> <span class='ocrx_word' id='word_1_199' title='bbox 768 2362 871 2449; x_wconf 80' lang='lat' dir='ltr'>cepit³</span> <span class='ocrx_word' id='word_1_200' title='bbox 891 2362 925 2427; x_wconf 92' lang='lat' dir='ltr'>in</span> <span class='ocrx_word' id='word_1_201' title='bbox 947 2385 1081 2427; x_wconf 84' lang='lat' dir='ltr'>manum</span> <span class='ocrx_word' id='word_1_202' title='bbox 1104 2386 1196 2428; x_wconf 88' lang='lat' dir='ltr'>suam</span> <span class='ocrx_word' id='word_1_203' title='bbox 1218 2386 1277 2450; x_wconf 88' lang='lat' dir='ltr'>per</span> <span class='ocrx_word' id='word_1_204' title='bbox 1297 2366 1479 2451; x_wconf 76' lang='lat' dir='ltr'>predictam</span> 
     </span>
     <span class='ocr_line' id='line_1_24' title="bbox 367 2465 1480 2553; baseline 0.004 -21"><span class='ocrx_word' id='word_1_205' title='bbox 367 2468 624 2534; x_wconf 86' lang='lat' dir='ltr'>conuentionem.</span> <span class='ocrx_word' id='word_1_206' title='bbox 665 2467 716 2532; x_wconf 89' lang='lat' dir='ltr'>De</span> <span class='ocrx_word' id='word_1_207' title='bbox 732 2466 865 2553; x_wconf 88' lang='lat' dir='ltr'>tallagio</span> <span class='ocrx_word' id='word_1_208' title='bbox 880 2488 957 2530; x_wconf 89' lang='lat' dir='ltr'>uero</span> <span class='ocrx_word' id='word_1_209' title='bbox 972 2465 1052 2530; x_wconf 91' lang='lat' dir='ltr'>dicit</span> <span class='ocrx_word' id='word_1_210' title='bbox 1067 2465 1153 2552; x_wconf 91' lang='lat' dir='ltr'>quod</span> <span class='ocrx_word' id='word_1_211' title='bbox 1169 2467 1297 2553; x_wconf 88' lang='lat' dir='ltr'>quando</span> <span class='ocrx_word' id='word_1_212' title='bbox 1308 2472 1480 2537; x_wconf 86' lang='lat' dir='ltr'>maritauit</span> 
     </span>
     <span class='ocr_line' id='line_1_25' title="bbox 366 2572 1477 2660; baseline 0.004 -23"><span class='ocrx_word' id='word_1_213' title='bbox 366 2573 467 2638; x_wconf 92' lang='lat' dir='ltr'>filiam</span> <span class='ocrx_word' id='word_1_214' title='bbox 489 2597 582 2639; x_wconf 80' lang='lat' dir='ltr'>suem</span> <span class='ocrx_word' id='word_1_215' title='bbox 603 2573 854 2660; x_wconf 86' lang='lat' dir='ltr'>primogenitam</span> <span class='ocrx_word' id='word_1_216' title='bbox 874 2580 953 2637; x_wconf 91' lang='lat' dir='ltr'>tunc</span> <span class='ocrx_word' id='word_1_217' title='bbox 973 2572 1014 2636; x_wconf 90' lang='lat' dir='ltr'>de</span> <span class='ocrx_word' id='word_1_218' title='bbox 1029 2594 1185 2637; x_wconf 89' lang='lat' dir='ltr'>consensu</span> <span class='ocrx_word' id='word_1_219' title='bbox 1201 2572 1303 2658; x_wconf 86' lang='lat' dir='ltr'>ipsius</span> <span class='ocrx_word' id='word_1_220' title='bbox 1318 2574 1477 2642; x_wconf 88' lang='lat' dir='ltr'>Willelmi</span> 
     </span>
     <span class='ocr_line' id='line_1_26' title="bbox 367 2677 1480 2768; baseline 0.004 -27"><span class='ocrx_word' id='word_1_221' title='bbox 367 2678 476 2765; x_wconf 85' lang='lat' dir='ltr'>exegit</span> <span class='ocrx_word' id='word_1_222' title='bbox 495 2678 662 2756; x_wconf 86' lang='lat' dir='ltr'>auxilium,</span> <span class='ocrx_word' id='word_1_223' title='bbox 678 2686 712 2743; x_wconf 89' lang='lat' dir='ltr'>et</span> <span class='ocrx_word' id='word_1_224' title='bbox 731 2677 813 2742; x_wconf 91' lang='lat' dir='ltr'>illud</span> <span class='ocrx_word' id='word_1_225' title='bbox 832 2677 950 2741; x_wconf 89' lang='lat' dir='ltr'>habuit</span> <span class='ocrx_word' id='word_1_226' title='bbox 971 2699 1030 2763; x_wconf 90' lang='lat' dir='ltr'>per</span> <span class='ocrx_word' id='word_1_227' title='bbox 1048 2686 1238 2763; x_wconf 89' lang='lat' dir='ltr'>preceptum</span> <span class='ocrx_word' id='word_1_228' title='bbox 1258 2679 1351 2743; x_wconf 91' lang='lat' dir='ltr'>Dom.</span> <span class='ocrx_word' id='word_1_229' title='bbox 1369 2681 1480 2768; x_wconf 87' lang='lat' dir='ltr'>Regis,</span> 
     </span>
     <span class='ocr_line' id='line_1_27' title="bbox 366 2780 1478 2867; baseline 0.004 -22"><span class='ocrx_word' id='word_1_230' title='bbox 366 2791 401 2845; x_wconf 93' lang='lat' dir='ltr'>et</span> <span class='ocrx_word' id='word_1_231' title='bbox 415 2780 495 2845; x_wconf 87' lang='lat' dir='ltr'>dicit</span> <span class='ocrx_word' id='word_1_232' title='bbox 509 2782 595 2867; x_wconf 92' lang='lat' dir='ltr'>quod</span> <span class='ocrx_word' id='word_1_233' title='bbox 611 2781 642 2846; x_wconf 92' lang='lat' dir='ltr'>ei</span> <span class='ocrx_word' id='word_1_234' title='bbox 656 2788 761 2846; x_wconf 81' lang='lat' dir='ltr'>aretro</span> <span class='ocrx_word' id='word_1_235' title='bbox 776 2788 854 2845; x_wconf 88' lang='lat' dir='ltr'>sunt</span> <span class='ocrx_word' id='word_1_236' title='bbox 874 2780 913 2845; x_wconf 93' lang='lat' dir='ltr'>de</span> <span class='ocrx_word' id='word_1_237' title='bbox 934 2780 1073 2845; x_wconf 87' lang='lat' dir='ltr'>termino</span> <span class='ocrx_word' id='word_1_238' title='bbox 1093 2780 1150 2845; x_wconf 94' lang='lat' dir='ltr'>illo</span> <span class='ocrx_word' id='word_1_239' title='bbox 1169 2781 1316 2847; x_wconf 89' lang='lat' dir='ltr'>redditus</span> <span class='ocrx_word' id='word_1_240' title='bbox 1336 2783 1478 2850; x_wconf 88' lang='lat' dir='ltr'>duorum</span> 
     </span>
     <span class='ocr_line' id='line_1_28' title="bbox 365 2883 850 2969; baseline -0.004 -20"><span class='ocrx_word' id='word_1_241' title='bbox 365 2908 523 2950; x_wconf 88' lang='lat' dir='ltr'>annorum</span> <span class='ocrx_word' id='word_1_242' title='bbox 538 2884 603 2950; x_wconf 88' lang='lat' dir='ltr'>scil.</span> <span class='ocrx_word' id='word_1_243' title='bbox 619 2884 659 2949; x_wconf 68' lang='lat' dir='ltr'>lx</span> <span class='ocrx_word' id='word_1_244' title='bbox 676 2892 710 2948; x_wconf 87' lang='lat' dir='ltr'>et</span> <span class='ocrx_word' id='word_1_245' title='bbox 725 2884 780 2969; x_wconf 87' lang='lat' dir='ltr'>xij</span> <span class='ocrx_word' id='word_1_246' title='bbox 795 2883 850 2947; x_wconf 89' lang='lat' dir='ltr'>sol.</span> 
     </span>
    </p>

    <p class='ocr_par' dir='ltr' id='par_1_5' title="bbox 364 2986 1479 3282">
     <span class='ocr_line' id='line_1_29' title="bbox 432 2986 1479 3078; baseline 0.007 -26"><span class='ocrx_word' id='word_1_247' title='bbox 432 2989 475 3052; x_wconf 89' lang='lat' dir='ltr'>Et</span> <span class='ocrx_word' id='word_1_248' title='bbox 505 2988 687 3054; x_wconf 83' lang='lat' dir='ltr'>Willelmue</span> <span class='ocrx_word' id='word_1_249' title='bbox 713 2987 793 3052; x_wconf 90' lang='lat' dir='ltr'>dicit</span> <span class='ocrx_word' id='word_1_250' title='bbox 819 2987 906 3074; x_wconf 91' lang='lat' dir='ltr'>quod</span> <span class='ocrx_word' id='word_1_251' title='bbox 931 2986 1030 3051; x_wconf 91' lang='lat' dir='ltr'>nichil</span> <span class='ocrx_word' id='word_1_252' title='bbox 1058 2987 1088 3051; x_wconf 90' lang='lat' dir='ltr'>ei</span> <span class='ocrx_word' id='word_1_253' title='bbox 1114 2996 1221 3053; x_wconf 84' lang='lat' dir='ltr'>aretro</span> <span class='ocrx_word' id='word_1_254' title='bbox 1246 2996 1305 3067; x_wconf 89' lang='lat' dir='ltr'>est,</span> <span class='ocrx_word' id='word_1_255' title='bbox 1328 2999 1363 3055; x_wconf 87' lang='lat' dir='ltr'>et</span> <span class='ocrx_word' id='word_1_256' title='bbox 1390 2994 1479 3078; x_wconf 93' lang='lat' dir='ltr'>quod</span> 
     </span>
     <span class='ocr_line' id='line_1_30' title="bbox 364 3092 1478 3179; baseline 0.004 -23"><span class='ocrx_word' id='word_1_257' title='bbox 364 3114 478 3156; x_wconf 87' lang='lat' dir='ltr'>reuera</span> <span class='ocrx_word' id='word_1_258' title='bbox 498 3093 597 3157; x_wconf 88' lang='lat' dir='ltr'>soluit</span> <span class='ocrx_word' id='word_1_259' title='bbox 616 3092 810 3179; x_wconf 81' lang='lat' dir='ltr'>capitalibus</span> <span class='ocrx_word' id='word_1_260' title='bbox 829 3092 968 3156; x_wconf 88' lang='lat' dir='ltr'>dominis</span> <span class='ocrx_word' id='word_1_261' title='bbox 987 3114 1044 3177; x_wconf 90' lang='lat' dir='ltr'>pro</span> <span class='ocrx_word' id='word_1_262' title='bbox 1065 3093 1179 3158; x_wconf 88' lang='lat' dir='ltr'>eodem</span> <span class='ocrx_word' id='word_1_263' title='bbox 1199 3093 1338 3159; x_wconf 84' lang='lat' dir='ltr'>Redulfo</span> <span class='ocrx_word' id='word_1_264' title='bbox 1353 3120 1404 3161; x_wconf 70' lang='lat' dir='ltr'>xx</span> <span class='ocrx_word' id='word_1_265' title='bbox 1422 3100 1478 3163; x_wconf 88' lang='lat' dir='ltr'>sol.</span> 
     </span>
     <span class='ocr_line' id='line_1_31' title="bbox 364 3195 1478 3282; baseline 0.004 -21"><span class='ocrx_word' id='word_1_266' title='bbox 364 3205 399 3261; x_wconf 89' lang='lat' dir='ltr'>et</span> <span class='ocrx_word' id='word_1_267' title='bbox 413 3204 561 3282; x_wconf 78' lang='lat' dir='ltr'>preterea</span> <span class='ocrx_word' id='word_1_268' title='bbox 573 3195 661 3260; x_wconf 91' lang='lat' dir='ltr'>idem</span> <span class='ocrx_word' id='word_1_269' title='bbox 676 3195 836 3260; x_wconf 84' lang='lat' dir='ltr'>Radulfus</span> <span class='ocrx_word' id='word_1_270' title='bbox 851 3196 938 3282; x_wconf 90' lang='lat' dir='ltr'>cepit</span> <span class='ocrx_word' id='word_1_271' title='bbox 953 3195 994 3261; x_wconf 90' lang='lat' dir='ltr'>de</span> <span class='ocrx_word' id='word_1_272' title='bbox 1008 3196 1121 3261; x_wconf 87' lang='lat' dir='ltr'>eadem</span> <span class='ocrx_word' id='word_1_273' title='bbox 1137 3204 1224 3261; x_wconf 79' lang='lat' dir='ltr'>terra</span> <span class='ocrx_word' id='word_1_274' title='bbox 1238 3195 1279 3262; x_wconf 79' lang='lat' dir='ltr'>ed</span> <span class='ocrx_word' id='word_1_275' title='bbox 1293 3199 1478 3266; x_wconf 85' lang='lat' dir='ltr'>ualenciam</span> 
     </span>
    </p>
   </div>
   <div class='ocr_carea' id='block_1_3' title="bbox 266 3299 1478 3391">
    <p class='ocr_par' dir='ltr' id='par_1_6' title="bbox 266 3299 1478 3391">
     <span class='ocr_line' id='line_1_32' title="bbox 266 3299 1478 3391; baseline 0.005 -27"><span class='ocrx_word' id='word_1_276' title='bbox 266 3344 273 3356; x_wconf 85' lang='lat'><strong>·</strong></span> <span class='ocrx_word' id='word_1_277' title='bbox 365 3301 416 3387; x_wconf 85' lang='lat' dir='ltr'>lvj.</span> <span class='ocrx_word' id='word_1_278' title='bbox 440 3302 494 3366; x_wconf 87' lang='lat' dir='ltr'>sol</span> <span class='ocrx_word' id='word_1_279' title='bbox 518 3307 552 3365; x_wconf 87' lang='lat' dir='ltr'>et</span> <span class='ocrx_word' id='word_1_280' title='bbox 574 3301 656 3385; x_wconf 89' lang='lat' dir='ltr'>plus,</span> <span class='ocrx_word' id='word_1_281' title='bbox 678 3308 713 3365; x_wconf 91' lang='lat' dir='ltr'>et</span> <span class='ocrx_word' id='word_1_282' title='bbox 734 3300 783 3364; x_wconf 84' lang='lat' dir='ltr'>ita</span> <span class='ocrx_word' id='word_1_283' title='bbox 804 3300 891 3385; x_wconf 91' lang='lat' dir='ltr'>quod</span> <span class='ocrx_word' id='word_1_284' title='bbox 913 3299 1013 3364; x_wconf 89' lang='lat' dir='ltr'>nichil</span> <span class='ocrx_word' id='word_1_285' title='bbox 1035 3306 1141 3364; x_wconf 84' lang='lat' dir='ltr'>aretro</span> <span class='ocrx_word' id='word_1_286' title='bbox 1164 3309 1223 3378; x_wconf 90' lang='lat' dir='ltr'>est,</span> <span class='ocrx_word' id='word_1_287' title='bbox 1245 3308 1279 3365; x_wconf 89' lang='lat' dir='ltr'>et</span> <span class='ocrx_word' id='word_1_288' title='bbox 1301 3301 1329 3366; x_wconf 87' lang='lat' dir='ltr'>si</span> <span class='ocrx_word' id='word_1_289' title='bbox 1351 3304 1478 3391; x_wconf 85' lang='lat' dir='ltr'>aliquid</span> 
     </span>
    </p>
   </div>
   <div class='ocr_carea' id='block_1_4' title="bbox 364 3402 1479 3805">
    <p class='ocr_par' dir='ltr' id='par_1_7' title="bbox 364 3402 1479 3805">
     <span class='ocr_line' id='line_1_33' title="bbox 364 3402 1479 3490; baseline 0.003 -20"><span class='ocrx_word' id='word_1_290' title='bbox 364 3414 469 3471; x_wconf 85' lang='lat' dir='ltr'>aretro</span> <span class='ocrx_word' id='word_1_291' title='bbox 491 3413 550 3483; x_wconf 88' lang='lat' dir='ltr'>est,</span> <span class='ocrx_word' id='word_1_292' title='bbox 571 3403 775 3489; x_wconf 86' lang='lat' dir='ltr'>computabit</span> <span class='ocrx_word' id='word_1_293' title='bbox 796 3425 910 3468; x_wconf 85' lang='lat' dir='ltr'>uersus</span> <span class='ocrx_word' id='word_1_294' title='bbox 932 3424 1008 3467; x_wconf 89' lang='lat' dir='ltr'>eum</span> <span class='ocrx_word' id='word_1_295' title='bbox 1031 3409 1065 3467; x_wconf 86' lang='lat' dir='ltr'>et</span> <span class='ocrx_word' id='word_1_296' title='bbox 1086 3424 1145 3488; x_wconf 89' lang='lat' dir='ltr'>per</span> <span class='ocrx_word' id='word_1_297' title='bbox 1167 3402 1274 3467; x_wconf 88' lang='lat' dir='ltr'>uisum</span> <span class='ocrx_word' id='word_1_298' title='bbox 1301 3406 1479 3490; x_wconf 81' lang='lat' dir='ltr'>proborum</span> 
     </span>
     <span class='ocr_line' id='line_1_34' title="bbox 364 3508 1479 3598; baseline 0 -22"><span class='ocrx_word' id='word_1_299' title='bbox 364 3512 533 3576; x_wconf 90' lang='lat' dir='ltr'>hominum</span> <span class='ocrx_word' id='word_1_300' title='bbox 547 3511 579 3576; x_wconf 90' lang='lat' dir='ltr'>ei</span> <span class='ocrx_word' id='word_1_301' title='bbox 593 3510 770 3575; x_wconf 82' lang='lat' dir='ltr'>satisfaciet</span> <span class='ocrx_word' id='word_1_302' title='bbox 784 3510 832 3574; x_wconf 90' lang='lat' dir='ltr'>ita</span> <span class='ocrx_word' id='word_1_303' title='bbox 847 3508 933 3595; x_wconf 92' lang='lat' dir='ltr'>quod</span> <span class='ocrx_word' id='word_1_304' title='bbox 949 3508 1108 3574; x_wconf 84' lang='lat' dir='ltr'>Radulfus</span> <span class='ocrx_word' id='word_1_305' title='bbox 1123 3508 1156 3573; x_wconf 88' lang='lat' dir='ltr'>ei</span> <span class='ocrx_word' id='word_1_306' title='bbox 1170 3508 1348 3574; x_wconf 77' lang='lat' dir='ltr'>satisfaciat</span> <span class='ocrx_word' id='word_1_307' title='bbox 1363 3511 1391 3575; x_wconf 91' lang='lat' dir='ltr'>si</span> <span class='ocrx_word' id='word_1_308' title='bbox 1406 3512 1479 3598; x_wconf 82' lang='lat' dir='ltr'>ipse</span> 
     </span>
     <span class='ocr_line' id='line_1_35' title="bbox 364 3612 1478 3701; baseline 0 -20"><span class='ocrx_word' id='word_1_309' title='bbox 364 3625 516 3682; x_wconf 87' lang='lat' dir='ltr'>teneatur</span> <span class='ocrx_word' id='word_1_310' title='bbox 529 3616 564 3680; x_wconf 90' lang='lat' dir='ltr'>in</span> <span class='ocrx_word' id='word_1_311' title='bbox 578 3615 695 3701; x_wconf 89' lang='lat' dir='ltr'>aliquo.</span> <span class='ocrx_word' id='word_1_312' title='bbox 741 3615 784 3678; x_wconf 90' lang='lat' dir='ltr'>Et</span> <span class='ocrx_word' id='word_1_313' title='bbox 799 3613 878 3699; x_wconf 88' lang='lat' dir='ltr'>quia</span> <span class='ocrx_word' id='word_1_314' title='bbox 891 3613 979 3679; x_wconf 89' lang='lat' dir='ltr'>idem</span> <span class='ocrx_word' id='word_1_315' title='bbox 996 3612 1179 3678; x_wconf 88' lang='lat' dir='ltr'>Willelmus</span> <span class='ocrx_word' id='word_1_316' title='bbox 1196 3612 1275 3678; x_wconf 89' lang='lat' dir='ltr'>dicit</span> <span class='ocrx_word' id='word_1_317' title='bbox 1296 3614 1384 3699; x_wconf 91' lang='lat' dir='ltr'>quod</span> <span class='ocrx_word' id='word_1_318' title='bbox 1405 3615 1478 3701; x_wconf 86' lang='lat' dir='ltr'>ipse</span> 
     </span>
     <span class='ocr_line' id='line_1_36' title="bbox 364 3715 1479 3805; baseline 0.001 -20"><span class='ocrx_word' id='word_1_319' title='bbox 364 3720 524 3785; x_wconf 78' lang='lat' dir='ltr'>Redulfus</span> <span class='ocrx_word' id='word_1_320' title='bbox 552 3718 725 3805; x_wconf 88' lang='lat' dir='ltr'>inplacitat</span> <span class='ocrx_word' id='word_1_321' title='bbox 754 3740 830 3782; x_wconf 90' lang='lat' dir='ltr'>eum</span> <span class='ocrx_word' id='word_1_322' title='bbox 859 3717 900 3781; x_wconf 91' lang='lat' dir='ltr'>de</span> <span class='ocrx_word' id='word_1_323' title='bbox 931 3715 1045 3782; x_wconf 89' lang='lat' dir='ltr'>eadem</span> <span class='ocrx_word' id='word_1_324' title='bbox 1074 3716 1289 3781; x_wconf 89' lang='lat' dir='ltr'>conuentione</span> <span class='ocrx_word' id='word_1_325' title='bbox 1318 3716 1354 3781; x_wconf 93' lang='lat' dir='ltr'>in</span> <span class='ocrx_word' id='word_1_326' title='bbox 1384 3720 1479 3786; x_wconf 88' lang='lat' dir='ltr'>curia</span> 
     </span>
    </p>
   </div>
   <div class='ocr_carea' id='block_1_5' title="bbox 363 3851 1479 4116">
    <p class='ocr_par' dir='ltr' id='par_1_8' title="bbox 363 3851 1479 4116">
     <span class='ocr_line' id='line_1_37' title="bbox 397 3851 1478 3952; baseline 0.001 -47"><span class='ocrx_word' id='word_1_327' title='bbox 397 3854 454 3952; x_wconf 59' lang='lat' dir='ltr'>:A</span> <span class='ocrx_word' id='word_1_328' title='bbox 466 3854 581 3907; x_wconf 87' lang='lat' dir='ltr'>m.10d.</span> <span class='ocrx_word' id='word_1_329' title='bbox 974 3851 1060 3902; x_wconf 77' lang='lat' dir='ltr'>‘iude</span> <span class='ocrx_word' id='word_1_330' title='bbox 1071 3852 1158 3904; x_wconf 86' lang='lat' dir='ltr'>interl.</span> <span class='ocrx_word' id='word_1_331' title='bbox 1171 3852 1369 3915; x_wconf 77' lang='lat' dir='ltr'>byannotato13</span> <span class='ocrx_word' id='word_1_332' title='bbox 1387 3858 1478 3906; x_wconf 89' lang='lat' dir='ltr'>notin</span> 
     </span>
     <span class='ocr_line' id='line_1_38' title="bbox 396 3918 1479 4047; baseline 0.003 -12"><span class='ocrx_word' id='word_1_333' title='bbox 396 3984 407 4017; x_wconf 81' lang='lat'>⁸</span> <span class='ocrx_word' id='word_1_334' title='bbox 422 3920 570 4036; x_wconf 48' lang='lat' dir='ltr'>dedidiscit</span> <span class='ocrx_word' id='word_1_335' title='bbox 585 3984 672 4035; x_wconf 76' lang='lat' dir='ltr'>interl.</span> <span class='ocrx_word' id='word_1_336' title='bbox 690 3984 724 4047; x_wconf 81' lang='lat' dir='ltr'>by</span> <span class='ocrx_word' id='word_1_337' title='bbox 735 3986 890 4043; x_wconf 58' lang='lat' dir='ltr'>snectutem</span> <span class='ocrx_word' id='word_1_338' title='bbox 941 3918 986 4014; x_wconf 34' lang='lat' dir='ltr'>A}</span> <span class='ocrx_word' id='word_1_339' title='bbox 1001 3986 1068 4045; x_wconf 79' lang='lat' dir='ltr'>cepit</span> <span class='ocrx_word' id='word_1_340' title='bbox 1084 3982 1171 4033; x_wconf 84' lang='lat' dir='ltr'>interl.</span> <span class='ocrx_word' id='word_1_341' title='bbox 1187 3981 1222 4047; x_wconf 80' lang='lat' dir='ltr'>by</span> <span class='ocrx_word' id='word_1_342' title='bbox 1238 3986 1397 4045; x_wconf 57' lang='lat' dir='ltr'>annotatum</span> <span class='ocrx_word' id='word_1_343' title='bbox 1419 3986 1479 4038; x_wconf 75' lang='lat' dir='ltr'>ideo</span> 
     </span>
     <span class='ocr_line' id='line_1_39' title="bbox 363 4049 1162 4116; baseline -0.006 -14"><span class='ocrx_word' id='word_1_344' title='bbox 363 4053 430 4116; x_wconf 74' lang='lat' dir='ltr'>quod</span> <span class='ocrx_word' id='word_1_345' title='bbox 443 4053 495 4101; x_wconf 72' lang='lat' dir='ltr'>uici</span> <span class='ocrx_word' id='word_1_346' title='bbox 506 4052 572 4101; x_wconf 72' lang='grc' dir='ltr'>ι’ἀιηι</span> <span class='ocrx_word' id='word_1_347' title='bbox 584 4052 652 4101; x_wconf 73' lang='lat' dir='ltr'>nol.</span> <span class='ocrx_word' id='word_1_348' title='bbox 664 4049 695 4100; x_wconf 75' lang='lat' dir='ltr'>A.</span> <span class='ocrx_word' id='word_1_349' title='bbox 942 4050 1008 4112; x_wconf 82' lang='lat' dir='ltr'>cepit</span> <span class='ocrx_word' id='word_1_350' title='bbox 1019 4056 1119 4108; x_wconf 66' lang='lat' dir='ltr'>lencm,</span> <span class='ocrx_word' id='word_1_351' title='bbox 1131 4050 1162 4097; x_wconf 77' lang='lat' dir='ltr'>A.</span> 
     </span>
    </p>
   </div>
   <div class='ocr_carea' id='block_1_6' title="bbox 0 0 1676 5217">
    <p class='ocr_par' dir='ltr' id='par_1_9' title="bbox 0 0 1676 5217">
     <span class='ocr_line' id='line_1_40' title="bbox 0 0 1676 5217; baseline 0 2"><span class='ocrx_word' id='word_1_352' title='bbox 0 0 1676 5217; x_wconf 95' lang='lat' dir='ltr'> </span> 
     </span>
    </p>
   </div>
  </div>
 </body>
</html>
