3342 5217
389 436 452 500 292
596 447 827 509 ιιιοιιιιιιιιιε,
849 448 915 499 ιι).
939 436 1034 511 1229,
1055 449 1118 498 ιιι.
1143 437 1281 500 13-14.

387 616 508 682 habeat
528 607 664 680 Westm’
686 623 747 681 eto.
769 616 858 681 redd'
877 617 1023 702 predicto
1043 618 1188 684 Johanni
1210 626 1270 684 ete
1291 626 1326 683 et
1346 619 1493 706 Rogems

388 721 422 786 in
437 719 659 785 misericordia

294 837 307 854 ¹
333 884 340 898 ,
453 825 533 892 Dies
561 823 657 889 datus
681 833 731 890 est
760 825 899 890 Ricardo
928 827 1034 892 Peche
1063 828 1192 914 petenti
1217 837 1252 892 et
1277 827 1423 893 Waltero
1451 827 1493 892 de

293 945 308 974 ¹¹
388 929 555 994 Ridaware
582 929 709 994 tenenti
730 929 770 994 de
793 930 913 1015 placito
938 931 962 1016 j.
985 940 1122 996 eamoat.
1146 940 1232 997 terre
1254 954 1330 996 eum
1352 931 1491 1017 pertin

390 1034 686 1100 Ketelbernestuna
700 1044 759 1100 ete
775 1057 813 1100 eo
829 1035 916 1121 quod
931 1037 1067 1101 Matillis
1077 1059 1159 1101 uxor
1172 1035 1312 1100 Walteii
1325 1035 1493 1099 nominata

389 1139 424 1204 in
449 1141 543 1204 breui
573 1162 638 1204 non
668 1139 761 1204 uenit
790 1139 869 1226 quia
897 1146 948 1204 est
977 1139 1138 1204 essoniata
1166 1138 1207 1204 de
1236 1139 1322 1204 malo
1351 1138 1428 1203 lecti
1456 1138 1492 1202 in

389 1242 544 1307 comitatu
560 1250 595 1306 et
609 1241 752 1306 nondum
764 1241 836 1307 uisa
851 1248 954 1306 estut
969 1241 1065 1306 ambo
1075 1251 1272 1328 cognoscunt
1283 1250 1318 1306 et
1328 1241 1493 1305 Walterus

389 1344 489 1430 peciit
503 1366 561 1431 pro
577 1365 616 1408 ea
630 1343 765 1409 licencia
779 1343 933 1429 surgendi
947 1351 982 1408 et
993 1343 1093 1407 habet
1109 1352 1142 1406 et
1154 1343 1341 1429 manucapit
1351 1342 1493 1408 habendi

390 1469 462 1512 eam
484 1447 526 1511 ad
548 1446 634 1511 diem
656 1446 757 1510 illum.
804 1443 848 1510 Et
862 1445 1021 1510 Ricardus
1035 1446 1115 1510 dicit
1130 1446 1216 1531 quod
1232 1446 1369 1510 Matillis
1384 1446 1492 1531 plures

391 1549 467 1613 feeit
482 1549 617 1614 defaltas
631 1549 666 1613 in
680 1549 837 1614 comitatu
854 1557 888 1613 et
903 1549 976 1612 ideo
996 1549 1037 1613 ad
1056 1548 1142 1613 diem
1163 1549 1256 1614 illum
1275 1550 1332 1613 liat
1347 1549 1433 1634 quod
1450 1548 1492 1612 de

390 1652 460 1716 iure
475 1653 574 1717 suerit
589 1651 780 1716 laciendum.

293 1787 309 1837 ς
334 1832 341 1846 ·
455 1756 607 1820 Waiinus
631 1756 745 1820 Basset
771 1763 806 1819 et
831 1753 991 1818 Katsrina
1016 1777 1097 1818 uxor
1120 1754 1190 1818 eius
1212 1777 1270 1840 per
1291 1762 1492 1819 attornatum

273 1867 339 1907 &¹⁰⁸-
390 1861 492 1946 ipsius
521 1861 678 1926 Katerine
705 1868 824 1946 petunt
848 1881 961 1924 uersus
984 1859 1149 1923 Abbatem
1173 1859 1214 1924 de
1241 1860 1402 1934 dientem
1426 1869 1493 1924 tres

390 1985 493 2029 carue.
522 1972 608 2028 terre
638 1986 713 2027 eum
742 1970 823 2047 pert,
854 1963 889 2025 in
919 1962 1024 2026 Mersa
1054 1969 1093 2025 ut
1122 1961 1174 2026 ius
1203 1961 1305 2047 ipsius
1334 1963 1493 2027 Katerine

390 2067 477 2131 unde
514 2067 681 2132 Johannes
722 2075 816 2152 pater
843 2066 960 2151 'ipsius
997 2066 1156 2130 Katerine
1194 2066 1257 2130 fuit
1292 2066 1422 2131 saisitus
1457 2067 1494 2132 in

389 2169 548 2235 dominico
577 2193 635 2236 suo
660 2179 698 2235 ut
723 2171 764 2235 de
791 2171 884 2236 feodo
910 2177 944 2235 et
968 2170 1038 2234 iure
1063 2179 1208 2255 tempore
1234 2171 1276 2236 H.
1307 2171 1407 2258 Regis
1436 2171 1495 2256 qui

390 2296 477 2340 nune
500 2283 550 2340 est
572 2275 729 2362 capiendo
751 2275 826 2341 inde
851 2277 982 2362 expleta
1001 2276 1042 2340 ad
1062 2275 1242 2340 ualeneiam
1265 2299 1293 2342 v.
1315 2277 1370 2341 sol.
1394 2283 1428 2340 et
1452 2275 1495 2340 de

391 2381 535 2466 predicto
564 2381 713 2447 Johanne
742 2380 911 2446 deseendit
937 2380 989 2445 ius
1017 2389 1103 2445 terre
1132 2379 1222 2445 illius
1249 2380 1306 2444 isti
1336 2379 1495 2445 Katerine

391 2493 430 2549 ut
444 2485 510 2550 filie
526 2495 560 2550 et
580 2485 691 2550 heredi
711 2495 745 2549 et
765 2485 851 2572 quod
872 2486 942 2571 ipse
962 2485 1130 2551 Johannes
1154 2486 1203 2549 ita
1223 2485 1286 2549 fuit
1309 2485 1439 2550 saisitus
1458 2495 1496 2550 et

390 2590 477 2677 quod
502 2589 567 2653 tale
593 2588 636 2653 sit
659 2589 710 2652 ius
733 2611 828 2653 sunm
857 2589 952 2653 offert
977 2597 1038 2653 ete.
1064 2595 1099 2652 et
1127 2587 1163 2652 in
1191 2611 1272 2674 quas
1300 2611 1365 2652 non
1394 2587 1497 2654 habat
1574 2572 1580 2584 .

390 2693 570 2781 ingressum
599 2691 662 2756 nisi
690 2714 749 2777 per
776 2691 959 2778 predictum
989 2691 1175 2756 Johannem
1213 2691 1291 2756 dum
1326 2713 1392 2755 non
1428 2690 1497 2755 luit

391 2818 520 2882 compos
534 2795 593 2872 sui,
609 2796 749 2859 offerunt
761 2804 819 2860 eto

456 2901 499 2965 Et
524 2899 636 2964 Abbas
661 2922 719 2985 per
744 2906 945 2964 attomatum
972 2921 1068 2962 suum
1094 2898 1188 2963 uenit
1213 2906 1248 2962 et
1272 2897 1450 2962 defendit
1440 2921 1497 2963 ius

230 3021 263 3061 No
250 3025 321 3070 οιιιιι
307 3021 349 3060 ιιι
389 3005 532 3091 ipsorum
555 3003 722 3068 habendi'
713 3026 749 3068 m
771 3003 933 3068 dominieo
956 3027 1043 3068 nunc
1066 3011 1101 3067 et
1122 3003 1202 3068 alias
1225 3003 1283 3068 ubi
1306 3011 1341 3068 et
1363 3003 1497 3089 quando

230 3073 424 3202 :fftdimwt
389 3117 451 3173 eta
475 3117 509 3172 et
532 3105 660 3171 talem
652 3129 841 3194 ingressum,
864 3115 900 3171 et
925 3106 1008 3171 bene
1037 3105 1185 3170 concedit
1213 3107 1300 3192 quod
1327 3107 1498 3192 predictus

229 3166 380 3295 ΞΞἮΟΞΙΜ
391 3210 557 3275 Johannas
572 3210 634 3274 fuit
649 3209 725 3274 inde
740 3209 869 3274 saisitus
884 3218 922 3273 ut
942 3210 983 3275 de
1004 3209 1097 3274 feodo
1117 3209 1240 3273 etium
1265 3210 1324 3274 tali
1348 3218 1497 3295 tempore

231 3349 266 3388 ιο,
265 3303 425 3388 ‘blidlwet
391 3321 452 3380 ete
473 3313 629 3400 capiendo
652 3313 728 3378 inde
752 3323 811 3380 etc.
837 3322 876 3378 ut
899 3314 940 3378 de
963 3314 1020 3379 illa
1043 3337 1152 3406 quam
1161 3314 1269 3379 tenuit
1288 3314 1329 3379 de
1349 3315 1498 3401 pmdioto

231 3441 267 3482 no
268 3395 357 3481 ”dieu
323 3406 520 3482 aAbbate
534 3439 593 3503 per
607 3415 693 3500 xviij.
711 3416 740 3480 li
757 3438 815 3502 per
829 3439 951 3480 annum
967 3439 1024 3502 pro
1039 3396 1192 3482 terrailla
1206 3425 1240 3481 et
1254 3417 1327 3483 aliis
1341 3419 1443 3495 terris,
1459 3430 1498 3484 et

231 3488 376 3574 iiiiii
338 3489 380 3528 Ab
345 3519 476 3621 saquod
491 3519 578 3583 idem
593 3519 616 3583 J
617 3517 760 3583 ohannes
774 3519 853 3583 dum
868 3519 956 3584 fuit
948 3542 982 3584 ιιι
997 3519 1077 3606 ligia
1098 3528 1261 3605 potestate
1281 3543 1340 3585 sua
1359 3529 1393 3586 et
1413 3521 1496 3587 dum

230 3582 318 3677 tl«
356 3584 455 3686 utfuit
478 3643 606 3707 compos
630 3621 681 3685 sui
703 3620 791 3686 inter
814 3621 1032 3707 Epiphaniam
1059 3631 1093 3686 et
1123 3621 1384 3687 Purificaoionem
1414 3633 1497 3691 ante

391 3724 510 3790 festum
528 3725 559 3789 S.
569 3723 739 3788 Trinitatis
753 3724 795 3789 ad
810 3725 897 3810 quod
912 3725 1032 3789 festum
1047 3725 1130 3790 obiit
1145 3725 1256 3790 dedit
1247 3747 1316 3811 ipse
1326 3726 1350 3790 J
1351 3725 1499 3794 ohannes

391 3837 509 3892 terram
534 3827 623 3892 illam
647 3828 718 3892 Deo
741 3835 775 3890 et
799 3827 836 3891 B
862 3827 965 3892 Maris
987 3834 1022 3891 et
1045 3827 1177 3892 ecclesie
1200 3828 1240 3892 da
1265 3828 1411 3893 Gmsten'
1433 3853 1500 3916 per

390 3939 513 3996 cartam
528 3953 619 3996 suam
635 3939 742 3995 totum
758 3929 939 3995 manerium
954 3931 995 3996 de
1015 3931 1120 3996 Merse
1144 3955 1219 3997 cum
1242 3932 1391 4024 omnibus
1410 3947 1498 4019 pert.

391 4033 458 4099 suis
472 4033 506 4098 in
521 4056 636 4120 puram
652 4042 686 4098 et
701 4041 893 4120 perpetuam
908 4033 1116 4098 elemosinam
1133 4042 1166 4098 et
1182 4033 1269 4119 qnod
1283 4016 1356 4119 post
1370 4033 1500 4104 donum

391 4139 473 4204 illud
499 4139 586 4224 cepit
612 4139 727 4205 Comes
753 4138 910 4202 Ricardus
937 4137 1156 4225 homagium
1146 4138 1249 4223 ipsius
1272 4138 1434 4204 Johannis
1463 4157 1504 4210 et
1629 4159 1630 4242 ι

424 4274 613 4325 ¹Grestainin
629 4275 911 4339 Normandy‚l10nast
965 4276 998 4327 he
1020 4292 1077 4325 ean.
1122 4276 1245 4336 Bracton,
1264 4275 1283 4325 l.
1302 4277 1342 4334 24,
1364 4291 1427 4339 says
1445 4279 1505 4330 dis.

392 4342 443 4391 vol.
455 4342 479 4402 6,
492 4355 518 4402 p.
533 4341 605 4393 loeo.
933 4377 936 4384 .
966 4343 1059 4403 tinotly
1072 4340 1132 4390 that
1148 4340 1182 4391 hs
1197 4345 1302 4390 cannot
1329 4341 1378 4390 Hs
1393 4355 1508 4398 dannot

425 4407 436 4438 ²
452 4407 477 4454 It
488 4406 512 4453 is
520 4406 669 4467 questioned
678 4405 815 4456 whethera
824 4411 915 4456 tenant
966 4407 996 4455 be
1007 4406 1070 4454 both
1081 4406 1137 4455 lord
1149 4405 1201 4455 and
1213 4409 1312 4455 tenant.

394 4487 442 4522 ean
455 4471 549 4520 ennon
560 4470 601 4519 his
612 4471 667 4520 lonl
679 4471 730 4520 and
740 4472 844 4521 ‹locided
857 4472 915 4521 that
