3342 5217
231 1368 375 1465 ffffissffist
393 1337 546 1403 itinerare
576 1347 610 1404 ct
636 1346 755 1403 terram
781 1338 872 1403 illam
896 1337 1084 1403 defendere⁸
1105 1336 1155 1401 ita
1176 1337 1262 1423 quod
1283 1337 1353 1423 ipse
1375 1345 1495 1402 terram
1603 1396 1607 1404 ,

393 430 436 491 84
581 442 712 492 maiar
735 438 807 491 aun
830 440 965 506 maras„
988 440 1052 493 nn.
1075 429 1170 506 1220,
1192 442 1254 493 an
1279 432 1308 495 4.

393 612 450 698 qui
464 612 557 678 uenit
572 622 606 679 et
620 613 700 679 dicit
716 613 801 701 quod
821 612 921 679 assisa
940 634 1005 677 non
1028 612 1127 679 debet
1147 614 1223 680 inde
1241 613 1312 680 fieri
1332 613 1409 701 quia
1425 612 1496 701 ipsa

392 715 536 782 Albreda
549 716 671 781 nullam
687 726 807 783 terram
821 716 921 782 habet
936 716 970 781 in
985 716 1065 781 uilla
1079 717 1136 782 illa
1149 739 1209 783 nec
1222 717 1258 782 in
1269 718 1428 784 dominico
1436 740 1496 783 nec

392 820 427 884 in
442 821 592 886 seruicio²
607 822 694 908 quod
708 822 780 908 ipsa
793 820 911 888 ullam¹
924 821 1057 886 assisam
1072 821 1191 886 habere
1205 828 1321 907 potest.

457 924 502 988 Et
516 924 660 989 Albreda
679 946 738 1010 per
754 932 956 989 attornatum
977 945 1073 987 suum
1093 922 1174 989 dicit
1193 923 1279 1010 quod
1296 924 1357 989 hoc
1378 924 1410 989 ei
1430 945 1495 987 non

394 1026 493 1093 debet
515 1050 630 1093 nocere
651 1028 730 1115 quin
750 1028 851 1093 assisa
868 1027 1021 1114 procedat
1042 1027 1120 1114 quia
1140 1027 1211 1113 ipsa
1232 1050 1290 1113 pro
1311 1027 1497 1115 inpotencia

393 1154 452 1196 sua
467 1140 501 1197 et
516 1154 573 1218 pro
588 1140 677 1199 etate
692 1155 751 1197 sua
765 1132 926 1199 commisit
941 1139 1046 1196 totam
1059 1140 1181 1197 terram
1201 1154 1293 1196 suam
1313 1132 1495 1197 custodien-

393 1234 469 1299 dam
499 1235 654 1300 Gaufn'do
683 1235 724 1301 de
755 1234 918 1301 Camuilla
946 1233 1013 1298 filio
1041 1256 1100 1298 suo
1121 1255 1160 1298 eo
1182 1234 1267 1319 quod
1288 1234 1358 1319 ipse
1387 1234 1496 1319 potuit

230 1464 296 1502 mia
307 1463 381 1502 ultimo
393 1442 482 1507 illam
493 1450 528 1508 et
543 1464 654 1509 omnes
664 1450 766 1508 terras
781 1464 856 1507 suas
870 1441 1049 1507 custodiuit
1063 1441 1213 1506 omnibus
1227 1441 1343 1507 diebus
1353 1442 1423 1507 uite
1437 1464 1494 1507 sue

233 1512 338 1557 prasenta-

231 1556 381 1642 πέρδιξι
393 1544 479 1610 unde
503 1544 590 1609 idem
615 1545 778 1610 Henricus
800 1544 983 1609 nonhabet
1005 1543 1185 1629 ingressum
1207 1543 1242 1609 in
1264 1552 1384 1609 terram
1405 1543 1495 1609 illam

232 1650 313 1687 nullam
321 1614 362 1687 toil-

232 1704 277 1733 rsm
286 1694 348 1734 habat
356 1696 377 1735 ln

393 1648 456 1713 nisi
473 1670 531 1734 per
552 1647 612 1713 hoc
634 1647 719 1733 quod
740 1646 875 1711 intrusit
896 1668 931 1711 se
953 1645 988 1710 in
1010 1654 1129 1711 terram
1151 1646 1240 1711 illam
1263 1654 1494 1733 postmortem

231 1741 381 1830 fflffli‘ffi!
394 1749 497 1836 ipsius
516 1749 665 1815 Gaufridi
680 1757 714 1814 et
736 1748 796 1813 hoc
818 1755 912 1833 patet
934 1747 1012 1833 quia
1033 1747 1074 1813 de
1094 1748 1155 1813 hoc
1173 1748 1345 1834 inplacitat
1365 1772 1440 1816 eum
1460 1749 1495 1814 in

232 1834 343 1884 narique

278 2086 328 2149 95.

394 1854 483 1921 ouria
511 1853 633 1919 domini
655 1852 754 1941 Regis
776 1860 810 1917 et
832 1851 906 1917 ideo
927 1859 1074 1917 remanet
1095 1851 1196 1917 assisa
1216 1874 1383 1940 quousque
1406 1853 1495 1919 aliud

393 1956 550 2042 placitum
565 1955 760 2021 terminetur
773 1954 858 2020 sicut
873 1961 966 2039 patet
980 1954 1015 2018 in
1030 1953 1122 2018 dorso
1136 1954 1257 2020 rotuli‘.

457 2059 634 2125 ⁶Hanricus
649 2060 689 2125 de
704 2058 916 2145 Alditbelega
929 2058 1146 2123 summonitus
1159 2059 1224 2123 fuit
1237 2058 1280 2123 ad
1299 2059 1494 2145 responden-

274 2184 333 2225 san
393 2162 473 2228 dum
494 2162 636 2227 Albrede
651 2161 816 2226 Manniun
831 2183 895 2247 quo
909 2168 1052 2226 waranto
1071 2183 1106 2225 se
1125 2167 1219 2225 tenet
1238 2161 1273 2226 in
1292 2162 1434 2227 manerio
1454 2162 1494 2227 de

395 2268 538 2335 Glit'tona
551 2288 624 2331 cum
640 2265 849 2352 pertinenciis
863 2264 950 2351 quod
965 2264 1037 2350 ipsa
1050 2266 1170 2329 clamat
1185 2273 1224 2330 ut
1243 2266 1295 2331 ius
1315 2274 1350 2331 et
1369 2267 1494 2332 heredi·

394 2380 497 2437 tatem
512 2393 604 2437 suam
620 2378 654 2435 at
670 2368 755 2457 quod
775 2368 846 2455 ipsa
865 2368 1002 2433 tradidit
1024 2367 1059 2432 in
1083 2368 1263 2434 custodiam
1287 2369 1435 2435 Gaufiidi
1454 2370 1494 2435 de

395 2473 556 2540 Oamuilla
575 2474 641 2540 filio
663 2495 721 2538 suo
743 2470 898 2557 quamdiu
920 2472 1063 2557 placeret
1085 2472 1117 2536 ei
1138 2471 1195 2556 qui
1216 2480 1364 2537 mortuus
1384 2480 1435 2538 est
1456 2482 1495 2537 ut

393 2576 503 2744 dmiit
518 2678 679 2744 Henricus
694 2677 787 2743 uenit
802 2685 836 2743 et
850 2676 997 2743 defendit
1011 2676 1063 2742 ius
1077 2699 1173 2741 suum
1188 2686 1223 2743 et
1237 2676 1317 2744 dicit
1329 2679 1414 2765 quod
1425 2679 1495 2765 ipae
1559 2710 1561 2714 ·

388 2764 485 2847 'tenet
500 2790 619 2847 terram
633 2781 724 2846 illam
738 2780 773 2845 in
788 2780 934 2845 custodia
954 2802 1028 2846 cum
1050 2779 1169 2846 herede
1188 2781 1326 2866 predicti
1347 2782 1495 2847 Ganflidi

393 2886 435 2952 da
450 2885 611 2952 Oamuilla
625 2885 681 2971 qui
696 2883 804 2950 tenuit
819 2892 939 2949 terram
961 2883 1051 2948 illam
1074 2885 1108 2949 in
1127 2885 1220 2950 feodo
1240 2893 1275 2950 et
1294 2885 1375 2950 non'
1396 2887 1496 2952 bailia

393 2990 495 3077 ipsius
525 2989 675 3067 Albrede,
705 2988 783 3075 quia
811 2988 881 3073 ipse
910 2989 1031 3053 fecerat
1059 2988 1136 3053 inde
1165 2989 1352 3077 homagium
1374 2991 1497 3057 Comiti

396 3095 520 3162 Cestrie
536 3094 664 3160 domino
679 3116 746 3172 suo,
761 3101 795 3159 et
809 3092 892 3158 obiit
906 3092 982 3158 inde
998 3093 1127 3158 seisitus
1149 3101 1188 3158 ut
1208 3094 1248 3159 de
1270 3095 1363 3162 feodo
1383 3106 1418 3163 et
1431 3120 1496 3163 non

396 3200 436 3265 de
450 3200 550 3264 ballia
564 3208 598 3264 et
612 3198 684 3264 ideo
700 3198 832 3263 uidetur
847 3197 878 3263 ei
897 3197 984 3283 quod
1002 3219 1068 3261 non
1087 3197 1186 3262 debet
1205 3198 1281 3264 inde
1304 3203 1495 3287 respondere

396 3302 473 3388 quia
486 3303 558 3387 ipsa
570 3300 701 3368 demisit
716 3324 750 3366 se
765 3301 806 3367 de
821 3308 909 3365 terra
922 3300 979 3365 illa
991 3300 1027 3365 in
1042 3300 1131 3365 curia
1146 3300 1290 3369 Comitis.

461 3406 505 3471 Et
519 3406 590 3492 ipsa
609 3428 668 3492 per
686 3413 889 3469 attornatum
903 3427 999 3469 suum
1017 3404 1097 3469 dicit
1117 3406 1204 3491 quod
1222 3407 1308 3474 idem
1322 3409 1496 3475 Gaufridua

396 3531 461 3574 non
484 3509 600 3591 habuit
617 3508 693 3575 inde
717 3509 780 3573 nisi
802 3508 984 3573 custodiam
1007 3530 1066 3593 per
1087 3508 1220 3573 balliam
1242 3532 1344 3589 suam,
1365 3521 1399 3578 et
1420 3514 1496 3580 inde

397 3613 544 3699 producit
557 3621 679 3678 sectam
695 3621 729 3677 et
744 3612 772 3677 si
787 3611 848 3677 hoc
863 3634 928 3676 non
942 3611 1063 3676 sufficit
1077 3612 1170 3697 ponit
1184 3636 1219 3678 se
1241 3636 1339 3700 super
1356 3616 1496 3684 iuratam

396 3718 500 3803 patrie
516 3726 550 3783 et
565 3718 633 3803 ipse
649 3716 801 3783 similiter
815 3716 874 3781 fiat
888 3717 964 3782 inde
979 3716 1087 3781 iurata
1101 3725 1135 3781 et
1150 3717 1262 3783 ueniat
1276 3741 1297 3783 a
1307 3720 1359 3786 die
1374 3721 1496 3789 Pasche

397 3822 432 3885 in
446 3844 495 3886 xv.
507 3821 576 3885 dies
590 3820 633 3885 ad
647 3819 939 3907 recognoscendum
953 3820 982 3884 si
996 3819 1172 3886 Gaufridus
1186 3820 1351 3906 predictus
1365 3822 1419 3889 die
1433 3847 1497 3910 quo

396 3925 478 3989 obiit
493 3924 556 3989 fuit
570 3923 699 3989 seisitua
714 3924 754 3988 de
770 3933 857 3988 terra
871 3924 1017 4009 prodicta
1030 3932 1069 3989 ut
1080 3923 1121 3989 de
1133 3924 1224 3989 feodo
1235 3926 1289 3990 uel
1301 3925 1341 3991 dc
1352 3928 1498 3993 custodia

396 4026 437 4093 de
448 4027 548 4091 ballia
561 4026 705 4112 predicte
720 4026 862 4092 Albrede
874 4049 938 4112 que
950 4048 1021 4091 eam
1033 4027 1065 4092 ei
1078 4028 1239 4093 commisit
1254 4029 1495 4096 custodiendam

429 4172 438 4204 ¹
457 4171 555 4235 supply
566 4172 630 4221 unde
641 4172 744 4221 uidetur
753 4172 787 4229 ei,
798 4171 829 4229 A,
841 4170 872 4220 Β.
971 4184 1041 4228 oase3
1060 4168 1105 4219 the
1115 4170 1245 4221 reference
1258 4172 1287 4221 in
1298 4173 1321 4221 A
1336 4172 1359 4223 is
1374 4172 1441 4224 stom
1452 4174 1497 4225 the

429 4237 440 4268 ¹
455 4238 527 4289 Oorr.
544 4238 647 4295 nullam,
659 4234 706 4286 but
720 4236 765 4285 the
775 4236 832 4287 first
847 4236 921 4286 letter
970 4236 1042 4285 nont
1053 4239 1080 4285 to
1091 4234 1137 4285 the
1146 4234 1212 4286 back
1221 4237 1251 4286 or
1264 4252 1300 4286 m.
1312 4240 1337 4287 8.

396 4300 773 4364 hasbcanpurposelyarassd.
1002 4300 1344 4359 ⁸A.m.ad;B.m.od.

428 4367 560 4430 ⁸Batops
571 4366 639 4416 hore.
1001 4364 1153 4427 ‘aaa

428 4434 439 4466 ⁴
456 4431 511 4482 'l'ho
528 4432 600 4481 aliud
615 4433 739 4495 placitum
756 4430 778 4480 is
796 4430 842 4481 the
858 4436 919 4480 next
