3342 5217
516 46 667 108 sarmrr,
690 46 755 96 nu.
781 32 958 107 111999
983 30 1010 96 9.
1075 22 1077 27 ’
1252 29 1315 91 545

104 214 109 223 ’
209 231 293 288 terre
322 244 381 308 per
408 222 516 308 ipsum
547 220 730 287 Ricardum.
789 219 945 301 Quesitus
978 219 1006 284 si
1038 219 1158 285 habeat
1194 226 1317 285 cartam

210 326 340 391 Ricardi
362 326 402 391 de
423 323 776 411 99999991999111919119
797 323 878 388 dicit
899 322 986 409 quod
1007 323 1097 389 illam
1120 322 1255 389 habebit
1276 321 1318 388 ad

208 430 320 494 horam
336 438 371 494 et
386 427 571 494 terminum.
608 427 686 492 Post
701 425 838 513 protulit
848 432 1031 491 attomatus
1044 424 1181 492 Comitis
1196 432 1317 491 cartam

209 533 354 599 eiusdem
383 530 515 597 Ricardi
544 552 608 617 que
639 537 780 595 testatur
808 527 895 616 quod
925 530 1082 596 concessit
1111 538 1146 595 et
1169 529 1319 617 quietum

209 637 364 703 clamauit
389 634 496 701 eidem
523 633 645 699 Comiti
671 655 766 698 omne
790 632 843 698 ius
868 633 955 719 quod
981 633 1098 698 habuit
1123 633 1176 697 uel
1201 631 1320 699 habere

209 743 320 829 potuit
334 742 369 807 in
384 740 508 829 guarda
523 748 607 804 terre
622 748 658 804 et
672 738 800 804 heredis
813 738 837 803 ,J
838 738 973 804 ohannis
987 738 1028 804 de
1044 738 1211 825 Spextona
1225 746 1284 804 stc

276 849 319 912 Et
333 846 505 913 Ricardus¹
521 845 627 911 adhuc
642 844 722 909 dicit
737 844 823 930 quod
834 866 1001 930 nunquam
1013 842 1130 909 habuit
1140 842 1320 909 custodiam

211 952 338 1018 heredis
358 952 441 1042 quia
454 958 549 1037 pater
567 972 645 1015 suus
659 950 744 1015 sicut
758 949 942 1035 predictum
957 958 1007 1015 est
1021 949 1111 1015 illam
1126 948 1218 1014 dedit
1233 948 1320 1014 Gau·

211 1056 293 1122 frido
313 1055 354 1121 (19
375 1056 473 1142 Lucy.
518 1055 562 1119 Et
582 1054 661 1140 quia
682 1054 798 1120 Comes
818 1054 878 1120 hoe
898 1077 963 1119 999
978 1053 1099 1120 dedicit
1114 1062 1149 1119 et
1164 1052 1321 1119 Ricardus

212 1184 379 1249 nunquam
403 1160 527 1247 aliquid
554 1159 671 1224 habuit
696 1158 732 1224 in
757 1159 905 1225 custodia
929 1159 1057 1225 heredis
1082 1158 1320 1225 consideratum

211 1274 262 1329 est
278 1263 365 1351 quod
380 1262 537 1329 Ricardus
551 1261 595 1327 sit
609 1261 685 1327 inde
701 1262 840 1348 quietus,
855 1271 890 1327 et
905 1262 1021 1331 Comes
1035 1263 1071 1327 in
1085 1262 1308 1328 misericordia

155 1426 160 1437 .
275 1370 397 1435 'Adam
417 1369 497 1434 Tart
518 1368 657 1454 Ourteys
676 1367 893 1433 summonitus
913 1368 977 1433 fuit
999 1368 1041 1433 ad
1062 1365 1321 1455 respondendum
1419 1362 1450 1392 ⁶¹⁴

211 1472 375 1539 Wiilelmo
400 1471 562 1537 Maubaut
587 1492 651 1556 quo
676 1469 747 1535 iure
771 1469 875 1556 exigit
900 1492 1104 1536 communem
1129 1477 1261 1557 pastura
1287 1469 1323 1534 in

212 1584 299 1641 terra
326 1574 429 1662 ipsius
455 1571 612 1638 Willelmi
638 1571 678 1637 de
703 1573 853 1637 Hortona
876 1573 1002 1638 desicut
1027 1572 1114 1639 idem
1139 1572 1323 1638 Willelmus

212 1680 335 1745 nullam
364 1679 465 1745 habet
493 1701 699 1743 communem
732 1678 768 1743 in
798 1688 885 1743 terra
914 1678 1016 1764 ipsius
1045 1677 1117 1744 Ade
1146 1700 1206 1744 nec
1234 1677 1322 1743 idem

212 1783 320 1849 Adam
334 1782 507 1848 semicium
522 1791 583 1848 etc.

277 1890 322 1953 Et
336 1886 443 1953 Adam
458 1887 552 1952 uenit
567 1895 601 1953 et
617 1887 698 1952 dicit
713 1886 799 1973 quod
813 1887 883 1973 ipse
897 1886 984 1952 iuste
999 1886 1103 1975 exigit
1117 1908 1322 1952 communem

213 1993 290 2079 quia
311 2001 527 2057 antecessores
550 1991 706 2057 Willelmi
728 1990 769 2056 de
790 1992 914 2057 Breusa
933 1991 974 2057 de
995 1991 1114 2057 honore
1133 1991 1174 2057 de
1195 1991 1324 2056 Bremia

214 2098 417 2162 feofsuerunt
432 2095 649 2162 antecessores
669 2097 741 2162 Ade
761 2096 802 2161 de
823 2104 910 2161 terra
929 2095 970 2161 de
985 2096 1134 2162 Wicham
1152 2118 1226 2163 oum
1242 2104 1322 2183 pert.

217 2209 251 2266 et
266 2224 340 2266 cum
355 2209 489 2287 pastura
502 2201 538 2265 19
552 2201 687 2265 marisco
707 2199 748 2265 de
769 2199 919 2280 Hortona
938 2222 996 2289 per
1015 2224 1087 2267 xxx.
1103 2222 1204 2267 annos
1220 2199 1323 2287 prius-

215 2328 313 2389 quam
334 2313 550 2369 antecessores
570 2303 728 2369 Willelmi
747 2303 859 2369 1991911
880 2312 988 2369 essent
1007 2304 1049 2368 ab
1069 2303 1324 2371 antecessoribus

214 2407 317 2494 ipsius
331 2407 489 2473 Willelmi
503 2408 545 2473 de
561 2408 685 2473 Breusa
704 2417 739 2474 et
759 2408 819 2473 hac
840 2409 966 2475 racione
986 2410 1091 2496 exigit
1110 2431 1322 2475 communem

215 2513 261 2576 Et
280 2512 361 2577 dicit
379 2512 466 2599 quod
489 2512 567 2578 facit
588 2512 664 2579 inde
688 2513 862 2578 seruicium
886 2537 981 2580 suum
1003 2513 1092 2600 apud
1115 2514 1244 2580 Bremle
1267 2535 1324 2600 pro

215 2627 303 2680 terra
316 2637 376 2681 sua
389 2614 486 2680 simul
507 2638 581 2680 cum
601 2626 735 2701 pastura
755 2616 813 2682 illa
832 2624 867 2682 et
888 2616 974 2703 quod
993 2617 1042 2683 119
1061 2618 1105 2682 911
1124 2617 1217 2704 ponit
1235 2639 1270 2683 se
1290 2616 1325 2683 in

215 2741 368 2807 magnam
397 2720 529 2786 assisam
556 2721 651 2787 Dom.
677 2721 777 2809 Regis
803 2731 839 2787 et
864 2722 950 2808 petit
974 2722 1229 2810 recognicionem
1255 2720 1327 2787 fieri

215 2832 328 2889 utrum
346 2824 416 2910 ipse
437 2823 543 2889 maius
562 2824 614 2889 ius
635 2824 756 2891 habeat
777 2826 813 2891 19
834 2833 968 2911 pastura
989 2826 1046 2893 illa
1067 2834 1107 2891 ut
1128 2826 1162 2891 in
1184 2826 1241 2891 illa
1262 2846 1326 2911 que

215 2928 358 3015 pertinet
387 2925 430 2992 ad
459 2927 597 2993 liberum
627 2936 854 2994 tenementum
883 2952 979 2995 suum
1004 2930 1039 2997 in
1064 2928 1214 2994 Wicham
1240 2928 1327 3015 quod

215 3030 317 3097 habet
336 3031 376 3097 de
397 3032 592 3098 feofamento
611 3042 850 3100 antecessorum
870 3034 1027 3101 Willelmi
1046 3034 1087 3100 de
1107 3035 1231 3099 Breusa
1249 3032 1327 3099 etsi

216 3138 252 3202 in
266 3132 384 3203 seisina
397 3138 462 3204 1911
477 3138 670 3226 pardonum
690 3140 772 3205 illud
791 3140 833 3206 de
854 3140 967 3207 eadem
987 3148 1120 3227 pastura
1138 3139 1327 3226 priusquam

216 3251 304 3308 terra
323 3242 364 3308 de
384 3243 533 3309 Hortona
552 3252 611 3309 etc.
627 3245 682 3309 uel
701 3244 788 3309 idem
804 3244 988 3310 Willelmus
1007 3242 1142 3310 tenendi
1160 3250 1328 3329 pasturam

219 3346 311 3412 illam
326 3346 396 3411 sine
411 3369 584 3412 communa
599 3370 697 3434 quam
712 3348 801 3413 idem
815 3349 923 3415 Adam
939 3349 1057 3415 habere
1072 3348 1199 3415 debeat.

283 3451 328 3516 Et
343 3450 527 3517 Willelmus
541 3452 629 3518 bene
640 3452 787 3519 concedit
801 3454 934 3520 assisam
949 3454 1028 3541 quia
1040 3453 1121 3520 dicit
1140 3452 1227 3540 quod
1241 3459 1328 3519 terra

217 3553 259 3619 de
275 3554 424 3621 Hortona
437 3554 515 3621 data
530 3556 594 3621 1911
613 3556 868 3623 antecessoribus
888 3558 955 3623 suis
974 3558 1009 3623 in
1029 3556 1237 3644 maritagium
1257 3554 1327 3621 sine

218 3680 392 3725 communa
420 3682 519 3746 quam
549 3670 765 3728 antecessores
793 3662 867 3729 Ade
902 3671 981 3729 tunc
1010 3662 1203 3729 habuerunt
1247 3659 1328 3727 Dies

218 3762 316 3829 datus
330 3771 381 3828 est
395 3763 430 3827 in
444 3787 472 3829 v.
488 3765 687 3850 septimanas
701 3789 722 3831 9
735 3766 795 3831 1911
809 3767 863 3832 (119
878 3776 913 3832 91
927 3766 1063 3832 9991991
1074 3773 1153 3832 1999
1167 3762 1238 3851 iitjt

254 3964 336 4015 ι’1119
363 3965 464 4030 copyist
487 3965 538 4017 has
559 3968 661 4018 written
682 3971 749 4019 91991
799 3983 945 4019 99999199.

220 4030 323 4080 instead
334 4031 363 4080 91
371 4033 498 4081 Riecsdso
507 4031 592 4083 which
603 4032 627 4082 19
637 4033 666 4083 in
677 4034 747 4083 Δ.Β.
832 4034 929 4084 ³Four
944 4032 1051 4095 knights
1072 4036 1100 4083 to
1124 4033 1217 4085 chooss
1239 4034 1327 4087 twelvs

253 4094 310 4145 'L
326 4098 398 4148 192
420 4096 452 4157 (1;
481 4100 643 4163 Tortcunevs
666 4113 748 4149 seems
799 4099 965 4163 recognitam.

312 4212 346 4261 u.
1211 4206 1251 4267 35
