3342 5217
333 422 399 485 460
631 433 781 493 riuumr,
802 432 868 483 nn.
894 420 986 495 1231,
1008 434 1073 485 ar.
1097 370 1157 483 15..

330 628 441 671 omnes
456 606 569 671 dicunt
584 628 650 670 una
664 628 742 671 uoce
759 606 845 692 quod
862 605 1027 691 predictus
1043 606 1227 671 Willelmus
1244 628 1309 670 non
1329 604 1441 691 posuit

330 710 365 774 in
391 710 463 775 uisu
490 732 548 775 suo
570 710 633 776 nisi
656 718 786 774 tautum
809 710 891 774 duas
912 718 1022 795 partes
1038 710 1063 795 j.
1086 709 1163 774 rode
1184 730 1283 795 prope
1306 718 1438 795 pratum

328 814 431 900 ipsius
445 814 592 890 walteri,
608 824 643 879 et
660 836 774 879 reuera
795 813 905 899 posuit
927 814 962 878 in
984 814 1058 878 uisu
1080 836 1140 878 suo
1159 814 1201 878 de
1221 827 1315 899 prato
1335 813 1440 898 ipsius

329 916 487 981 Walteri¹
502 916 630 981 circiter
643 916 719 981 dim.
737 938 796 981 sor.
813 916 854 980 de
869 938 933 1002 quo
948 916 1036 980 idem
1056 914 1217 981 Reinerus
1236 925 1316 980 tunc
1336 914 1438 979 nichil

328 1020 484 1087 clamauit
512 1044 572 1085 uec
601 1020 708 1085 adhuc
737 1018 862 1106 aliquid
890 1020 1010 1084 clamat
1038 1018 1125 1083 sicut
1158 1019 1228 1105 ipse
1264 1018 1438 1105 cognoscit

328 1125 497 1191 Judicium
518 1125 653 1211 ponitur
677 1125 712 1189 in
736 1132 920 1210 respectum
929 1123 947 1189 ¹.
992 1124 1037 1187 Et
1062 1124 1231 1189 recordum
1257 1123 1365 1189 estin
1387 1146 1438 1187 ro-

292 1222 313 1257 *
329 1226 420 1292 tulo⁸
434 1236 493 1292 etc.
535 1228 598 1292 Er*
613 1227 690 1313 quia
704 1226 847 1292 bellinus
862 1225 956 1292 Dom.
972 1226 1072 1313 Regis
1086 1235 1121 1291 et
1135 1226 1259 1291 uisores
1273 1235 1440 1291 testantur

328 1332 415 1419 quod
437 1331 524 1396 idem
548 1329 728 1395 Reinerus⁶
754 1352 817 1395 non
844 1331 953 1416 posuit
979 1330 1014 1394 in
1040 1332 1114 1395 uisu
1137 1353 1197 1396 suo
1218 1330 1281 1395 nisi
1306 1339 1438 1395 tantum

328 1436 409 1500 dues
423 1443 532 1521 portes
550 1435 575 1520 j.
590 1434 666 1499 rode
684 1443 719 1500 et
737 1435 865 1500 circiter
879 1435 955 1499 dim.
971 1456 1031 1499 acr.
1048 1457 1147 1520 quam
1169 1434 1257 1499 idem
1272 1434 1441 1499 Walterus

328 1546 421 1604 tenet
439 1546 473 1602 et
489 1537 654 1604 Walterus
676 1538 785 1624 posuit
807 1560 842 1602 se
863 1538 899 1601 in
921 1536 1010 1601 dicta
1031 1560 1143 1602 eorum
1161 1536 1248 1623 quod
1269 1536 1441 1602 amitteret

328 1644 558 1729 inperpetuum
582 1642 736 1707 elamium
761 1664 858 1707 suum
882 1642 910 1707 si
932 1650 1046 1706 contra
1067 1641 1175 1727 ipsum
1201 1641 1347 1705 dicerent
1369 1642 1439 1709 seit

328 1747 356 1811 si
385 1769 449 1811 uon
478 1747 637 1831 posuisset
660 1754 767 1811 totum
789 1755 921 1832 pratum
943 1746 980 1811 in
1000 1746 1075 1811 uisu
1097 1768 1165 1824 suo,
1188 1745 1439 1812 consideratum

328 1858 379 1915 est
399 1849 487 1937 quod
508 1850 667 1915 Reinerus
696 1858 808 1915 teneat
837 1850 872 1915 in
902 1872 981 1936 pace
1008 1859 1043 1915 et
1067 1850 1232 1915 Walterus
1255 1849 1290 1913 in
1313 1849 1440 1915 miseri·

328 1954 444 2020 cordis.

393 2054 437 2121 ‘J
438 2065 532 2121 urata
546 2056 638 2121 uenit
653 2056 859 2143 recognitum
873 2057 913 2122 de
929 2080 1085 2122 consensu
1101 2057 1247 2143 parcium
1266 2057 1296 2121 si
1314 2057 1441 2121 Nicbo-

216 2176 269 2205 ⁰¹³⁸
330 2160 401 2224 laus
415 2168 509 2245 pater
523 2160 697 2245 Reginaldi
712 2160 762 2225 ius
777 2160 867 2225 aliud
883 2162 938 2226 uel
952 2162 1053 2226 edium
1067 2162 1251 2247 ingressum
1271 2162 1391 2227 habuit
1404 2161 1442 2225 in

330 2283 359 2327 v.
374 2284 434 2327 scr.
451 2271 535 2327 terre
557 2284 631 2327 cum
646 2270 728 2347 pert.
743 2262 778 2326 in
794 2262 1088 2351 Tregenegethwic'
1103 2272 1138 2328 et
1153 2263 1275 2328 Sancto
1289 2262 1442 2327 Austello

331 2364 488 2429 Kamarb'
504 2372 539 2429 et
560 2365 596 2429 in
617 2366 768 2430 Knrwala
789 2388 888 2451 quam
907 2388 967 2452 per
986 2366 1166 2431 Robertum
1187 2366 1228 2430 de
1243 2366 1368 2430 Pridias
1383 2366 1444 2452 qui

330 2468 405 2533 inde
432 2490 497 2532 non
518 2468 636 2532 habuit
659 2468 722 2532 nisi
744 2469 924 2534 custodiam
946 2492 1021 2533 cum
1044 2469 1189 2533 Waltero
1210 2468 1252 2533 de
1274 2468 1444 2552 Treuerby

330 2573 408 2637 dum
424 2570 511 2635 idem
526 2571 691 2637 Walteius
712 2572 776 2636 fuit
795 2572 831 2637 in
851 2573 999 2637 custodia
1018 2595 1078 2637 sua
1100 2581 1134 2637 et
1151 2572 1237 2637 infra
1257 2580 1391 2648 etatem,
1406 2583 1444 2637 et

331 2676 417 2740 uude
440 2675 527 2739 idem
547 2675 712 2740 Walterus
734 2675 814 2740 dicit
838 2675 925 2761 quod
948 2675 1023 2739 Ada
1043 2683 1138 2760 pater
1158 2698 1237 2739 suus
1258 2674 1342 2740 obiit
1362 2676 1444 2741 inde

331 2780 460 2844 seisitus
474 2787 513 2844 ut
527 2779 568 2844 de
584 2778 676 2845 feodo
691 2787 760 2856 etc,
776 2788 811 2844 et
828 2779 916 2845 uude
936 2778 1023 2844 idem
1038 2779 1239 2867 Reginaldus
1258 2778 1338 2844 dicit
1353 2780 1445 2866 quod

330 2882 495 2968 predictus
524 2883 598 2947 Ada
626 2906 691 2948 non
721 2883 802 2948 obiit
831 2883 908 2948 inde
937 2883 1068 2949 seisitus
1102 2892 1141 2948 ut
1169 2882 1211 2948 de
1240 2882 1333 2947 feodo
1362 2884 1447 2968 quia

331 2992 476 3071 tempore
505 2984 643 3071 predicti
672 2983 744 3049 Ade
781 2985 892 3050 tenuit
926 2986 1094 3072 predictus
1131 2985 1310 3050 Nicholaus
1345 2994 1446 3071 peter

330 3086 432 3173 ipsius
458 3086 632 3173 Reginaldi
661 3096 782 3151 terram
811 3088 902 3152 illam
932 3088 981 3153 ita
1008 3088 1096 3174 quod
1125 3087 1258 3173 quidam
1287 3088 1446 3155 Oliuerus

331 3191 417 3256 filius
446 3191 584 3256 Isebelle
614 3192 729 3256 sororis
758 3192 861 3277 ipsius
898 3192 1050 3257 Nicholai
1086 3191 1294 3277 inplacitauit
1330 3192 1444 3277 ipsum

331 3296 527 3361 Nioholaum
557 3295 592 3359 in
618 3295 708 3359 curia
737 3294 831 3361 Dom
857 3295 957 3382 Regis
983 3294 1118 3361 Henrici
1143 3293 1199 3358 aui
1221 3294 1315 3359 Dom.
1339 3295 1446 3381 Regis

331 3398 427 3465 etin
456 3406 586 3463 tantum
615 3397 770 3482 processit
798 3398 928 3483 loquela
956 3396 1044 3462 inter
1072 3418 1127 3461 eos
1156 3396 1244 3482 quod
1271 3394 1448 3461 concordia

331 3506 417 3569 sacta
438 3502 501 3567 fuit
523 3502 685 3568 intereos
707 3510 742 3567 et
764 3525 823 3587 per
843 3502 1070 3589 cirographum
1093 3500 1143 3566 et'
1164 3523 1224 3586 per
1244 3499 1332 3586 quod
1351 3508 1446 3566 terra

331 3610 388 3673 illa
409 3608 563 3673 remansit
581 3607 692 3693 quiete
714 3607 777 3693 ipsi
800 3607 959 3672 Nioholao
981 3614 1015 3672 et
1037 3605 1211 3671 heredibus
1232 3604 1307 3679 suis,
1321 3611 1356 3670 et
1379 3605 1445 3671 hoc

331 3712 453 3777 factum
482 3711 546 3776 fuit
575 3718 724 3797 presente
753 3710 900 3797 predicto
929 3708 1004 3774 Ada
1033 3718 1068 3774 et
1100 3708 1231 3774 desicut
1266 3707 1336 3794 ipse
1363 3707 1447 3775 Ada

331 3817 458 3881 nullum
486 3815 639 3882 clamium
669 3815 820 3901 apposuit
849 3813 957 3878 noluit
985 3812 1016 3878 ei
1041 3811 1236 3898 respondere
1262 3811 1325 3875 nisi
1349 3812 1448 3879 curia

330 3919 554 3997 consideraret,
569 3928 603 3984 et
625 3919 712 3983 unde
734 3918 899 4004 predictus
913 3918 1079 3983 Walterus
1097 3916 1183 3981 dixit
1202 3916 1290 4003 quod
1309 3915 1445 3982 nullum

330 4023 486 4110 placitum
502 4020 566 4087 suit
585 4021 672 4086 inter
690 4021 874 4106 predictum
890 4020 1060 4086 Oliuerum
1083 4031 1118 4083 et
1138 4018 1334 4083 Nioholaum
1354 4026 1446 4083 tem-

330 4201 719 4317 soindvddffiteit’iodiriilniid
740 4200 768 4249 in
793 4199 858 4250 ὢν
941 4196 1181 4313 :dopriswliiriun
1190 4197 1342 4312 pistricis

363 4333 374 4364 ²
390 4347 466 4395 morte
475 4334 503 4380 in
514 4334 624 4381 crastino
636 4301 788 4393 Animorum,
800 4330 831 4379 B.
941 4328 951 4360 ⁸
967 4328 998 4377 Β.
1010 4300 1045 4379 ni.
1059 4330 1083 4379 9.
1186 4300 1194 4320 '
1343 4296 1350 4310 ι

333 4469 342 4510 ί
363 4396 420 4510 ³ch
426 4405 505 4509 1{erra
524 4399 550 4446 S.
569 4397 649 4446 Mirr.
669 4398 783 4459 proximo
802 4410 858 4459 pre·
941 4393 951 4425 ⁷
970 4394 1028 4444 Om.
1040 4401 1065 4442 et
1075 4392 1107 4444 B.
1183 4411 1192 4431 ι

343 4478 378 4511 err
392 4478 414 4519 o,
450 4498 456 4510 .
