3342 5217
371 438 435 504 266
604 436 607 446 '
669 437 1100 512 armanalanam
1125 437 1175 502 13.

372 619 531 686 Gileberti
544 619 585 686 de
602 621 786 688 Stauntona
801 622 911 687 tenuit
922 629 1042 686 terram
1053 622 1144 687 illam
1154 631 1189 687 et
1199 622 1367 687 ecclesiam
1375 621 1476 698 illam,

370 730 500 808 etpost
522 745 597 788 eum
619 723 753 809 quidam
775 723 934 788 Ricardus
955 723 1043 788 filius
1063 723 1165 809 ipsius
1186 723 1346 788 Leonardi
1367 723 1477 788 tenuit

369 833 489 889 terram
503 825 593 890 illam
609 833 643 890 et
658 826 835 904 ecclesiam,
848 833 883 891 ct
897 834 972 912 post
983 826 1159 891 Ricardum
1170 826 1302 912 quidam
1313 827 1477 891 Robertus

369 936 464 1014 pater
486 928 646 994 Gileberti
668 937 703 994 et
726 930 825 996 frater
848 931 980 996 Ricardi
1001 931 1139 996 retinuit
1155 931 1282 1015 laycum
1297 930 1427 998 feodum
1442 935 1477 993 et

369 1033 461 1098 dedit
486 1033 654 1098 ecclesiam
683 1033 773 1099 illam
803 1033 949 1119 predicto
979 1035 1131 1112 Galfrido,
1162 1044 1197 1100 et
1221 1035 1341 1121 quesiti
1362 1042 1475 1098 utrum

368 1137 508 1223 predicti
536 1138 722 1204 Leonardns
745 1147 779 1203 et
802 1139 960 1204 Ricardus
982 1146 1160 1204 tenuerunt
1182 1138 1414 1204 terramillam
1437 1144 1476 1200 ut

369 1242 497 1326 laycum
513 1241 651 1320 feodum,
669 1242 723 1307 uel
738 1251 777 1306 ut
792 1241 844 1306 ius
855 1242 988 1307 ecclesie
1000 1265 1067 1320 sne,
1075 1242 1189 1307 dicunt
1200 1241 1287 1328 quod
1298 1248 1476 1306 tenuerunt

369 1352 489 1408 terram
511 1344 601 1408 illam
623 1353 663 1409 ut
685 1345 813 1431 laycum
837 1344 977 1422 feodum,
991 1354 1027 1409 et
1048 1345 1135 1431 quod
1157 1345 1368 1410 reddiderunt
1390 1343 1477 1429 capi·

369 1446 491 1512 talibus
505 1446 644 1512 dominis
659 1447 745 1512 feodi
759 1470 787 1512 rc
804 1447 859 1512 sot
881 1469 940 1533 per
958 1470 1031 1512 ann
1075 1449 1122 1512 Et
1142 1447 1216 1513 ideo
1237 1447 1475 1512 consideratum

370 1559 420 1615 est
443 1549 530 1636 quod
550 1550 716 1615 Walterus
738 1559 773 1615 et
794 1550 852 1615 alii
874 1559 1010 1616 teneant
1030 1551 1066 1615 in
1086 1573 1175 1637 pace,
1198 1559 1233 1616 et
1255 1549 1419 1616 Galfridus
1439 1551 1476 1615 in

369 1653 592 1720 misericordia.

314 1817 321 1832 ,
435 1757 602 1823 ¹Ascelina
616 1781 678 1844 que
695 1759 758 1824 fuit
773 1781 854 1824 uxor
869 1760 1030 1825 Johannis
1050 1760 1091 1825 de
1115 1760 1275 1826 Stanham
1297 1781 1355 1845 per
1373 1766 1475 1824 attor-

369 1869 485 1926 natum
507 1882 603 1924 suum
624 1860 711 1945 petit
732 1883 846 1925 uersus
865 1860 1050 1926 Johannem
1071 1861 1113 1926 de
1134 1862 1256 1947 Aspelc
1278 1870 1313 1926 ct
1334 1861 1475 1926 Aliciam

369 1987 502 2030 uxorem
518 1964 588 2050 eius
602 1986 702 2028 unam
717 1964 798 2052 uirg.
814 1973 900 2029 terre
915 1987 990 2030 cum
1004 1973 1087 2051 pert.
1102 1965 1137 2030 in
1151 1965 1363 2052 Addungtona
1373 1973 1413 2029 ut
1423 1965 1476 2029 ius

370 2079 405 2135 et
419 2069 635 2134 hereditatem
655 2091 756 2146 suam,
772 2077 807 2133 et
826 2069 862 2133 in
882 2092 981 2156 quam
1002 2092 1068 2135 non
1089 2070 1189 2135 habet
1210 2071 1392 2158 ingressum
1413 2070 1478 2135 nisi

370 2197 428 2262 per
442 2173 624 2260 predictum
640 2172 663 2237 J
664 2173 824 2239 ohannem
840 2174 950 2238 uirum
964 2197 1062 2239 suum
1077 2175 1131 2240 cui
1144 2175 1216 2260 ipsa
1230 2183 1281 2239 est
1295 2174 1369 2240 etc.¹

436 2278 480 2342 Et
495 2276 518 2341 J
518 2277 661 2341 ohannes
676 2285 711 2340 et
725 2277 832 2341 Alicio
845 2276 984 2342 ueniunt
999 2286 1034 2343 et
1044 2278 1159 2343 dicunt
1173 2278 1259 2364 qnod
1273 2301 1337 2342 non
1352 2277 1478 2344 habent

370 2381 551 2468 ingressum
576 2402 635 2466 per
658 2380 765 2466 ipsum
791 2380 986 2458 «iohannem,
1012 2390 1063 2446 set
1084 2404 1143 2467 per
1163 2381 1268 2467 ipsam
1289 2382 1476 2447 Ascelinam

371 2492 510 2549 matrem
525 2483 627 2569 ipsius
641 2483 746 2548 Alicie
762 2506 825 2570 que
841 2493 956 2570 sponte
971 2493 1006 2549 et
1016 2485 1103 2550 bona
1112 2486 1283 2551 uoluntate
1294 2508 1355 2550 sua
1368 2494 1404 2551 et
1417 2509 1479 2571 per

372 2611 537 2654 assensum
552 2588 654 2674 ipsius
669 2588 692 2653 J
692 2588 828 2654 ohannis
844 2589 935 2655 dedit
950 2591 982 2655 ei
997 2600 1116 2656 terram
1136 2591 1236 2668 illam,
1257 2599 1293 2655 et
1311 2590 1373 2655 hoc
1391 2590 1477 2656 bene

371 2702 473 2781 patet,
488 2694 565 2781 quia
578 2701 652 2778 post
667 2703 804 2758 mortem
820 2695 923 2781 ipsius
937 2695 961 2760 J
961 2695 1097 2760 ohannis
1111 2696 1176 2760 uiri
1196 2696 1249 2760 sui
1261 2695 1298 2759 in
1312 2695 1478 2760 uiduitate

371 2819 432 2861 sua
459 2803 564 2860 ratam
593 2795 710 2860 habuit
732 2795 943 2862 donacionem
968 2798 1058 2863 illam
1084 2821 1183 2885 quam
1208 2798 1240 2862 ei
1262 2796 1405 2875 fecerat⁸,
1427 2798 1479 2863 ita

372 2901 458 2988 quod
481 2899 568 2985 cepit
589 2899 754 2964 redditum
776 2901 816 2966 de
840 2903 954 2967 eadem
977 2911 1071 2979 terra,
1093 2903 1337 2974 scilicetnnam
1359 2901 1478 2966 libram

370 3003 483 3069 cimini
497 3024 555 3088 per
569 3009 635 3066 tres
649 3025 750 3067 annos
765 3003 814 3068 ita
829 3003 916 3090 quod
935 3005 1036 3069 semel
1056 3003 1159 3090 cepit⁴
1178 3025 1236 3090 pro
1256 3003 1326 3068 libr.
1346 3003 1479 3090 cymini,

371 3115 406 3172 et
420 3106 496 3171 inde
510 3103 603 3190 ponit
617 3127 651 3169 se
667 3127 764 3191 super
777 3105 926 3172 iuratam

437 3210 481 3274 Et
495 3207 647 3273 Ascelina
661 3208 722 3273 hoc
743 3218 851 3274 totum
871 3210 1020 3276 defendit
1041 3218 1076 3275 et
1098 3209 1179 3275 dicit
1201 3210 1287 3296 quod
1308 3232 1479 3296 nunquam

371 3320 445 3400 post
459 3319 597 3376 mortem
611 3310 675 3374 uiri
690 3311 742 3376 sui
756 3313 845 3398 cepit
865 3313 1030 3378 redditum
1050 3314 1153 3391 illum,
1168 3322 1219 3378 set
1241 3314 1335 3378 illum
1349 3335 1481 3399 sempcr

371 3416 530 3483 refutauit
541 3423 575 3480 et
586 3415 661 3480 inde
674 3416 767 3501 ponit
777 3439 812 3482 se
821 3439 920 3503 super
929 3417 1079 3494 iuratam,
1090 3425 1126 3482 et
1136 3417 1219 3482 bene
1230 3416 1378 3481 concedit
1389 3417 1478 3502 quod

372 3523 400 3588 si
421 3523 529 3587 iurato
542 3519 631 3584 dicat
646 3520 732 3605 quod
753 3522 919 3592 redditum
934 3521 1028 3586 illum
1046 3530 1120 3607 post
1142 3528 1281 3585 mortem
1295 3519 1397 3606 ipsius
1418 3520 1478 3585 Jo-

372 3626 489 3690 hannis
502 3622 668 3708 receperit,
680 3624 766 3710 quod
778 3634 858 3690 tunc
867 3624 891 3689 J
890 3625 1035 3689 ohannes
1046 3633 1081 3689 et
1091 3624 1198 3689 Alicio
1205 3631 1340 3688 teneant
1350 3623 1386 3688 in
1396 3645 1479 3708 pace

370 3760 431 3822 per
451 3733 572 3800 donum
592 3732 684 3810 illud,
703 3731 753 3796 sin
773 3737 894 3806 autem,
914 3737 995 3793 tunc
1018 3715 1112 3819 rone?
1132 3726 1292 3790 Ascelina
1337 3725 1382 3790 Et
1402 3725 1479 3791 idco

372 3840 431 3904 fiat
445 3839 553 3904 iurata
567 3849 601 3904 et
616 3838 729 3904 ueniat
744 3857 764 3900 a
778 3834 831 3898 die
847 3833 958 3899 Pasch.
973 3833 1009 3896 in
1024 3840 1090 3896 tres
1104 3837 1185 3915 sept
1197 3829 1240 3894 ad
1250 3851 1479 3916 recognoscen-

373 3943 451 4008 dum
466 3941 493 4007 si
508 3941 654 4028 predicto
667 3937 819 4004 Ascelina
833 3945 907 4022 post
921 3943 1059 4001 mortem
1073 3933 1212 4020 predicti
1232 3933 1257 3998 J
1257 3933 1393 3998 ohannis
1411 3932 1482 3998 uiri

372 4046 425 4111 sui
452 4045 574 4131 recepit
596 4045 636 4110 de
658 4041 812 4129 predictis
834 4039 985 4105 Johanne
1007 4046 1042 4103 et
1063 4037 1171 4102 Alicia
1190 4035 1356 4102 redditum
1377 4036 1480 4102 unius

405 4213 462 4262 1A.
473 4226 509 4262 m.
519 4214 544 4261 8.
948 4203 1052 4256 instead
1063 4204 1092 4254 of
1100 4203 1146 4254 tha
1156 4201 1246 4266 pound
1256 4201 1388 4252 oscumin.

405 4277 492 4328 ²0m.
515 4285 560 4335 ert,
582 4275 617 4336 A;
645 4277 689 4326 cui
710 4277 768 4340 ipso
789 4276 818 4324 tn
840 4275 900 4324 aito
981 4268 1108 4320 'Thmis
1124 4268 1170 4320 the
1186 4265 1346 4342 abbreviated
1367 4267 1435 4343 (orm
1448 4269 1484 4318 of

373 4344 704 4404 contradicerenonpotuit.
948 4338 1056 4387 ratione.
1089 4330 1479 4406 Thewordindisrndrstmct,

406 4408 417 4440 ³
434 4407 663 4458 SeeBr.f.321b.
948 4397 1265 4460 bntitseamatoberec’5
1281 4396 1480 4450 Asoahnaisto

406 4473 417 4505 ⁴
433 4472 532 4537 Supply
543 4474 595 4536 iiij.
606 4488 635 4535 r.‚
649 4472 687 4534 A3
703 4471 762 4522 four
776 4468 898 4533 shillings
949 4481 1060 4518 renovat.
