<?xml version="1.0" encoding="UTF-8"?>
<!DOCTYPE html PUBLIC "-//W3C//DTD XHTML 1.0 Transitional//EN"
    "http://www.w3.org/TR/xhtml1/DTD/xhtml1-transitional.dtd">
<html xmlns="http://www.w3.org/1999/xhtml" xml:lang="en" lang="en">
 <head>
  <title>
</title>
<meta http-equiv="Content-Type" content="text/html;charset=utf-8" />
  <meta name='ocr-system' content='tesseract 3.04.00' />
  <meta name='ocr-capabilities' content='ocr_page ocr_carea ocr_par ocr_line ocrx_word'/>
</head>
<body>
  <div class='ocr_page' id='page_1' title='image "bractonsnoteboo01maitgoog_0701.png"; bbox 0 0 3342 5217; ppageno 0'>
   <div class='ocr_carea' id='block_1_1' title="bbox 86 1980 164 2049">
    <p class='ocr_par' dir='ltr' id='par_1_1' title="bbox 86 1980 164 2049">
     <span class='ocr_line' id='line_1_1' title="bbox 86 1980 164 2049; baseline -0.026 -2"><span class='ocrx_word' id='word_1_1' title='bbox 86 1980 164 2049; x_wconf 77' lang='lat'><strong>907.</strong></span> 
     </span>
    </p>
   </div>
   <div class='ocr_carea' id='block_1_2' title="bbox 442 395 1320 507">
    <p class='ocr_par' dir='ltr' id='par_1_2' title="bbox 442 395 1320 507">
     <span class='ocr_line' id='line_1_2' title="bbox 442 395 1320 507; baseline -0.001 -10"><span class='ocrx_word' id='word_1_2' title='bbox 442 395 678 507; x_wconf 71' lang='lat' dir='ltr'>moninus,</span> <span class='ocrx_word' id='word_1_3' title='bbox 699 444 766 497; x_wconf 68' lang='lat' dir='ltr'>in.</span> <span class='ocrx_word' id='word_1_4' title='bbox 788 430 884 506; x_wconf 77' lang='lat'>1224,</span> <span class='ocrx_word' id='word_1_5' title='bbox 905 440 969 495; x_wconf 72' lang='lat' dir='ltr'>na</span> <span class='ocrx_word' id='word_1_6' title='bbox 992 430 1087 494; x_wconf 78' lang='lat' dir='ltr'>s-e.</span> <span class='ocrx_word' id='word_1_7' title='bbox 1254 424 1320 497; x_wconf 75' lang='lat' dir='ltr'>est</span> 
     </span>
    </p>
   </div>
   <div class='ocr_carea' id='block_1_3' title="bbox 209 610 1372 1952">
    <p class='ocr_par' dir='ltr' id='par_1_3' title="bbox 210 610 1372 1221">
     <span class='ocr_line' id='line_1_3' title="bbox 211 610 1322 705; baseline -0.002 -20"><span class='ocrx_word' id='word_1_8' title='bbox 211 619 254 685; x_wconf 91' lang='lat' dir='ltr'>de</span> <span class='ocrx_word' id='word_1_9' title='bbox 279 620 313 687; x_wconf 81' lang='lat' dir='ltr'>S.</span> <span class='ocrx_word' id='word_1_10' title='bbox 335 618 479 685; x_wconf 80' lang='lat' dir='ltr'>Martino</span> <span class='ocrx_word' id='word_1_11' title='bbox 498 625 594 705; x_wconf 89' lang='lat' dir='ltr'>pater</span> <span class='ocrx_word' id='word_1_12' title='bbox 614 616 773 682; x_wconf 87' lang='lat' dir='ltr'>Willelmi</span> <span class='ocrx_word' id='word_1_13' title='bbox 798 616 828 681; x_wconf 92' lang='lat' dir='ltr'>le</span> <span class='ocrx_word' id='word_1_14' title='bbox 855 610 984 682; x_wconf 77' lang='lat' dir='ltr'>Mersd¹</span> <span class='ocrx_word' id='word_1_15' title='bbox 1006 616 1145 681; x_wconf 81' lang='lat' dir='ltr'>feofatus</span> <span class='ocrx_word' id='word_1_16' title='bbox 1166 615 1208 683; x_wconf 89' lang='lat' dir='ltr'>ab</span> <span class='ocrx_word' id='word_1_17' title='bbox 1229 623 1322 683; x_wconf 81' lang='lat' dir='ltr'>ante·</span> 
     </span>
     <span class='ocr_line' id='line_1_4' title="bbox 212 717 1323 805; baseline -0.003 -16"><span class='ocrx_word' id='word_1_18' title='bbox 212 745 334 789; x_wconf 78' lang='lat' dir='ltr'>oessere</span> <span class='ocrx_word' id='word_1_19' title='bbox 348 721 494 788; x_wconf 89' lang='lat' dir='ltr'>eiusdem</span> <span class='ocrx_word' id='word_1_20' title='bbox 515 719 653 787; x_wconf 84' lang='lat' dir='ltr'>Comitis</span> <span class='ocrx_word' id='word_1_21' title='bbox 671 718 713 784; x_wconf 88' lang='lat' dir='ltr'>de</span> <span class='ocrx_word' id='word_1_22' title='bbox 732 719 826 785; x_wconf 77' lang='lat' dir='ltr'>feodo</span> <span class='ocrx_word' id='word_1_23' title='bbox 843 719 868 805; x_wconf 89' lang='lat' dir='ltr'>j.</span> <span class='ocrx_word' id='word_1_24' title='bbox 882 717 998 784; x_wconf 90' lang='lat' dir='ltr'>militis</span> <span class='ocrx_word' id='word_1_25' title='bbox 1017 718 1052 783; x_wconf 89' lang='lat' dir='ltr'>in</span> <span class='ocrx_word' id='word_1_26' title='bbox 1071 718 1270 786; x_wconf 80' lang='lat' dir='ltr'>Obadenwik</span> <span class='ocrx_word' id='word_1_27' title='bbox 1288 730 1323 787; x_wconf 91' lang='lat' dir='ltr'>et</span> 
     </span>
     <span class='ocr_line' id='line_1_5' title="bbox 210 817 1372 910; baseline -0.007 -17"><span class='ocrx_word' id='word_1_28' title='bbox 210 827 252 893; x_wconf 90' lang='lat' dir='ltr'>de</span> <span class='ocrx_word' id='word_1_29' title='bbox 276 826 391 893; x_wconf 87' lang='lat' dir='ltr'>eodem</span> <span class='ocrx_word' id='word_1_30' title='bbox 416 826 509 891; x_wconf 85' lang='lat' dir='ltr'>feodo</span> <span class='ocrx_word' id='word_1_31' title='bbox 534 828 611 890; x_wconf 86' lang='lat' dir='ltr'>eum</span> <span class='ocrx_word' id='word_1_32' title='bbox 634 822 772 889; x_wconf 83' lang='lat' dir='ltr'>feoiauit</span> <span class='ocrx_word' id='word_1_33' title='bbox 794 822 983 891; x_wconf 87' lang='lat' dir='ltr'>Osmundus</span> <span class='ocrx_word' id='word_1_34' title='bbox 1006 822 1182 910; x_wconf 78' lang='lat' dir='ltr'>Episcopus</span> <span class='ocrx_word' id='word_1_35' title='bbox 1205 817 1323 891; x_wconf 76' lang='lat' dir='ltr'>Sams-</span> <span class='ocrx_word' id='word_1_36' title='bbox 1369 878 1372 885; x_wconf 91' lang='grc'><strong>.</strong></span> 
     </span>
     <span class='ocr_line' id='line_1_6' title="bbox 210 926 1325 1012; baseline -0.002 -17"><span class='ocrx_word' id='word_1_37' title='bbox 210 927 374 995; x_wconf 87' lang='lat' dir='ltr'>biriensis¹</span> <span class='ocrx_word' id='word_1_38' title='bbox 388 936 425 994; x_wconf 88' lang='lat' dir='ltr'>et</span> <span class='ocrx_word' id='word_1_39' title='bbox 438 928 485 993; x_wconf 86' lang='lat' dir='ltr'><strong>sic</strong></span> <span class='ocrx_word' id='word_1_40' title='bbox 498 928 609 993; x_wconf 90' lang='lat' dir='ltr'>tenuit</span> <span class='ocrx_word' id='word_1_41' title='bbox 622 926 710 993; x_wconf 89' lang='lat' dir='ltr'>idem</span> <span class='ocrx_word' id='word_1_42' title='bbox 729 926 916 992; x_wconf 85' lang='lat' dir='ltr'>Willelmus</span> <span class='ocrx_word' id='word_1_43' title='bbox 930 926 1070 1012; x_wconf 79' lang='lat' dir='ltr'>primus¹</span> <span class='ocrx_word' id='word_1_44' title='bbox 1083 934 1155 991; x_wconf 86' lang='lat' dir='ltr'>tota</span> <span class='ocrx_word' id='word_1_45' title='bbox 1174 928 1247 993; x_wconf 86' lang='lat' dir='ltr'>uita</span> <span class='ocrx_word' id='word_1_46' title='bbox 1265 950 1325 994; x_wconf 85' lang='lat' dir='ltr'>sua</span> 
     </span>
     <span class='ocr_line' id='line_1_7' title="bbox 210 1029 1324 1119; baseline -0.003 -19"><span class='ocrx_word' id='word_1_47' title='bbox 210 1042 247 1101; x_wconf 89' lang='lat' dir='ltr'>et</span> <span class='ocrx_word' id='word_1_48' title='bbox 265 1040 439 1119; x_wconf 86' lang='lat' dir='ltr'>post.eum</span> <span class='ocrx_word' id='word_1_49' title='bbox 460 1032 647 1097; x_wconf 84' lang='lat' dir='ltr'>Willelmus</span> <span class='ocrx_word' id='word_1_50' title='bbox 667 1030 755 1096; x_wconf 88' lang='lat' dir='ltr'>filius</span> <span class='ocrx_word' id='word_1_51' title='bbox 777 1052 856 1095; x_wconf 91' lang='lat' dir='ltr'><strong>suus</strong></span> <span class='ocrx_word' id='word_1_52' title='bbox 877 1037 938 1098; x_wconf 81' lang='lat' dir='ltr'>ete.</span> <span class='ocrx_word' id='word_1_53' title='bbox 960 1038 995 1094; x_wconf 90' lang='lat' dir='ltr'>et</span> <span class='ocrx_word' id='word_1_54' title='bbox 1022 1030 1068 1094; x_wconf 86' lang='lat' dir='ltr'><strong>sic</strong></span> <span class='ocrx_word' id='word_1_55' title='bbox 1094 1029 1135 1096; x_wconf 92' lang='lat' dir='ltr'>de</span> <span class='ocrx_word' id='word_1_56' title='bbox 1158 1031 1324 1097; x_wconf 90' lang='lat' dir='ltr'>Willelmo</span> 
     </span>
     <span class='ocr_line' id='line_1_8' title="bbox 211 1132 1250 1221; baseline 0 -19"><span class='ocrx_word' id='word_1_57' title='bbox 211 1135 386 1203; x_wconf 82' lang='lat' dir='ltr'>Godefrido</span> <span class='ocrx_word' id='word_1_58' title='bbox 400 1143 461 1202; x_wconf 83' lang='lat' dir='ltr'>ete.</span> <span class='ocrx_word' id='word_1_59' title='bbox 476 1144 511 1201; x_wconf 88' lang='lat' dir='ltr'>et</span> <span class='ocrx_word' id='word_1_60' title='bbox 525 1136 587 1200; x_wconf 86' lang='lat' dir='ltr'>hae</span> <span class='ocrx_word' id='word_1_61' title='bbox 601 1134 729 1200; x_wconf 72' lang='lat' dir='ltr'>ratione</span> <span class='ocrx_word' id='word_1_62' title='bbox 743 1134 830 1220; x_wconf 88' lang='lat' dir='ltr'>petit</span> <span class='ocrx_word' id='word_1_63' title='bbox 844 1134 914 1221; x_wconf 92' lang='lat' dir='ltr'>ipse</span> <span class='ocrx_word' id='word_1_64' title='bbox 930 1132 1047 1201; x_wconf 81' lang='lat' dir='ltr'>comes</span> <span class='ocrx_word' id='word_1_65' title='bbox 1061 1134 1250 1202; x_wconf 79' lang='lat' dir='ltr'><strong>custodiam.</strong></span> 
     </span>
    </p>

    <p class='ocr_par' dir='ltr' id='par_1_4' title="bbox 211 1236 1325 1535">
     <span class='ocr_line' id='line_1_9' title="bbox 278 1236 1325 1325; baseline 0.001 -20"><span class='ocrx_word' id='word_1_66' title='bbox 278 1240 322 1305; x_wconf 86' lang='lat' dir='ltr'>Et</span> <span class='ocrx_word' id='word_1_67' title='bbox 336 1239 513 1305; x_wconf 87' lang='lat' dir='ltr'>Abbatissa</span> <span class='ocrx_word' id='word_1_68' title='bbox 532 1238 593 1305; x_wconf 85' lang='lat' dir='ltr'>hoc</span> <span class='ocrx_word' id='word_1_69' title='bbox 612 1238 759 1305; x_wconf 79' lang='lat' dir='ltr'><strong>defendit</strong></span> <span class='ocrx_word' id='word_1_70' title='bbox 779 1246 814 1303; x_wconf 88' lang='lat' dir='ltr'>et</span> <span class='ocrx_word' id='word_1_71' title='bbox 833 1238 914 1305; x_wconf 85' lang='lat' dir='ltr'>dicit</span> <span class='ocrx_word' id='word_1_72' title='bbox 933 1238 1020 1325; x_wconf 88' lang='lat' dir='ltr'><strong>quod</strong></span> <span class='ocrx_word' id='word_1_73' title='bbox 1036 1236 1230 1305; x_wconf 86' lang='lat' dir='ltr'>Godefridus</span> <span class='ocrx_word' id='word_1_74' title='bbox 1244 1238 1325 1306; x_wconf 86' lang='lat' dir='ltr'>n0n⁴</span> 
     </span>
     <span class='ocr_line' id='line_1_10' title="bbox 211 1340 1323 1430; baseline 0.001 -22"><span class='ocrx_word' id='word_1_75' title='bbox 211 1343 277 1409; x_wconf 85' lang='lat' dir='ltr'>fuit</span> <span class='ocrx_word' id='word_1_76' title='bbox 296 1342 400 1430; x_wconf 89' lang='lat' dir='ltr'>primo</span> <span class='ocrx_word' id='word_1_77' title='bbox 421 1342 560 1408; x_wconf 82' lang='lat' dir='ltr'>leofatus</span> <span class='ocrx_word' id='word_1_78' title='bbox 579 1342 621 1407; x_wconf 88' lang='lat' dir='ltr'>ab</span> <span class='ocrx_word' id='word_1_79' title='bbox 641 1350 841 1409; x_wconf 84' lang='lat' dir='ltr'>anteeessore</span> <span class='ocrx_word' id='word_1_80' title='bbox 863 1341 1008 1409; x_wconf 89' lang='lat' dir='ltr'>eiusdem</span> <span class='ocrx_word' id='word_1_81' title='bbox 1032 1340 1170 1408; x_wconf 81' lang='lat' dir='ltr'>Comitis</span> <span class='ocrx_word' id='word_1_82' title='bbox 1190 1350 1225 1409; x_wconf 86' lang='lat' dir='ltr'>et</span> <span class='ocrx_word' id='word_1_83' title='bbox 1247 1342 1323 1409; x_wconf 91' lang='lat' dir='ltr'>inde</span> 
     </span>
     <span class='ocr_line' id='line_1_11' title="bbox 211 1446 632 1535; baseline 0 -21"><span class='ocrx_word' id='word_1_84' title='bbox 211 1449 307 1535; x_wconf 92' lang='lat' dir='ltr'>ponit</span> <span class='ocrx_word' id='word_1_85' title='bbox 320 1470 356 1513; x_wconf 88' lang='lat' dir='ltr'>se</span> <span class='ocrx_word' id='word_1_86' title='bbox 369 1469 468 1534; x_wconf 90' lang='lat' dir='ltr'>super</span> <span class='ocrx_word' id='word_1_87' title='bbox 480 1446 632 1534; x_wconf 86' lang='lat' dir='ltr'>patriam.</span> 
     </span>
    </p>

    <p class='ocr_par' dir='ltr' id='par_1_5' title="bbox 278 1545 1301 1636">
     <span class='ocr_line' id='line_1_12' title="bbox 278 1545 1301 1636; baseline 0.001 -20"><span class='ocrx_word' id='word_1_88' title='bbox 278 1552 324 1616; x_wconf 87' lang='lat' dir='ltr'>Et</span> <span class='ocrx_word' id='word_1_89' title='bbox 338 1549 454 1617; x_wconf 79' lang='lat' dir='ltr'>Comes</span> <span class='ocrx_word' id='word_1_90' title='bbox 468 1550 549 1616; x_wconf 81' lang='lat' dir='ltr'>dicit</span> <span class='ocrx_word' id='word_1_91' title='bbox 563 1548 650 1636; x_wconf 89' lang='lat' dir='ltr'><strong>quod</strong></span> <span class='ocrx_word' id='word_1_92' title='bbox 663 1572 730 1615; x_wconf 91' lang='lat' dir='ltr'>non</span> <span class='ocrx_word' id='word_1_93' title='bbox 744 1550 819 1615; x_wconf 89' lang='lat' dir='ltr'>uult</span> <span class='ocrx_word' id='word_1_94' title='bbox 829 1572 868 1615; x_wconf 88' lang='lat' dir='ltr'>se</span> <span class='ocrx_word' id='word_1_95' title='bbox 883 1570 1003 1636; x_wconf 87' lang='lat' dir='ltr'>ponere</span> <span class='ocrx_word' id='word_1_96' title='bbox 1018 1571 1116 1634; x_wconf 85' lang='lat' dir='ltr'>super</span> <span class='ocrx_word' id='word_1_97' title='bbox 1129 1547 1278 1617; x_wconf 80' lang='lat' dir='ltr'>iuratam</span> <span class='ocrx_word' id='word_1_98' title='bbox 1299 1545 1301 1549; x_wconf 66' lang='grc'><strong>’</strong></span> 
     </span>
    </p>

    <p class='ocr_par' dir='ltr' id='par_1_6' title="bbox 209 1652 1322 1952">
     <span class='ocr_line' id='line_1_13' title="bbox 278 1652 1322 1742; baseline 0.002 -21"><span class='ocrx_word' id='word_1_99' title='bbox 278 1657 325 1721; x_wconf 87' lang='lat' dir='ltr'>Et</span> <span class='ocrx_word' id='word_1_100' title='bbox 346 1655 531 1721; x_wconf 89' lang='lat' dir='ltr'>Willelmus</span> <span class='ocrx_word' id='word_1_101' title='bbox 554 1654 595 1721; x_wconf 92' lang='lat' dir='ltr'>de</span> <span class='ocrx_word' id='word_1_102' title='bbox 621 1652 804 1720; x_wconf 85' lang='lat' dir='ltr'>Shoreuilla</span> <span class='ocrx_word' id='word_1_103' title='bbox 827 1654 920 1719; x_wconf 88' lang='lat' dir='ltr'>uenit</span> <span class='ocrx_word' id='word_1_104' title='bbox 946 1663 982 1720; x_wconf 90' lang='lat' dir='ltr'>et</span> <span class='ocrx_word' id='word_1_105' title='bbox 1006 1654 1197 1742; x_wconf 83' lang='lat' dir='ltr'><strong>dicitquod</strong></span> <span class='ocrx_word' id='word_1_106' title='bbox 1223 1656 1322 1723; x_wconf 90' lang='lat' dir='ltr'>habet</span> 
     </span>
     <span class='ocr_line' id='line_1_14' title="bbox 213 1758 1322 1849; baseline 0.001 -22"><span class='ocrx_word' id='word_1_107' title='bbox 213 1784 352 1849; x_wconf 83' lang='lat' dir='ltr'>puemm</span> <span class='ocrx_word' id='word_1_108' title='bbox 380 1761 416 1825; x_wconf 93' lang='lat' dir='ltr'>in</span> <span class='ocrx_word' id='word_1_109' title='bbox 445 1759 592 1826; x_wconf 81' lang='lat' dir='ltr'>custodia</span> <span class='ocrx_word' id='word_1_110' title='bbox 619 1782 679 1847; x_wconf 89' lang='lat' dir='ltr'>per</span> <span class='ocrx_word' id='word_1_111' title='bbox 706 1758 800 1825; x_wconf 88' lang='lat' dir='ltr'>Dom</span> <span class='ocrx_word' id='word_1_112' title='bbox 828 1761 953 1847; x_wconf 82' lang='lat' dir='ltr'>Regem</span> <span class='ocrx_word' id='word_1_113' title='bbox 983 1768 1018 1827; x_wconf 92' lang='lat' dir='ltr'>et</span> <span class='ocrx_word' id='word_1_114' title='bbox 1047 1760 1141 1826; x_wconf 90' lang='lat' dir='ltr'>illum</span> <span class='ocrx_word' id='word_1_115' title='bbox 1170 1760 1322 1828; x_wconf 76' lang='lat' dir='ltr'>liberabit</span> 
     </span>
     <span class='ocr_line' id='line_1_15' title="bbox 209 1864 651 1952; baseline -0.002 -21"><span class='ocrx_word' id='word_1_116' title='bbox 209 1866 396 1952; x_wconf 66' lang='lat' dir='ltr'>cuicunque</span> <span class='ocrx_word' id='word_1_117' title='bbox 409 1864 567 1933; x_wconf 80' lang='lat' dir='ltr'>debebit⁸.</span> <span class='ocrx_word' id='word_1_118' title='bbox 648 1892 651 1897; x_wconf 67' lang='grc'><strong>’</strong></span> 
     </span>
    </p>
   </div>
   <div class='ocr_carea' id='block_1_4' title="bbox 279 1968 1443 2057">
    <p class='ocr_par' dir='ltr' id='par_1_7' title="bbox 279 1968 1443 2057">
     <span class='ocr_line' id='line_1_16' title="bbox 279 1968 1443 2057; baseline 0.001 -22"><span class='ocrx_word' id='word_1_119' title='bbox 279 1969 405 2035; x_wconf 78' lang='lat' dir='ltr'><strong>‘Assisa</strong></span> <span class='ocrx_word' id='word_1_120' title='bbox 425 1970 519 2035; x_wconf 89' lang='lat' dir='ltr'>uenit</span> <span class='ocrx_word' id='word_1_121' title='bbox 539 1970 746 2057; x_wconf 74' lang='lat' dir='ltr'>recognitum</span> <span class='ocrx_word' id='word_1_122' title='bbox 766 1969 794 2035; x_wconf 84' lang='lat' dir='ltr'>ei</span> <span class='ocrx_word' id='word_1_123' title='bbox 815 1969 963 2057; x_wconf 75' lang='lat' dir='ltr'>Roget-us</span> <span class='ocrx_word' id='word_1_124' title='bbox 990 1968 1143 2048; x_wconf 82' lang='lat' dir='ltr'>Clericus,</span> <span class='ocrx_word' id='word_1_125' title='bbox 1164 1969 1323 2037; x_wconf 85' lang='lat' dir='ltr'>Ricardus</span> <span class='ocrx_word' id='word_1_126' title='bbox 1426 1989 1443 2019; x_wconf 62' lang='grc' dir='ltr'>τ·</span> 
     </span>
    </p>
   </div>
   <div class='ocr_carea' id='block_1_5' title="bbox 210 2072 1439 4021">
    <p class='ocr_par' dir='ltr' id='par_1_8' title="bbox 215 2072 1324 2466">
     <span class='ocr_line' id='line_1_17' title="bbox 215 2072 1322 2161; baseline -0.001 -21"><span class='ocrx_word' id='word_1_127' title='bbox 215 2073 371 2161; x_wconf 66' lang='lat' dir='ltr'>Halesby;</span> <span class='ocrx_word' id='word_1_128' title='bbox 392 2073 554 2161; x_wconf 70' lang='lat' dir='ltr'>Margarita</span> <span class='ocrx_word' id='word_1_129' title='bbox 577 2074 637 2151; x_wconf 84' lang='lat' dir='ltr'>Re,</span> <span class='ocrx_word' id='word_1_130' title='bbox 663 2072 811 2161; x_wconf 82' lang='lat' dir='ltr'>Rogems</span> <span class='ocrx_word' id='word_1_131' title='bbox 837 2072 974 2151; x_wconf 85' lang='lat' dir='ltr'>Pollerd,</span> <span class='ocrx_word' id='word_1_132' title='bbox 994 2073 1162 2139; x_wconf 73' lang='lat' dir='ltr'>iohannes</span> <span class='ocrx_word' id='word_1_133' title='bbox 1188 2073 1322 2155; x_wconf 84' lang='lat' dir='ltr'>Fellide,</span> 
     </span>
     <span class='ocr_line' id='line_1_18' title="bbox 215 2175 1321 2263; baseline 0.001 -22"><span class='ocrx_word' id='word_1_134' title='bbox 215 2177 329 2242; x_wconf 80' lang='lat' dir='ltr'>Simon</span> <span class='ocrx_word' id='word_1_135' title='bbox 342 2175 503 2263; x_wconf 80' lang='lat' dir='ltr'>Utlaghe&#39;</span> <span class='ocrx_word' id='word_1_136' title='bbox 517 2184 553 2241; x_wconf 91' lang='lat' dir='ltr'>et</span> <span class='ocrx_word' id='word_1_137' title='bbox 566 2176 624 2240; x_wconf 84' lang='lat' dir='ltr'>alii</span> <span class='ocrx_word' id='word_1_138' title='bbox 637 2175 747 2261; x_wconf 87' lang='lat' dir='ltr'>plures</span> <span class='ocrx_word' id='word_1_139' title='bbox 761 2175 883 2241; x_wconf 89' lang='lat' dir='ltr'>iniuste</span> <span class='ocrx_word' id='word_1_140' title='bbox 898 2184 934 2241; x_wconf 87' lang='lat' dir='ltr'>et</span> <span class='ocrx_word' id='word_1_141' title='bbox 953 2176 1023 2242; x_wconf 89' lang='lat' dir='ltr'>sine</span> <span class='ocrx_word' id='word_1_142' title='bbox 1042 2175 1162 2242; x_wconf 82' lang='lat' dir='ltr'><strong>iudicio</strong></span> <span class='ocrx_word' id='word_1_143' title='bbox 1182 2177 1321 2243; x_wconf 86' lang='lat' dir='ltr'><strong>disseisi-</strong></span> 
     </span>
     <span class='ocr_line' id='line_1_19' title="bbox 215 2276 1324 2364; baseline 0.001 -20"><span class='ocrx_word' id='word_1_144' title='bbox 215 2286 336 2344; x_wconf 83' lang='lat' dir='ltr'>uemnt</span> <span class='ocrx_word' id='word_1_145' title='bbox 364 2276 541 2344; x_wconf 70' lang='lat' dir='ltr'>Ricardum</span> <span class='ocrx_word' id='word_1_146' title='bbox 570 2278 611 2344; x_wconf 91' lang='lat' dir='ltr'>de</span> <span class='ocrx_word' id='word_1_147' title='bbox 646 2277 749 2364; x_wconf 82' lang='lat' dir='ltr'>Percy</span> <span class='ocrx_word' id='word_1_148' title='bbox 781 2277 823 2343; x_wconf 88' lang='lat' dir='ltr'>de</span> <span class='ocrx_word' id='word_1_149' title='bbox 854 2277 955 2345; x_wconf 82' lang='lat' dir='ltr'><strong>libem</strong></span> <span class='ocrx_word' id='word_1_150' title='bbox 984 2286 1173 2345; x_wconf 76' lang='lat' dir='ltr'>tenemento</span> <span class='ocrx_word' id='word_1_151' title='bbox 1201 2302 1260 2345; x_wconf 89' lang='lat' dir='ltr'>suo</span> <span class='ocrx_word' id='word_1_152' title='bbox 1289 2280 1324 2345; x_wconf 91' lang='lat' dir='ltr'>in</span> 
     </span>
     <span class='ocr_line' id='line_1_20' title="bbox 218 2379 529 2466; baseline 0.003 -20"><span class='ocrx_word' id='word_1_153' title='bbox 218 2379 367 2447; x_wconf 79' lang='lat' dir='ltr'>Semare⁸</span> <span class='ocrx_word' id='word_1_154' title='bbox 380 2388 454 2466; x_wconf 88' lang='lat' dir='ltr'>post</span> <span class='ocrx_word' id='word_1_155' title='bbox 468 2387 529 2447; x_wconf 79' lang='lat' dir='ltr'>ete</span> 
     </span>
    </p>

    <p class='ocr_par' dir='ltr' id='par_1_9' title="bbox 210 2482 1439 3299">
     <span class='ocr_line' id='line_1_21' title="bbox 210 2482 1325 2570; baseline 0.001 -19"><span class='ocrx_word' id='word_1_156' title='bbox 210 2543 214 2551; x_wconf 90' lang='lat'><em>.</em></span> <span class='ocrx_word' id='word_1_157' title='bbox 281 2484 325 2549; x_wconf 86' lang='lat' dir='ltr'>Et</span> <span class='ocrx_word' id='word_1_158' title='bbox 354 2504 466 2549; x_wconf 87' lang='lat' dir='ltr'>omnes</span> <span class='ocrx_word' id='word_1_159' title='bbox 491 2482 647 2548; x_wconf 79' lang='lat' dir='ltr'>ueniunt⁸</span> <span class='ocrx_word' id='word_1_160' title='bbox 675 2504 735 2570; x_wconf 86' lang='lat' dir='ltr'>per</span> <span class='ocrx_word' id='word_1_161' title='bbox 762 2486 966 2550; x_wconf 84' lang='lat' dir='ltr'>attornatum</span> <span class='ocrx_word' id='word_1_162' title='bbox 995 2506 1091 2549; x_wconf 84' lang='lat' dir='ltr'>suum</span> <span class='ocrx_word' id='word_1_163' title='bbox 1121 2485 1260 2552; x_wconf 86' lang='lat' dir='ltr'>ueniunt</span> <span class='ocrx_word' id='word_1_164' title='bbox 1290 2494 1325 2552; x_wconf 88' lang='lat' dir='ltr'>et</span> 
     </span>
     <span class='ocr_line' id='line_1_22' title="bbox 213 2584 1324 2674; baseline 0.002 -21"><span class='ocrx_word' id='word_1_165' title='bbox 213 2586 330 2654; x_wconf 78' lang='lat' dir='ltr'>dicum</span> <span class='ocrx_word' id='word_1_166' title='bbox 354 2585 441 2672; x_wconf 88' lang='lat' dir='ltr'><strong>quod</strong></span> <span class='ocrx_word' id='word_1_167' title='bbox 464 2608 530 2651; x_wconf 89' lang='lat' dir='ltr'>non</span> <span class='ocrx_word' id='word_1_168' title='bbox 555 2585 654 2651; x_wconf 84' lang='lat' dir='ltr'>debet</span> <span class='ocrx_word' id='word_1_169' title='bbox 679 2584 756 2651; x_wconf 88' lang='lat' dir='ltr'>inde</span> <span class='ocrx_word' id='word_1_170' title='bbox 781 2586 882 2651; x_wconf 81' lang='lat' dir='ltr'><strong>assisa</strong></span> <span class='ocrx_word' id='word_1_171' title='bbox 906 2586 977 2653; x_wconf 87' lang='lat' dir='ltr'>fieri</span> <span class='ocrx_word' id='word_1_172' title='bbox 1002 2587 1080 2674; x_wconf 91' lang='lat' dir='ltr'>quia</span> <span class='ocrx_word' id='word_1_173' title='bbox 1108 2585 1172 2673; x_wconf 86' lang='lat' dir='ltr'>ipsi</span> <span class='ocrx_word' id='word_1_174' title='bbox 1199 2589 1324 2655; x_wconf 87' lang='lat' dir='ltr'>nullam</span> 
     </span>
     <span class='ocr_line' id='line_1_23' title="bbox 214 2690 1326 2777; baseline 0.002 -19"><span class='ocrx_word' id='word_1_175' title='bbox 214 2701 335 2758; x_wconf 86' lang='lat' dir='ltr'>terram</span> <span class='ocrx_word' id='word_1_176' title='bbox 358 2697 473 2756; x_wconf 87' lang='lat' dir='ltr'>tenent</span> <span class='ocrx_word' id='word_1_177' title='bbox 494 2690 530 2755; x_wconf 91' lang='lat' dir='ltr'>in</span> <span class='ocrx_word' id='word_1_178' title='bbox 555 2690 688 2757; x_wconf 85' lang='lat' dir='ltr'>Semare</span> <span class='ocrx_word' id='word_1_179' title='bbox 712 2690 811 2756; x_wconf 93' lang='lat' dir='ltr'>immo</span> <span class='ocrx_word' id='word_1_180' title='bbox 834 2690 976 2777; x_wconf 87' lang='lat' dir='ltr'>quedam</span> <span class='ocrx_word' id='word_1_181' title='bbox 1001 2714 1091 2759; x_wconf 88' lang='lat' dir='ltr'>mora</span> <span class='ocrx_word' id='word_1_182' title='bbox 1115 2693 1203 2759; x_wconf 90' lang='lat' dir='ltr'>unde</span> <span class='ocrx_word' id='word_1_183' title='bbox 1225 2694 1326 2760; x_wconf 78' lang='lat' dir='ltr'><strong>assisa</strong></span> 
     </span>
     <span class='ocr_line' id='line_1_24' title="bbox 214 2790 1325 2881; baseline 0.001 -21"><span class='ocrx_word' id='word_1_184' title='bbox 214 2793 374 2860; x_wconf 86' lang='lat' dir='ltr'>aramiata</span> <span class='ocrx_word' id='word_1_185' title='bbox 392 2799 443 2857; x_wconf 88' lang='lat' dir='ltr'>est</span> <span class='ocrx_word' id='word_1_186' title='bbox 464 2800 516 2857; x_wconf 91' lang='lat' dir='ltr'>est</span> <span class='ocrx_word' id='word_1_187' title='bbox 535 2790 577 2857; x_wconf 88' lang='lat' dir='ltr'>de</span> <span class='ocrx_word' id='word_1_188' title='bbox 595 2790 757 2857; x_wconf 81' lang='lat' dir='ltr'>dominico</span> <span class='ocrx_word' id='word_1_189' title='bbox 771 2792 866 2859; x_wconf 92' lang='lat' dir='ltr'>Dom.</span> <span class='ocrx_word' id='word_1_190' title='bbox 881 2792 983 2880; x_wconf 87' lang='lat' dir='ltr'>Regis</span> <span class='ocrx_word' id='word_1_191' title='bbox 996 2792 1037 2859; x_wconf 86' lang='lat' dir='ltr'>de</span> <span class='ocrx_word' id='word_1_192' title='bbox 1053 2794 1275 2881; x_wconf 81' lang='lat' dir='ltr'>Seardeburgo</span> <span class='ocrx_word' id='word_1_193' title='bbox 1290 2804 1325 2861; x_wconf 90' lang='lat' dir='ltr'>et</span> 
     </span>
     <span class='ocr_line' id='line_1_25' title="bbox 214 2892 1324 2983; baseline 0.004 -22"><span class='ocrx_word' id='word_1_194' title='bbox 214 2896 359 2983; x_wconf 84' lang='lat' dir='ltr'>pertinet</span> <span class='ocrx_word' id='word_1_195' title='bbox 373 2893 415 2960; x_wconf 86' lang='lat' dir='ltr'>ad</span> <span class='ocrx_word' id='word_1_196' title='bbox 426 2893 540 2959; x_wconf 88' lang='lat' dir='ltr'>uillam</span> <span class='ocrx_word' id='word_1_197' title='bbox 553 2892 596 2959; x_wconf 88' lang='lat' dir='ltr'>de</span> <span class='ocrx_word' id='word_1_198' title='bbox 607 2892 829 2981; x_wconf 83' lang='lat' dir='ltr'>Seardeburgo</span> <span class='ocrx_word' id='word_1_199' title='bbox 840 2902 875 2959; x_wconf 91' lang='lat' dir='ltr'>et</span> <span class='ocrx_word' id='word_1_200' title='bbox 886 2916 951 2959; x_wconf 92' lang='lat' dir='ltr'>non</span> <span class='ocrx_word' id='word_1_201' title='bbox 965 2893 1008 2960; x_wconf 85' lang='lat' dir='ltr'>ad</span> <span class='ocrx_word' id='word_1_202' title='bbox 1022 2895 1154 2961; x_wconf 84' lang='lat' dir='ltr'>Semare</span> <span class='ocrx_word' id='word_1_203' title='bbox 1169 2906 1205 2962; x_wconf 92' lang='lat' dir='ltr'>et</span> <span class='ocrx_word' id='word_1_204' title='bbox 1219 2898 1324 2965; x_wconf 89' lang='lat' dir='ltr'>diuise</span> 
     </span>
     <span class='ocr_line' id='line_1_26' title="bbox 215 2994 1325 3086; baseline 0.002 -23"><span class='ocrx_word' id='word_1_205' title='bbox 215 3006 294 3063; x_wconf 89' lang='lat' dir='ltr'>sunt</span> <span class='ocrx_word' id='word_1_206' title='bbox 307 2997 395 3062; x_wconf 84' lang='lat' dir='ltr'>inter</span> <span class='ocrx_word' id='word_1_207' title='bbox 408 3004 528 3061; x_wconf 85' lang='lat' dir='ltr'>terram</span> <span class='ocrx_word' id='word_1_208' title='bbox 543 2994 584 3061; x_wconf 92' lang='lat' dir='ltr'>de</span> <span class='ocrx_word' id='word_1_209' title='bbox 599 2995 732 3061; x_wconf 84' lang='lat' dir='ltr'>Samara</span> <span class='ocrx_word' id='word_1_210' title='bbox 751 3004 786 3061; x_wconf 91' lang='lat' dir='ltr'>et</span> <span class='ocrx_word' id='word_1_211' title='bbox 800 3004 921 3063; x_wconf 76' lang='lat' dir='ltr'>tenam</span> <span class='ocrx_word' id='word_1_212' title='bbox 935 2996 976 3061; x_wconf 89' lang='lat' dir='ltr'>de</span> <span class='ocrx_word' id='word_1_213' title='bbox 992 2996 1222 3086; x_wconf 83' lang='lat' dir='ltr'>Seardeburgo,</span> <span class='ocrx_word' id='word_1_214' title='bbox 1236 3000 1325 3065; x_wconf 84' lang='lat' dir='ltr'>seii¹⁰</span> 
     </span>
     <span class='ocr_line' id='line_1_27' title="bbox 214 3099 1325 3192; baseline 0.004 -25"><span class='ocrx_word' id='word_1_215' title='bbox 214 3124 302 3187; x_wconf 86' lang='lat' dir='ltr'>aqua</span> <span class='ocrx_word' id='word_1_216' title='bbox 313 3120 446 3171; x_wconf 68' lang='lat' dir='ltr'>aunem</span> <span class='ocrx_word' id='word_1_217' title='bbox 459 3123 562 3187; x_wconf 88' lang='lat' dir='ltr'>usque</span> <span class='ocrx_word' id='word_1_218' title='bbox 577 3099 618 3166; x_wconf 87' lang='lat' dir='ltr'>ad</span> <span class='ocrx_word' id='word_1_219' title='bbox 632 3122 730 3178; x_wconf 87' lang='lat' dir='ltr'>mare,</span> <span class='ocrx_word' id='word_1_220' title='bbox 744 3108 780 3167; x_wconf 89' lang='lat' dir='ltr'>et</span> <span class='ocrx_word' id='word_1_221' title='bbox 794 3100 882 3187; x_wconf 88' lang='lat' dir='ltr'><strong>quod</strong></span> <span class='ocrx_word' id='word_1_222' title='bbox 900 3100 950 3166; x_wconf 86' lang='lat' dir='ltr'>ita</span> <span class='ocrx_word' id='word_1_223' title='bbox 968 3101 1013 3167; x_wconf 91' lang='lat' dir='ltr'>sit</span> <span class='ocrx_word' id='word_1_224' title='bbox 1032 3110 1160 3188; x_wconf 90' lang='lat' dir='ltr'>ponunt</span> <span class='ocrx_word' id='word_1_225' title='bbox 1178 3126 1213 3169; x_wconf 85' lang='lat' dir='ltr'>se</span> <span class='ocrx_word' id='word_1_226' title='bbox 1227 3126 1325 3192; x_wconf 86' lang='lat' dir='ltr'>super</span> 
     </span>
     <span class='ocr_line' id='line_1_28' title="bbox 215 3204 1439 3299; baseline -0.001 -26"><span class='ocrx_word' id='word_1_227' title='bbox 215 3205 420 3273; x_wconf 81' lang='lat' dir='ltr'>ueredictum</span> <span class='ocrx_word' id='word_1_228' title='bbox 433 3205 549 3293; x_wconf 86' lang='lat' dir='ltr'>patrie.</span> <span class='ocrx_word' id='word_1_229' title='bbox 1260 3204 1266 3210; x_wconf 74' lang='grc'><em>“</em></span> <span class='ocrx_word' id='word_1_230' title='bbox 1378 3291 1381 3299; x_wconf 32' lang='grc' dir='ltr'>Ι</span> <span class='ocrx_word' id='word_1_231' title='bbox 1435 3208 1439 3215; x_wconf 84' lang='grc'><strong>’</strong></span> 
     </span>
    </p>

    <p class='ocr_par' dir='ltr' id='par_1_10' title="bbox 281 3309 1325 3399">
     <span class='ocr_line' id='line_1_29' title="bbox 281 3309 1325 3399; baseline 0.002 -21"><span class='ocrx_word' id='word_1_232' title='bbox 281 3312 326 3379; x_wconf 87' lang='lat' dir='ltr'>Et</span> <span class='ocrx_word' id='word_1_233' title='bbox 347 3312 505 3378; x_wconf 86' lang='lat' dir='ltr'>Rieardus</span> <span class='ocrx_word' id='word_1_234' title='bbox 526 3334 586 3399; x_wconf 85' lang='lat' dir='ltr'>per</span> <span class='ocrx_word' id='word_1_235' title='bbox 604 3316 807 3378; x_wconf 88' lang='lat' dir='ltr'>attornatum</span> <span class='ocrx_word' id='word_1_236' title='bbox 829 3332 927 3377; x_wconf 90' lang='lat' dir='ltr'>suum</span> <span class='ocrx_word' id='word_1_237' title='bbox 947 3309 1135 3398; x_wconf 85' lang='lat' dir='ltr'><strong>dicitquod</strong></span> <span class='ocrx_word' id='word_1_238' title='bbox 1156 3335 1247 3380; x_wconf 86' lang='lat' dir='ltr'>mora</span> <span class='ocrx_word' id='word_1_239' title='bbox 1267 3314 1325 3380; x_wconf 82' lang='lat' dir='ltr'>ills</span> 
     </span>
    </p>

    <p class='ocr_par' dir='ltr' id='par_1_11' title="bbox 212 3412 1324 4021">
     <span class='ocr_line' id='line_1_30' title="bbox 215 3412 1323 3503; baseline 0 -21"><span class='ocrx_word' id='word_1_240' title='bbox 215 3426 266 3482; x_wconf 90' lang='lat' dir='ltr'>est</span> <span class='ocrx_word' id='word_1_241' title='bbox 280 3416 321 3482; x_wconf 90' lang='lat' dir='ltr'>de</span> <span class='ocrx_word' id='word_1_242' title='bbox 338 3416 469 3482; x_wconf 86' lang='lat' dir='ltr'>Semare</span> <span class='ocrx_word' id='word_1_243' title='bbox 483 3422 519 3479; x_wconf 88' lang='lat' dir='ltr'>et</span> <span class='ocrx_word' id='word_1_244' title='bbox 532 3413 676 3501; x_wconf 87' lang='lat' dir='ltr'>pertinet</span> <span class='ocrx_word' id='word_1_245' title='bbox 689 3412 732 3479; x_wconf 88' lang='lat' dir='ltr'>ad</span> <span class='ocrx_word' id='word_1_246' title='bbox 745 3414 877 3480; x_wconf 84' lang='lat' dir='ltr'>Semare</span> <span class='ocrx_word' id='word_1_247' title='bbox 889 3420 924 3479; x_wconf 88' lang='lat' dir='ltr'>et</span> <span class='ocrx_word' id='word_1_248' title='bbox 934 3435 999 3479; x_wconf 92' lang='lat' dir='ltr'>non</span> <span class='ocrx_word' id='word_1_249' title='bbox 1010 3412 1053 3479; x_wconf 87' lang='lat' dir='ltr'>ad</span> <span class='ocrx_word' id='word_1_250' title='bbox 1064 3414 1323 3503; x_wconf 83' lang='lat' dir='ltr'>Scardeburgum</span> 
     </span>
     <span class='ocr_line' id='line_1_31' title="bbox 212 3518 1324 3608; baseline -0.004 -18"><span class='ocrx_word' id='word_1_251' title='bbox 212 3531 251 3590; x_wconf 75' lang='lat' dir='ltr'>,et</span> <span class='ocrx_word' id='word_1_252' title='bbox 273 3520 351 3587; x_wconf 91' lang='lat' dir='ltr'>inde</span> <span class='ocrx_word' id='word_1_253' title='bbox 376 3519 463 3607; x_wconf 87' lang='lat' dir='ltr'>petit</span> <span class='ocrx_word' id='word_1_254' title='bbox 485 3518 625 3585; x_wconf 75' lang='lat' dir='ltr'><strong>assisam</strong></span> <span class='ocrx_word' id='word_1_255' title='bbox 670 3518 714 3583; x_wconf 87' lang='lat' dir='ltr'>Et</span> <span class='ocrx_word' id='word_1_256' title='bbox 737 3518 815 3605; x_wconf 83' lang='lat' dir='ltr'>quia</span> <span class='ocrx_word' id='word_1_257' title='bbox 834 3518 1017 3584; x_wconf 85' lang='lat' dir='ltr'>manerium</span> <span class='ocrx_word' id='word_1_258' title='bbox 1038 3518 1080 3584; x_wconf 92' lang='lat' dir='ltr'>de</span> <span class='ocrx_word' id='word_1_259' title='bbox 1102 3518 1324 3608; x_wconf 82' lang='lat' dir='ltr'>Seardeburgo</span> 
     </span>
     <span class='ocr_line' id='line_1_32' title="bbox 216 3621 1324 3708; baseline 0 -18"><span class='ocrx_word' id='word_1_260' title='bbox 216 3632 267 3690; x_wconf 88' lang='lat' dir='ltr'>est</span> <span class='ocrx_word' id='word_1_261' title='bbox 280 3622 479 3689; x_wconf 83' lang='lat' dir='ltr'>dominicum</span> <span class='ocrx_word' id='word_1_262' title='bbox 494 3622 587 3687; x_wconf 89' lang='lat' dir='ltr'>Dom</span> <span class='ocrx_word' id='word_1_263' title='bbox 603 3621 703 3708; x_wconf 81' lang='lat' dir='ltr'>Regis</span> <span class='ocrx_word' id='word_1_264' title='bbox 724 3630 759 3687; x_wconf 86' lang='lat' dir='ltr'>et</span> <span class='ocrx_word' id='word_1_265' title='bbox 778 3621 874 3687; x_wconf 86' lang='lat' dir='ltr'>Dom.</span> <span class='ocrx_word' id='word_1_266' title='bbox 888 3622 959 3687; x_wconf 85' lang='lat' dir='ltr'>Rex</span> <span class='ocrx_word' id='word_1_267' title='bbox 980 3643 1045 3686; x_wconf 86' lang='lat' dir='ltr'>non</span> <span class='ocrx_word' id='word_1_268' title='bbox 1067 3622 1165 3688; x_wconf 90' lang='lat' dir='ltr'>debet</span> <span class='ocrx_word' id='word_1_269' title='bbox 1186 3645 1246 3689; x_wconf 84' lang='lat' dir='ltr'>nec</span> <span class='ocrx_word' id='word_1_270' title='bbox 1267 3625 1324 3690; x_wconf 86' lang='lat' dir='ltr'>wlt</span> 
     </span>
     <span class='ocr_line' id='line_1_33' title="bbox 215 3725 1324 3813; baseline -0.001 -19"><span class='ocrx_word' id='word_1_271' title='bbox 215 3728 349 3794; x_wconf 70' lang='lat' dir='ltr'>raabam</span> <span class='ocrx_word' id='word_1_272' title='bbox 374 3727 556 3813; x_wconf 84' lang='lat' dir='ltr'>relinquere</span> <span class='ocrx_word' id='word_1_273' title='bbox 582 3726 869 3791; x_wconf 78' lang='lat' dir='ltr'>indeterminatam</span> <span class='ocrx_word' id='word_1_274' title='bbox 899 3725 1136 3791; x_wconf 83' lang='lat' dir='ltr'>consideratum</span> <span class='ocrx_word' id='word_1_275' title='bbox 1162 3734 1213 3791; x_wconf 90' lang='lat' dir='ltr'>est</span> <span class='ocrx_word' id='word_1_276' title='bbox 1237 3726 1324 3813; x_wconf 91' lang='lat' dir='ltr'><strong>quod</strong></span> 
     </span>
     <span class='ocr_line' id='line_1_34' title="bbox 214 3829 1324 3919; baseline 0 -21"><span class='ocrx_word' id='word_1_277' title='bbox 214 3830 455 3919; x_wconf 84' lang='lat' dir='ltr'>perambulaeio</span> <span class='ocrx_word' id='word_1_278' title='bbox 469 3830 528 3895; x_wconf 86' lang='lat' dir='ltr'>fiat</span> <span class='ocrx_word' id='word_1_279' title='bbox 542 3830 629 3895; x_wconf 89' lang='lat' dir='ltr'>inter</span> <span class='ocrx_word' id='word_1_280' title='bbox 643 3829 737 3895; x_wconf 84' lang='lat' dir='ltr'>Dom</span> <span class='ocrx_word' id='word_1_281' title='bbox 753 3830 879 3917; x_wconf 83' lang='lat' dir='ltr'>Regem</span> <span class='ocrx_word' id='word_1_282' title='bbox 894 3836 930 3895; x_wconf 87' lang='lat' dir='ltr'>et</span> <span class='ocrx_word' id='word_1_283' title='bbox 943 3829 1050 3916; x_wconf 90' lang='lat' dir='ltr'>ipsum</span> <span class='ocrx_word' id='word_1_284' title='bbox 1072 3830 1246 3897; x_wconf 72' lang='lat' dir='ltr'>Ricardum</span> <span class='ocrx_word' id='word_1_285' title='bbox 1265 3830 1324 3918; x_wconf 82' lang='lat' dir='ltr'>per</span> 
     </span>
     <span class='ocr_line' id='line_1_35' title="bbox 218 3930 1323 4021; baseline 0.002 -22"><span class='ocrx_word' id='word_1_286' title='bbox 218 3934 272 4020; x_wconf 85' lang='lat' dir='ltr'>xij.</span> <span class='ocrx_word' id='word_1_287' title='bbox 285 3934 405 4021; x_wconf 79' lang='lat' dir='ltr'>legales</span> <span class='ocrx_word' id='word_1_288' title='bbox 419 3932 549 4011; x_wconf 84' lang='lat' dir='ltr'>milites,</span> <span class='ocrx_word' id='word_1_289' title='bbox 560 3941 594 3998; x_wconf 88' lang='lat' dir='ltr'>et</span> <span class='ocrx_word' id='word_1_290' title='bbox 608 3933 787 3999; x_wconf 77' lang='lat' dir='ltr'>uieee&#39;omes</span> <span class='ocrx_word' id='word_1_291' title='bbox 801 3930 883 3999; x_wconf 85' lang='lat' dir='ltr'>seire</span> <span class='ocrx_word' id='word_1_292' title='bbox 897 3933 995 3999; x_wconf 81' lang='lat' dir='ltr'>iaciat</span> <span class='ocrx_word' id='word_1_293' title='bbox 1009 3934 1323 4021; x_wconf 74' lang='lat' dir='ltr'>perambulationem</span> 
     </span>
    </p>
   </div>
   <div class='ocr_carea' id='block_1_6' title="bbox 218 4146 1243 4538">
    <p class='ocr_par' dir='ltr' id='par_1_12' title="bbox 218 4146 1243 4471">
     <span class='ocr_line' id='line_1_36' title="bbox 251 4146 1131 4244; baseline 0.018 -61"><span class='ocrx_word' id='word_1_294' title='bbox 251 4152 260 4183; x_wconf 89' lang='lat'>1</span> <span class='ocrx_word' id='word_1_295' title='bbox 272 4158 349 4214; x_wconf 59' lang='lat' dir='ltr'>pam</span> <span class='ocrx_word' id='word_1_296' title='bbox 366 4152 434 4201; x_wconf 65' lang='grc' dir='ltr'>ΜΗ.</span> <span class='ocrx_word' id='word_1_297' title='bbox 460 4149 638 4233; x_wconf 68' lang='lat' dir='ltr'>namucus,</span> <span class='ocrx_word' id='word_1_298' title='bbox 659 4148 698 4209; x_wconf 88' lang='lat' dir='ltr'>B;</span> <span class='ocrx_word' id='word_1_299' title='bbox 723 4146 746 4197; x_wconf 73' lang='lat' dir='ltr'>A</span> <span class='ocrx_word' id='word_1_300' title='bbox 795 4147 937 4244; x_wconf 66' lang='lat' dir='ltr'>septiment,</span> <span class='ocrx_word' id='word_1_301' title='bbox 951 4148 1047 4197; x_wconf 82' lang='lat' dir='ltr'>seeBr.</span> <span class='ocrx_word' id='word_1_302' title='bbox 1060 4149 1131 4201; x_wconf 72' lang='lat' dir='ltr'>nst.</span> 
     </span>
     <span class='ocr_line' id='line_1_37' title="bbox 218 4212 1238 4339; baseline 0.018 -27"><span class='ocrx_word' id='word_1_303' title='bbox 218 4222 325 4331; x_wconf 60' lang='lat' dir='ltr'>winbb,</span> <span class='ocrx_word' id='word_1_304' title='bbox 338 4280 410 4332; x_wconf 72' lang='lat'>1009,</span> <span class='ocrx_word' id='word_1_305' title='bbox 480 4314 485 4319; x_wconf 84' lang='lat'>.</span> <span class='ocrx_word' id='word_1_306' title='bbox 826 4212 1045 4328; x_wconf 50' lang='lat' dir='ltr'>&#39;gisilebdbihgi</span> <span class='ocrx_word' id='word_1_307' title='bbox 1053 4215 1196 4339; x_wconf 58' lang='lat' dir='ltr'><strong>iiiiii,</strong></span> <span class='ocrx_word' id='word_1_308' title='bbox 1208 4280 1238 4330; x_wconf 91' lang='lat' dir='ltr'>B.</span> 
     </span>
     <span class='ocr_line' id='line_1_38' title="bbox 250 4341 1243 4409; baseline 0.018 -30"><span class='ocrx_word' id='word_1_309' title='bbox 250 4345 329 4406; x_wconf 61' lang='lat'>³310¹</span> <span class='ocrx_word' id='word_1_310' title='bbox 342 4345 378 4405; x_wconf 45' lang='grc' dir='ltr'>Μ</span> <span class='ocrx_word' id='word_1_311' title='bbox 392 4346 473 4407; x_wconf 58' lang='lat' dir='ltr'>prim,</span> <span class='ocrx_word' id='word_1_312' title='bbox 487 4344 517 4393; x_wconf 83' lang='grc' dir='ltr'>Β,</span> <span class='ocrx_word' id='word_1_313' title='bbox 827 4341 967 4401; x_wconf 80' lang='lat' dir='ltr'>⁸Seamer,</span> <span class='ocrx_word' id='word_1_314' title='bbox 980 4356 1044 4393; x_wconf 83' lang='lat' dir='ltr'>near</span> <span class='ocrx_word' id='word_1_315' title='bbox 1055 4342 1243 4409; x_wconf 79' lang='lat' dir='ltr'>Searborough.</span> 
     </span>
     <span class='ocr_line' id='line_1_39' title="bbox 250 4406 1124 4471; baseline 0.019 -27"><span class='ocrx_word' id='word_1_316' title='bbox 250 4413 261 4444; x_wconf 73' lang='lat' dir='ltr'>r</span> <span class='ocrx_word' id='word_1_317' title='bbox 278 4411 336 4461; x_wconf 59' lang='grc' dir='ltr'>οη),</span> <span class='ocrx_word' id='word_1_318' title='bbox 348 4426 406 4471; x_wconf 64' lang='lat' dir='ltr'>m,</span> <span class='ocrx_word' id='word_1_319' title='bbox 419 4409 449 4466; x_wconf 69' lang='grc' dir='ltr'>Α,</span> <span class='ocrx_word' id='word_1_320' title='bbox 460 4408 491 4458; x_wconf 82' lang='grc' dir='ltr'>Β,</span> <span class='ocrx_word' id='word_1_321' title='bbox 828 4406 839 4439; x_wconf 77' lang='lat'><strong>⁰</strong></span> <span class='ocrx_word' id='word_1_322' title='bbox 856 4407 913 4457; x_wconf 89' lang='lat' dir='ltr'>Om.</span> <span class='ocrx_word' id='word_1_323' title='bbox 925 4410 1039 4466; x_wconf 67' lang='lat' dir='ltr'>saeuiunt,</span> <span class='ocrx_word' id='word_1_324' title='bbox 1051 4408 1081 4468; x_wconf 77' lang='lat' dir='ltr'>A,</span> <span class='ocrx_word' id='word_1_325' title='bbox 1094 4408 1124 4461; x_wconf 84' lang='grc' dir='ltr'>Β.</span> 
     </span>
    </p>

    <p class='ocr_par' dir='ltr' id='par_1_13' title="bbox 251 4472 1080 4538">
     <span class='ocr_line' id='line_1_40' title="bbox 251 4472 1080 4538; baseline -0.002 -13"><span class='ocrx_word' id='word_1_326' title='bbox 251 4476 313 4526; x_wconf 71' lang='lat' dir='ltr'>‘Aa</span> <span class='ocrx_word' id='word_1_327' title='bbox 336 4480 362 4526; x_wconf 84' lang='lat' dir='ltr'>to</span> <span class='ocrx_word' id='word_1_328' title='bbox 384 4472 514 4538; x_wconf 80' lang='lat' dir='ltr'>wardship</span> <span class='ocrx_word' id='word_1_329' title='bbox 535 4474 568 4536; x_wconf 83' lang='lat' dir='ltr'>by</span> <span class='ocrx_word' id='word_1_330' title='bbox 590 4473 697 4537; x_wconf 74' lang='lat' dir='ltr'>priority</span> <span class='ocrx_word' id='word_1_331' title='bbox 720 4474 748 4522; x_wconf 83' lang='lat' dir='ltr'>ol</span> <span class='ocrx_word' id='word_1_332' title='bbox 829 4472 850 4503; x_wconf 88' lang='lat'>¹⁰</span> <span class='ocrx_word' id='word_1_333' title='bbox 867 4472 1036 4537; x_wconf 77' lang='lat' dir='ltr'>Supplyarw,</span> <span class='ocrx_word' id='word_1_334' title='bbox 1050 4474 1080 4523; x_wconf 94' lang='lat' dir='ltr'>B.</span> 
     </span>
    </p>
   </div>
   <div class='ocr_carea' id='block_1_7' title="bbox 0 0 1680 5217">
    <p class='ocr_par' dir='ltr' id='par_1_14' title="bbox 0 0 1680 5217">
     <span class='ocr_line' id='line_1_41' title="bbox 0 0 1680 5217; baseline 0 0"><span class='ocrx_word' id='word_1_335' title='bbox 0 0 1680 5217; x_wconf 95' lang='lat' dir='ltr'> </span> 
     </span>
    </p>
   </div>
  </div>
 </body>
</html>
