3342 5217
347 455 409 524 174
649 473 798 532 ramur,
821 473 886 521 22.
911 458 1004 531 1222,
1027 471 1089 520 aa.
1113 461 1140 522 6.

345 638 433 704 (12222
454 639 506 704 (122
522 639 657 704 Veneris
677 640 739 703 fuit
754 640 796 704 ad
810 649 936 725 portam
952 631 1049 704 castri
1064 650 1098 704 22
1113 639 1199 726 quod
1220 639 1358 705 Isabella
1379 662 1442 704 non

345 743 438 806 uenit
456 751 506 807 set
525 744 559 807 in
581 743 719 807 22222222
741 741 833 807 uenit
857 741 935 827 ipsa.
979 742 1053 822 Quo
1075 743 1187 807 audito
1210 743 1316 809 adhuc
1338 744 1444 808 221222

345 847 518 912 comitatus
540 847 659 911 adhuc²
680 849 781 912 lacere
797 845 953 910 iudicium
967 847 1043 910 inde
1057 855 1109 911 222
1122 847 1281 912 dederunt
1296 848 1342 912 eis
1356 848 1443 913 diem

345 949 387 1014 ad
410 951 591 1036 proximum
615 949 805 1014 comitatum
829 949 869 1013 de
893 949 1053 1014 audiendo
1076 949 1195 1015 iudicio
1216 973 1274 1015 suo
1294 959 1329 1016 et
1343 951 1388 1016 sic
1402 951 1443 1016 de

345 1053 502 1117 comitatu
524 1052 560 1116 in
582 1051 773 1116 comitatum
797 1049 995 1115 distulerunt
1020 1051 1184 1118 iudicium
1228 1053 1345 1118 Postea
1367 1075 1444 1118 uero

345 1155 438 1220 uenit
459 1155 530 1241 ipsa
550 1155 592 1219 ad
614 1177 715 1219 unum
738 1153 929 1218 comitatum
953 1162 988 1218 22
1012 1154 1097 1218 dixit
1121 1155 1242 1241 precisa
1267 1156 1353 1242 quod
1379 1179 1443 1220 non

345 1259 454 1345 potuit
468 1259 508 1323 de
524 1267 610 1323 terra
623 1258 679 1324 2112
694 1258 848 1343 placitare
864 1258 941 1344 quia
953 1258 1025 1343 ipsa
1038 1259 1138 1324 nichil
1152 1259 1228 1324 inde
1245 1260 1362 1324 habuit
1380 1259 1444 1324 nisi

344 1363 379 1427 in
394 1363 503 1428 dotem
517 1362 604 1428 unde
690 1363 702 1394 ²
801 1363 888 1427 filius
903 1368 937 1426 22
952 1363 1045 1428 122222
1059 1363 1181 1428 Τ122222
1203 1365 1233 1429 12
1254 1364 1359 1430 021222
1379 1363 1444 1428 fuit

344 1475 506 1530 warantus
527 1487 604 1530 2222
622 1472 656 1530 22
678 1464 752 1529 inde
776 1463 906 1528 uocauit
930 1486 1006 1528 eum
1028 1464 1071 1528 ad
1090 1474 1269 1530 warantum
1290 1473 1325 1530 22
1348 1466 1444 1530 datus

345 1569 408 1633 fuit
423 1569 454 1635 ei
468 1569 537 1634 dies
551 1569 591 1634 de
607 1568 754 1633 habendo
769 1575 911 1632 waranto
926 1589 984 1632 suo
999 1568 1040 1632 ad
1055 1568 1236 1654 proximum
1252 1568 1443 1634 comitatum

345 1680 379 1737 22
402 1672 443 1737 ad
465 1673 654 1736 comitatum
677 1671 769 1735 illum
792 1671 885 1734 uenit
907 1670 1019 1735 Simon
1041 1679 1075 1734 22
1097 1671 1261 1756 predictus
1345 1672 1358 1705 ⁸

345 1777 520 1841 essoniauit
542 1799 575 1840 se
596 1776 637 1839 de
652 1776 738 1840 ultra
752 1796 840 1839 mare
860 1782 895 1839 22
909 1774 1005 1839 (12222
1020 1775 1083 1839 fuit
1098 1775 1129 1839 22
1143 1775 1212 1839 (1222
1226 1776 1268 1840 ab
1282 1775 1339 1840 2112
1352 1776 1387 1840 in
1402 1777 1443 1840 xl.

345 1875 414 1941 (1222
428 1885 462 1940 22
472 1877 496 1963 j.
513 1877 595 1941 ebbe
610 1884 644 1940 22
654 1876 679 1962 2
694 1875 774 1940 flod⁴
789 1884 827 1939 ut
842 1884 921 1940 tunc
940 1884 1025 1940 esset
1045 1876 1086 1941 ad
1107 1877 1289 1962 proximum
1311 1878 1444 1942 comita·

344 1988 416 2045 tum
432 1989 490 2046 etc.
508 1989 542 2044 22
556 1980 597 2044 ad
611 1978 802 2044 comitatum
817 1979 911 2043 illum
926 1979 1019 2044 uenit
1035 1979 1147 2045 Simon
1165 1988 1200 2045 22
1221 1981 1321 2066 peciit
1342 2004 1443 2047 recor-

344 2085 422 2149 dum
445 2095 479 2150 et
500 2085 655 2150 iudicium
678 2107 773 2148 suum
797 2092 847 2148 222
868 2091 1030 2148 22222222
1052 2085 1196 2150 eiusdem
1218 2086 1355 2151 Isabelle
1378 2108 1444 2150 non

344 2188 437 2253 uenit
462 2211 522 2253 nec
544 2211 578 2253 22
605 2186 780 2252 essoniauit
805 2195 839 2250 22
867 2187 978 2252 Simon
1003 2187 1103 2272 22222ὗ
1128 2187 1284 2253 iudicium
1313 2189 1354 2254 de
1384 2190 1444 2254 1222

343 2291 464 2356 defalta
479 2301 513 2356 22
533 2291 573 2356 (12
594 2291 658 2355 2122
679 2300 713 2356 22
735 2290 805 2376 ipsa
827 2297 906 2354 tunc
929 2291 1093 2376 respondit
1117 2291 1148 2355 ei
1170 2291 1205 2355 in
1228 2292 1332 2377 primo
1357 2293 1443 2378 quod

343 2395 448 2460 noluit
463 2396 494 2460 22
508 2396 698 2480 respondere
718 2417 777 2459 nec
797 2394 837 2458 (12
855 2394 978 2459 defalta
998 2417 1057 2458 nec
1079 2394 1119 2459 (12
1142 2395 1205 2459 2122
1226 2395 1345 2481 placito
1367 2397 1444 2482 quia

344 2498 456 2564 Simon
478 2508 571 2585 22222
592 2521 669 2562 2222
690 2497 747 2582 qui
769 2519 841 2561 eam
861 2496 1119 2582 implacitauerat
1136 2506 1282 2563 mortuus
1296 2507 1354 2564 222
1399 2500 1444 2564 Ε2

345 2601 457 2666 Simon
471 2601 636 2686 respondit
651 2601 682 2665 ei
696 2601 783 2686 quod
801 2608 896 2685 22222
916 2622 994 2664 suus
1015 2622 1182 2686 nunquam
1204 2624 1277 2666 eam
1298 2603 1443 2689 implaci-

343 2713 470 2770 2222222
492 2727 551 2769 222
573 2704 671 2769 122222
694 2727 788 2769 suum
811 2704 1011 2769 mencionem
1033 2705 1110 2768 fecit
1131 2705 1172 2770 de
1195 2706 1326 2772 Simone
1348 2716 1441 2792 patre

343 2807 442 2872 immo
464 2807 533 2893 2222
557 2807 668 2872 Simon
684 2827 755 2871 eam
770 2806 1019 2891 inplacitauerat
1033 2816 1068 2871 22
1082 2807 1157 2871 indo
1172 2807 1272 2893 peciit
1285 2808 1442 2873 iudicium

343 2933 446 2976 suum.
491 2910 535 2974 Et
551 2909 627 2995 quia
641 2910 710 2995 ipsa
725 2909 829 2974 noluit
844 2909 1034 2995 respondere
1055 2933 1113 2974 222
1134 2911 1249 2976 12212222
1263 2919 1443 2976 warantum

344 3037 439 3080 suum
454 3035 551 3101 quem
567 3021 739 3078 uocauerat
754 3023 788 3078 22
802 3021 949 3098 preterea
963 3035 1128 3099 nunquam
1144 3014 1269 3078 mencio
1279 3015 1365 3080 facta
1379 3015 1444 3079 luit

344 3117 384 3182 de
401 3118 531 3182 Simone
544 3125 637 3203 patre
652 3139 710 3181 suo
725 3126 774 3181 set
789 3116 875 3180 idem
892 3116 1003 3181 Simon
1020 3116 1107 3180 filius
1128 3125 1350 3182 attomauerat
1370 3139 1443 3203 pre-

344 3223 467 3288 dictum
490 3221 664 3287 Ricardum
685 3223 816 3286 fratrem
836 3242 932 3285 suum
947 3220 1015 3285 loco
1030 3243 1087 3286 suo
1103 3223 1159 3306 qui
1173 3243 1300 3308 2222222
1313 3232 1444 3288 secutus

345 3326 408 3389 fuit
422 3326 457 3390 in
472 3325 627 3390 comitatu
643 3325 690 3388 ita
705 3323 790 3409 quod
805 3331 899 3409 22222
917 3344 1083 3408 nunquam
1099 3324 1146 3387 ibi
1160 3325 1251 3390 uisus
1265 3325 1337 3403 fuit,
1352 3325 1443 3390 adiu·

344 3429 466 3494 dicauit
489 3429 661 3494 comitatus
682 3427 788 3492 eidem
811 3427 936 3492 Simoni
957 3426 1107 3492 saisinam
1127 3451 1219 3493 suam
1237 3437 1273 3494 et
1287 3451 1345 3515 222
1358 3431 1444 3515 2222-

344 3534 468 3598 cionem
498 3534 600 3598 tocius
626 3531 798 3595 comitatus
826 3530 968 3594 reddidit
994 3530 1080 3594 idem
1111 3532 1263 3597 Matheus
1285 3533 1442 3598 iudicium

344 3637 426 3703 illud
447 3639 481 3701 in
503 3638 598 3723 pleno
620 3636 776 3700 comitatu
799 3643 833 3699 22
856 3634 941 3720 quod
961 3634 1010 3698 222
1028 3634 1072 3699 222
1086 3636 1197 3699 offert‘
1210 3636 1344 3721 pmbare
1357 3638 1443 3702 sicut

343 3739 432 3804 curia
446 3739 701 3804 considerauerit.

409 3843 452 3906 Et
467 3842 603 3928 predicti
618 3865 673 3906 sex
689 3839 809 3905 milites
820 3861 878 3925 pro
889 3840 1045 3904 comitatu
1060 3839 1240 3904 defendunt
1254 3840 1343 3931 sicut⁴
1353 3843 1443 3907 curia

343 3943 592 4008 considerauerit
615 3941 700 4030 quod
721 3963 887 4026 nunquam
909 3942 944 4004 in
964 3937 1123 4005 ¹comitatu
1144 3941 1265 4026 1222222
1280 3942 1345 4006 fuit
1358 3941 1442 4009 iudi·

343 4045 430 4110 cium
445 4044 527 4110 illud
541 4067 601 4109 nec
614 4067 673 4130 per
683 4044 874 4109 comitatum
889 4065 948 4107 nec
959 4043 1001 4107 ad
1016 4035 1209 4129 peticionem
1224 4043 1278 4106 uel
1292 4045 1442 4110 uolunta

345 4157 412 4213 tem
427 4170 537 4212 eorum
553 4148 693 4213 reddidit
712 4147 781 4231 ipse
797 4145 952 4209 iudicium
967 4145 1049 4209 illud
1063 4169 1122 4209 nec
1137 4145 1197 4209 hoc
1212 4147 1315 4210 facere
1329 4157 1443 4233 potue-

343 4261 421 4316 runt
449 4251 526 4336 quia
554 4250 675 4337 precise
705 4251 818 4315 dicunt
848 4249 933 4334 quod
967 4248 1124 4314 Ricardus
1160 4249 1224 4313 fuit
1259 4258 1443 4317 attomatus

374 4366 617 4424 12222222221222,
629 4365 660 4414 B.
950 4362 960 4392 ⁴
970 4365 1048 4425 stood,
1062 4363 1092 4412 Β,

374 4431 609 4494 ’222222221222
623 4429 675 4479 and
687 4443 715 4477 ao
727 4430 755 4477 in
766 4429 796 4478 B.
950 4429 1058 4490 ⁶petiit¹
1071 4428 1101 4476 B.

374 4496 384 4528 ³
401 4497 422 4543 Α
435 4509 509 4558 space
520 4495 543 4543 22
554 4495 608 4550 1212,
621 4495 673 4544 and
685 4509 713 4544 so
725 4493 752 4542 in
764 4494 793 4544 Β.
949 4491 960 4522 ⁶
977 4492 1091 4554 Perhaps
1102 4493 1216 4554 offemnt.
