3342 5217
358 420 399 484 36
544 434 672 483 mersu
694 432 767 483 Auo
789 434 938 495 ramur,
960 433 1024 484 ir).
1049 422 1142 496 1219,
1164 433 1228 487 aa
1251 422 1280 486 3.

358 604 519 691 Margeria
542 603 583 669 de
608 604 746 687 Sumcry
770 602 902 667 domina
924 602 1010 667 feodi
1033 603 1064 667 ei
1085 602 1126 667 de
1148 603 1218 667 iure
1240 602 1411 680 defecerat,
1433 610 1467 667 et

357 707 434 772 inde
464 706 617 793 produxit
642 714 764 769 sectam
793 704 1009 769 sufficientem
1039 706 1162 769 scilicet
1188 699 1351 791 quendam
1379 706 1467 771 Gile·

358 810 488 874 bertum
518 817 553 873 et
582 807 744 894 quendam
775 807 977 871 Willelmum
1007 808 1064 893 qui
1093 808 1153 873 hoc
1182 802 1366 872 testificant.
1422 808 1467 873 Et

357 913 531 978 comitatus
554 911 770 977 considerauit
794 910 881 996 quod
903 910 1069 995 predictus
1094 912 1281 975 Gilebertus
1303 933 1467 975 unacum

357 1015 465 1081 Adam
489 1016 581 1081 Belle
605 1016 768 1079 seruiente
792 1014 916 1079 domini
939 1015 1039 1105 Regis
1062 1015 1125 1079 iret
1151 997 1193 1079 acl
1217 1015 1340 1079 curiam
1366 1014 1467 1100 ipsius

359 1119 518 1206 Margarie
545 1127 580 1182 et
606 1118 640 1181 in
669 1117 838 1202 presencia
866 1117 1038 1201 proborum
1072 1116 1240 1181 hominum
1272 1117 1320 1181 ibi
1353 1118 1465 1202 proba

358 1230 409 1287 ret
431 1221 593 1287 defaltam.
639 1220 693 1285 Ad
714 1220 899 1305 proximum
925 1242 1003 1284 uero
1029 1221 1229 1285 comitatum'
1247 1221 1370 1285 scilicet
1397 1213 1479 1285 die¹⁴

360 1324 512 1389 Mercurii
550 1323 697 1409 proxima
729 1330 803 1407 post
836 1322 956 1386 festum
988 1323 1137 1388 Annun'c.
1169 1324 1199 1388 S.
1235 1318 1337 1387 Marie
1373 1322 1467 1386 uenit

358 1429 523 1515 predictus
540 1426 727 1492 Gilebertus
747 1434 782 1491 et
802 1426 882 1490 tulit
902 1426 1002 1491 breue
1022 1450 1118 1491 suum
1132 1436 1167 1491 et
1180 1426 1345 1512 predictus
1359 1426 1467 1490 Adam

359 1532 503 1597 seruiens
524 1531 671 1617 quesitus
693 1538 805 1594 utrum
826 1530 992 1616 predictus
1014 1531 1200 1596 Gilebertus
1221 1530 1376 1595 defaltam
1394 1552 1466 1615 pro-

359 1633 476 1709 basset,
490 1632 570 1697 dicit
590 1630 676 1717 quod
696 1630 797 1695 eciam
818 1654 925 1695 coram
946 1654 984 1695 eo
1006 1640 1041 1696 et
1062 1654 1168 1696 coram
1190 1631 1350 1696 Aunfrido
1371 1631 1412 1695 de
1434 1632 1467 1695 le

360 1735 499 1799 Marcet
515 1733 669 1798 Mauricio
685 1732 725 1797 de
741 1732 927 1798 Oolestrode
943 1732 1107 1797 Willelmo
1128 1732 1169 1797 de
1185 1732 1417 1797 Herteshurste
1432 1741 1466 1797 et

360 1837 523 1901 Willelmo
542 1836 583 1899 de
604 1835 773 1920 Pestelega
793 1834 850 1920 qui
869 1844 1031 1898 uenerunt
1053 1843 1088 1899 et
1108 1834 1168 1899 hoc
1190 1836 1304 1900 testati
1325 1836 1464 1900 fircrunt.

360 1940 404 2003 Et
418 1940 591 2005 comitatus
608 1937 823 2003 considerauit
843 1938 930 2024 quod
949 1939 1150 2025 Reginaldus
1171 1940 1212 2005 de
1235 1941 1358 2005 Breusa
1378 1962 1466 2004 sum·

359 2052 545 2108 moneretur
558 2065 616 2128 per
633 2050 754 2107 sectam
774 2042 987 2107 sufficientem
1008 2043 1094 2128 quod
1115 2054 1201 2108 esset
1220 2043 1263 2109 ad
1282 2043 1465 2129 proximum

358 2145 550 2209 comitatum
570 2144 692 2209 scilicet
712 2142 809 2207 fest0¹
825 2144 856 2208 S.
873 2144 975 2208 Marci
991 2146 1119 2231 Ewang.
1136 2146 1280 2230 predicto
1300 2145 1467 2210 Gileberto

359 2268 567 2331 responsurus
587 2244 628 2309 de
650 2244 795 2330 predicto
817 2245 910 2309 feodo
932 2247 1110 2310 secundum
1131 2256 1321 2333 preceptum
1342 2246 1466 2311 domini

359 2349 465 2436 Regis
509 2349 564 2413 Ad
578 2348 671 2413 illum
686 2348 878 2413 comitatum
892 2350 1015 2414 scilicet
1029 2350 1071 2414 ad
1085 2351 1173 2415 diem
1187 2351 1370 2436 predictum
1386 2350 1465 2414 tulit

358 2454 522 2539 predictus
548 2444 734 2518 Gilebertus
759 2453 860 2517 breue
885 2476 982 2518 suum
1009 2464 1046 2518 et
1074 2455 1196 2540 optulit
1225 2478 1268 2532 se,
1295 2464 1330 2519 et
1358 2455 1465 2519 Adam

358 2558 502 2622 seruiens
517 2556 664 2642 quesitus
679 2564 790 2621 utrum
804 2554 970 2642 predictus
984 2557 1185 2643 Reginaldus
1198 2566 1466 2635 summoueretur,

357 2659 437 2725 dicit
459 2659 546 2745 quod
567 2658 670 2723 eciam
691 2681 750 2744 per
770 2658 946 2722 Anfridum
968 2658 1009 2723 de
1031 2659 1124 2723 Mora
1145 2668 1180 2724 et
1204 2659 1398 2724 Mauricium
1424 2660 1464 2723 de

359 2762 544 2829 Golestrode
559 2763 617 2849 qui
630 2771 796 2848 presentes
811 2762 871 2827 hoc
886 2763 1000 2827 testati
1014 2772 1100 2839 sunt,
1115 2770 1149 2826 et
1164 2763 1252 2827 idem
1266 2762 1466 2849 Reginaldus

358 2868 576 2953 interrogatus
595 2866 659 2930 fuit
679 2866 787 2943 semel,
802 2865 943 2930 secundo
958 2874 992 2929 et
1007 2866 1107 2930 tercio
1122 2874 1156 2929 et
1170 2888 1236 2930 non
1250 2866 1343 2930 uenit
1357 2888 1416 2930 nec
1431 2888 1465 2930 se

358 2970 543 3047 essoniauit,
568 2978 602 3034 et
628 2970 839 3034 summonicio
869 2977 991 3033 testata
1019 2969 1083 3032 fuit
1112 2968 1200 3033 unde
1228 2969 1465 3034 consideratum

358 3074 422 3138 fuit
444 3073 530 3160 quod
552 3083 639 3138 terra
660 3073 717 3138 illa
737 3082 909 3159 caperetur
929 3074 964 3137 in
986 3095 1120 3137 manum
1141 3072 1265 3136 domini
1286 3072 1387 3159 Regis
1408 3095 1467 3158 per

357 3178 465 3242 uisum
485 3186 544 3243 etc.
561 3187 596 3243 et
616 3178 685 3243 dies
706 3178 866 3263 capcionis
888 3176 1098 3241 mandaretur
1119 3185 1153 3240 et
1175 3176 1353 3241 uicecomes
1374 3200 1464 3242 man-

273 3324 278 3336 ·
358 3278 450 3343 dauit
486 3278 574 3343 diem
610 3279 771 3365 capcionis
808 3288 843 3343 et
879 3278 965 3343 idem
1003 3278 1204 3364 Reginaldus
1226 3278 1231 3365 Ι
1255 3281 1371 3343 resum'
1408 3289 1466 3364 pe'r

357 3392 479 3448 sectam
508 3382 722 3448 sufficientem
753 3382 839 3468 quod
868 3391 953 3447 esset
983 3383 1025 3447 ad
1053 3384 1238 3467 proximum
1274 3383 1464 3447 comitatum

357 3486 529 3551 auditurus
542 3486 709 3552 recordum
725 3497 759 3551 et
779 3488 971 3551 racionabile
991 3487 1149 3552 iudicium
1168 3509 1263 3551 suum
1284 3486 1325 3550 de
1344 3485 1467 3551 defalta

358 3595 392 3651 et
415 3588 547 3672 capitali
570 3588 696 3673 placito.
748 3588 803 3653 Ad
826 3589 1009 3674 proximum
1032 3611 1109 3653 uero
1131 3588 1321 3653 comitatum
1344 3588 1466 3653 scilicet

357 3690 430 3756 dic³
471 3692 623 3757 Mercurii
663 3693 784 3779 vigiliis
823 3693 1030 3757 Ascensionis
1070 3693 1203 3758 Domini
1243 3693 1321 3757 tulit
1359 3693 1466 3758 dictus

358 3794 544 3860 Gilebertus
572 3795 671 3860 breue
698 3818 793 3860 suum
820 3806 855 3860 et
879 3796 987 3861 Adam
1013 3797 1157 3861 seruiens
1182 3797 1328 3882 quesitus
1354 3806 1465 3862 utrum

358 3898 590 3963 terramillam
616 3898 753 3984 cepisset
778 3898 814 3962 in
839 3921 973 3964 manum
999 3899 1123 3964 domini
1148 3900 1248 3985 Regis
1273 3900 1353 3965 dicit
1379 3900 1465 3986 quod

357 4002 459 4067 eciam
490 4011 524 4067 et
553 4002 639 4087 quod
668 4011 764 4089 capta
793 4002 857 4067 fuit
881 4003 917 4067 in
942 4004 1097 4069 crastino‘
1122 4004 1294 4069 comitatus
1319 4005 1465 4090 proximo

358 4106 506 4192 preteriti
527 4107 649 4172 scilicet
671 4107 723 4171 die
746 4107 769 4173 J
770 4108 840 4173 ouis
860 4130 918 4193 per
937 4108 1044 4172 uisum
1065 4109 1195 4175 Aufridi
1214 4110 1255 4174 de
1276 4110 1307 4173 la
1324 4110 1465 4175 Marcet

359 4209 515 4276 Willelmi
551 4210 591 4275 de
629 4211 857 4277 Hertesherste
895 4221 928 4275 et
958 4212 1115 4277 Willelmi
1151 4212 1192 4277 de
1224 4210 1394 4298 Pestelega
1430 4223 1464 4276 et

520 4378 529 4409 ¹
547 4378 609 4429 arth
621 4378 718 4435 March,
731 4380 802 4431 1219.
1099 4381 1110 4413 ⁸
1127 4380 1189 4431 loth
1200 4381 1270 4442 May.

521 4443 531 4473 ²
548 4444 610 4493 soth
621 4444 700 4506 April,
718 4448 787 4495 1219.
1099 4448 1110 4479 ⁴
1127 4446 1189 4496 soth
1200 4448 1279 4509 April.
