3342 5217
241 837 291 901 83.

233 935 292 977 Nori.

349 439 393 515 rt
535 464 669 515 mmsr
690 465 764 515 sno
788 463 926 529 marna,
948 466 1013 517 sn.
1039 454 1132 530 1220,
1155 468 1218 517 sa
1243 457 1272 519 4.

348 632 446 697 faciat
468 634 613 719 predicto
636 635 748 721 priori¹
771 658 820 701 xx
844 637 900 703 sol.
922 636 964 702 de
985 636 1127 724 dampno
1149 638 1233 724 quod
1257 638 1374 705 habuit
1400 661 1458 726 per

349 735 549 801 disseisinam
564 738 654 802 illam
669 748 729 804 eto.

413 838 537 905 'Isolda
573 862 636 927 que
673 841 738 906 fuit
774 862 856 906 uxor
890 842 1048 907 willelmi
1086 843 1184 921 Petit,
1213 842 1315 929 petit⁸
1342 868 1457 909 uersus

346 946 531 1013 «Iohannem
547 948 587 1013 de
606 948 773 1014 Doridem*
789 972 887 1036 quem
907 950 999 1014 Prior
1018 950 1058 1015 de
1074 951 1239 1015 Westaere
1260 951 1392 1016 uocauit
1414 951 1457 1016 ad

347 1060 527 1115 warantum
550 1059 584 1116 et
606 1052 662 1137 qui
685 1051 715 1116 ei
737 1052 962 1118 warentizauit
983 1053 1148 1118 redditum
1170 1054 1258 1140 xviij.
1280 1053 1355 1119 den.
1378 1064 1413 1123 et
1430 1056 1455 1141 j.

348 1154 466 1218 cumba
485 1142 548 1219 sai⁶
567 1178 642 1219 oum
671 1155 882 1241 pertinenciis
903 1156 938 1220 in
962 1157 1142 1222 Suthlenn‘*
1160 1166 1200 1222 ut
1222 1158 1332 1223 dotem
1354 1180 1456 1237 suam,

347 1256 434 1322 unde
449 1257 614 1343 predictus
629 1258 813 1324 Willelmns
829 1281 901 1323 eam
916 1258 1045 1324 dotauit
1060 1260 1252 1324 nominatim
1268 1270 1328 1326 eto.

414 1362 457 1425 Et
472 1362 639 1427 Johannes
653 1363 746 1427 uenit
761 1370 796 1427 et
811 1362 900 1441 dicit,
915 1364 1000 1449 quod
1021 1387 1087 1428 non
1102 1365 1200 1430 debet
1220 1365 1262 1430 ad
1282 1366 1342 1430 hoe
1356 1366 1456 1431 breue

185 1478 327 1566 magun·
348 1465 549 1551 respondere,
565 1467 642 1553 qnia
655 1468 727 1553 ipsa
741 1467 842 1533 habet
857 1469 968 1534 dotem
985 1468 1021 1533 in
1040 1470 1155 1534 eadem
1175 1469 1255 1533 uilla
1274 1477 1309 1534 et
1330 1468 1456 1536 desieut

185 1576 321 1667 ffigffl·
348 1568 447 1634 breue
469 1568 549 1635 dioit
569 1571 609 1635 de
630 1579 818 1636 tenemento
837 1572 924 1636 unde
939 1572 1040 1636 nichil
1055 1571 1164 1649 habet,
1178 1580 1214 1637 et
1227 1572 1299 1658 ipsa
1312 1572 1456 1658 plenarie

184 1665 320 1753 tthti’t‘·
349 1672 449 1737 habet
473 1673 583 1739 dotem
603 1696 704 1752 suam,
724 1696 789 1738 non
810 1674 884 1738 uult
904 1674 945 1738 ad
969 1674 1029 1739 hoe
1052 1675 1152 1740 breue
1177 1675 1369 1761 respondere
1392 1676 1456 1741 nisi

185 1760 226 1800 ohtl
234 1758 285 1799 etot

348 1777 705 1845 ouriaoonsiderauerit.
737 1778 828 1843 Dicit
840 1778 943 1843 eciam
952 1780 1039 1866 quod
1049 1781 1198 1866 capitalis
1209 1782 1359 1847 dominus
1369 1782 1455 1847 feodi

348 1880 426 1945 fecit
456 1880 486 1945 ei
515 1881 625 1945 dotem
654 1904 746 1945 suam
776 1881 929 1967 plenarie,
959 1883 1045 1947 unde
1074 1883 1146 1969 ipsa
1174 1884 1238 1948 fuit
1269 1885 1305 1948 in
1338 1884 1457 1949 saisina

348 2006 407 2070 per
435 2008 464 2050 v.
486 2007 587 2050 annos
616 1993 651 2051 et
680 1986 789 2051 tenuit
818 2008 852 2052 se
882 1986 959 2053 inde
980 1997 1130 2073 pacatam
1152 1997 1188 2054 et
1209 1988 1285 2053 inde
1306 1988 1456 2075 producit

346 2096 470 2152 sectam
485 2096 546 2153 eto.

414 2191 459 2255 Et
484 2190 592 2256 Isolda
620 2191 767 2256 defendit
795 2198 909 2256 eontra
937 2214 1013 2258 eum
1037 2202 1072 2258 et
1100 2202 1222 2259 sectam
1251 2217 1344 2259 suam
1369 2195 1456 2282 quod

349 2296 472 2361 nuliam
502 2297 612 2363 dotem
642 2298 767 2377 habuit,
799 2320 859 2364 nee
888 2299 990 2365 habet
1019 2323 1079 2365 neo
1108 2324 1253 2387 unquam
1282 2302 1392 2368 tenuit
1420 2325 1455 2369 se

348 2408 498 2484 pacatam
520 2407 555 2465 et
580 2399 640 2465 hoo
662 2400 757 2466 offert
779 2400 952 2467 defendere
975 2410 1072 2488 prout
1094 2403 1184 2468 curia
1205 2405 1456 2473 oonsiderauerit

349 2513 400 2570 set
414 2528 528 2571 reuera
541 2506 612 2592 ipsa
625 2513 737 2571 manet
751 2529 826 2571 oum
847 2506 914 2571 filio
933 2530 999 2586 suo,
1014 2530 1074 2573 neo
1094 2508 1218 2594 aliquid
1238 2510 1314 2575 inde
1336 2511 1456 2576 elamat

349 2612 479 2675 nomine
495 2610 587 2676 dotis.

415 2716 662 2783 Consideratum
682 2726 732 2783 est
746 2717 832 2804 quod
853 2717 1031 2783 uiceoomes
1045 2741 1104 2806 per
1117 2719 1239 2807 legales
1254 2720 1401 2787 homines
1416 2722 1456 2787 de

349 2820 495 2907 proximo
517 2820 645 2885 uisneto
667 2820 842 2907 diligenter
861 2820 1005 2907 inquirat
1027 2822 1055 2887 si
1080 2822 1152 2908 ipsa
1172 2823 1315 2909 aliquam
1337 2832 1456 2889 terram

350 2932 462 2991 teneat
482 2924 518 2989 in
537 2925 647 2990 dotem
667 2924 707 2990 de
730 2933 919 2992 tenemento
941 2927 1028 3014 quod
1049 2928 1113 2992 fuit
1134 2928 1273 3013 predicti
1292 2930 1353 3008 W„
1373 2939 1408 2996 et
1429 2931 1457 2997 si

349 3053 494 3118 unquam
510 3030 625 3095 habuit
640 3029 759 3108 dotem,
774 3039 809 3096 et
823 3031 852 3097 si
872 3032 982 3097 dotem
1005 3032 1122 3098 habuit
1137 3032 1216 3119 quid
1237 3034 1313 3100 inde
1335 3036 1457 3115 fecerit,

350 3142 385 3199 et
408 3132 654 3220 inquisicionem
679 3157 776 3221 quam
796 3135 874 3200 inde
894 3136 1007 3201 fecerit
1027 3136 1108 3201 scire
1129 3136 1227 3200 faeiat
1242 3160 1262 3201 a
1276 3137 1329 3203 die
1344 3138 1455 3204 Pasch.

350 3238 385 3303 in
414 3260 464 3302 xv.
488 3236 557 3302 dies
586 3259 645 3323 per
673 3237 783 3303 literas
813 3261 887 3304 suas
909 3238 1089 3326 sigillatas⁸.
1135 3240 1253 3305 Postea
1273 3242 1457 3307 concordati

350 3348 428 3406 sunt
443 3362 500 3425 pro
515 3362 543 3404 n
559 3339 613 3405 soi
630 3362 709 3427 quos
723 3341 792 3426 ipse
807 3341 906 3407 debet
921 3341 996 3406 dare
1012 3350 1072 3407 ete

415 3440 589 3508 ⁹Henrious
604 3443 778 3509 Aurifaber
793 3444 879 3529 petit
894 3466 1008 3509 uersus
1029 3444 1223 3510 Edwardum
1243 3445 1284 3510 de
1304 3444 1456 3524 Hammo,

289 3567 294 3577 ·
352 3553 386 3611 et
411 3546 586 3611 Auelinam
617 3570 748 3613 uxorem
778 3548 848 3613 eius
877 3546 1046 3613 dimidiam
1075 3548 1238 3636 uirgatam
1267 3558 1353 3615 terre
1382 3574 1457 3615 cum

384 3706 393 3739 ¹
411 3710 440 3757 de
448 3708 564 3771 predicto
575 3710 690 3767 noterio,
702 3710 725 3759 A
736 3710 808 3761 adds.
962 3712 1075 3763 ‘South
1093 3713 1184 3778 Lynn;
1213 3714 1327 3767 Monast.
1353 3716 1404 3765 vol.
1420 3715 1454 3767 vi.

384 3771 440 3824 Ἀ.
454 3788 489 3823 m.
502 3773 555 3833 3d;
576 3773 606 3825 B.
620 3788 655 3823 m.
669 3777 692 3824 3.
930 3792 955 3839 p.
968 3780 1026 3828 575.

385 3837 396 3871 ³
413 3854 459 3901 que
469 3840 526 3901 suit
541 3854 605 3887 neor
621 3841 740 3889 thlelmt
752 3843 827 3903 petit,
839 3841 877 3900 A?
961 3842 972 3876 ⁷
989 3842 1054 3892 This
1063 3841 1178 3893 isawn't
1187 3843 1215 3893 of
1224 3842 1308 3894 dower
1315 3846 1381 3894 ηηάε
1390 3847 1459 3895 nitit

353 3918 400 3965 que
412 3906 468 3965 snit
483 3918 545 3953 naor
564 3905 681 3954 Wilnrmi
701 3906 788 3955 clerte-t
801 3909 878 3971 petit.
930 3908 1070 3965 habetem
1077 3908 1098 3957 it
1106 3908 1457 3973 wouldbes'satalobjeetion

352 3968 390 4027 133
413 3967 458 4018 the
470 3966 609 4031 repetition
625 3970 654 4019 oi
664 3973 733 4035 petit
743 3969 766 4020 is
778 3986 794 4021 a
804 3971 879 4021 blun-
929 3976 956 4022 to
977 3972 1022 4022 the
1044 3973 1180 4036 plaintifl's
1201 3974 1254 4024 snit
1270 3974 1329 4025 that
1347 3975 1394 4025 she
1409 3976 1458 4026 has

351 4032 405 4082 der.
929 4038 1032 4100 already
1049 4039 1113 4089 been
1130 4038 1159 4088 in
1175 4040 1323 4102 possession
1339 4040 1368 4089 of
1385 4055 1458 4091 some

384 4098 396 4129 ⁴
412 4098 539 4155 Dantem,
559 4098 637 4156 A,13.
672 4099 727 4149 'I'hs
749 4114 825 4152 name
847 4100 877 4151 in
929 4106 988 4167 part
1004 4104 1032 4153 oi
1046 4104 1092 4153 her
1105 4104 1197 4154 doner.
1230 4104 1455 4168 Braoton,f.312‚

353 4160 548 4212 thenote-book
558 4164 802 4228 maybenunhnm.
929 4166 994 4217 oites
1004 4168 1058 4217 this
1069 4184 1127 4219 ease
1137 4173 1166 4219 to
1177 4170 1248 4219 show
1260 4170 1318 4220 that
1329 4171 1374 4220 the
1385 4186 1457 4234 ques·

385 4228 442 4285 ⁶A,
453 4226 484 4276 B.
510 4228 879 4291 Isupposethatthisiscusn
930 4233 986 4282 tion
1005 4233 1120 4284 whether
1140 4234 1185 4284 the
1204 4234 1319 4297 plaintifl
1339 4236 1389 4286 has
1404 4236 1457 4286 had

354 4292 409 4341 tam
429 4293 501 4349 salit.
519 4308 534 4342 a
558 4294 609 4343 salt
630 4294 729 4357 oombe,
748 4296 800 4345 salt
820 4296 876 4348 bed.
930 4312 983 4359 any
998 4296 1082 4348 doner
1097 4314 1146 4349 ean
1164 4299 1197 4349 bs
1214 4302 1273 4349 sent
1289 4300 1330 4349 for
1345 4300 1407 4351 trial
1423 4301 1458 4365 by

353 4356 423 4406 That
439 4356 511 4407 there
527 4372 591 4407 were
608 4360 658 4409 salt
673 4360 736 4410 bede
751 4365 779 4410 at
795 4361 879 4412 South
929 4362 1083 4424 inquisition
1094 4362 1180 4414 before
1190 4363 1235 4414 the
1245 4363 1343 4416 sherifl.

354 4422 429 4485 hyan
440 4422 454 4470 I
465 4422 555 4483 gether
563 4424 631 4473 from
639 4424 797 4486 Blomefield,
808 4428 878 4477 Hm.
918 4469 923 4475 .
963 4426 973 4458 ⁸
991 4428 1060 4477 Here
1071 4428 1093 4476 B
1104 4432 1184 4491 stops.

352 4488 466 4551 NorsoNc,
479 4488 528 4539 rol.
543 4489 566 4547 5,
578 4503 602 4552 p.
616 4490 672 4541 624.
962 4493 973 4525 ⁰
989 4494 1019 4541 A.
1031 4508 1067 4542 m.
1081 4493 1131 4552 3d3
1154 4494 1185 4543 B.
1197 4509 1232 4544 m.
1246 4497 1269 4544 3.
