3342 5217
198 1008 322 1072 406.

425 64 698 131 Camera
726 89 852 153 que
883 90 951 131 se
974 67 1326 133 essoniauit
1357 91 1580 133 uersus
1622 92 1773 134 eum
1804 68 1886 134 de
1930 69 2101 134 malo
2140 70 2293 135 lecti
2333 70 2400 134 in
2441 69 2633 134 comi·
2662 85 2712 123 111
2726 83 2890 123 amulo
2911 83 2964 123 de

424 176 569 235 tatu
601 170 1011 258 Notingham
1057 178 1125 235 et
1164 172 1306 258 ipsa
1350 194 1478 236 non
1521 172 1710 237 uenit
1753 196 1872 237 nec
1916 172 2158 238 milites
2202 173 2316 259 qui
2346 174 2637 237 fecerunt
2660 130 2925 264 1ῐῖἷὲῃῇ

424 273 638 340 uisum
682 274 763 341 de
808 299 887 342 ea
929 284 999 341 et
1042 276 1411 341 Willelmus
1455 276 1782 363 cognoscit
1826 298 1944 362 per
1992 284 2395 341 attornatum
2446 299 2637 341 suum
2662 275 2952 357 fflffiss‘ff·

424 377 596 463 quod
640 379 882 445 milites
912 380 1205 445 fecerunt
1245 379 1461 444 uisum
1501 378 1583 444 de
1619 401 1699 444 ea
1727 387 1795 444 et
1835 378 2007 465 quod
2035 379 2356 444 dederunt
2396 379 2458 444 ei
2502 380 2637 444 lan·
2660 364 2934 468 ‘ffl‘dff

421 506 688 570 guorem
719 508 760 550 a
788 485 1066 550 crastino
1097 493 1214 550 etc.
1307 485 1394 549 Et
1434 483 1580 549 ideo
1623 483 1819 549 datus
1863 491 1963 549 est
1992 483 2321 549 Willelmo
2351 484 2636 549 Thesau-
2661 459 2963 554 ww

422 587 589 652 rario
634 611 751 674 per
793 597 1198 654 attornatum
1244 611 1437 653 suum
1483 596 1553 653 et
1596 588 1738 653 uiro
1783 588 2032 653 Leticie
2076 612 2117 655 a
2158 588 2264 653 die
2309 597 2428 654 etc.
2461 597 2538 654 ut
2582 589 2637 653 si
2660 551 2954 686 ffiffiff

421 690 714 776 predicta
742 692 991 757 Leticia
1022 702 1178 758 tunc
1208 693 1432 758 ueniat
1460 693 1846 779 procedatur
1884 693 1953 757 in
1996 693 2266 780 loquela,
2297 702 2366 758 et
2405 692 2460 757 si
2490 715 2637 768 non,
2659 675 2943 778 ggssffffiffi

419 801 789 859 recurratur
814 793 898 859 ad
934 795 1177 860 milites
1217 818 1292 860 60
1322 796 1490 882 quod
1535 803 1813 882 utraque
1857 818 2003 882 pars
2043 795 2385 860 concordat
2427 794 2497 859 in
2527 795 2634 859 die
2658 786 2965 882 fffflffl‘ffi

420 898 749 986 languoris
776 897 945 964 dat0.
2658 879 2904 966 ffi‘ffl’ffl

2582 1002 2596 1016 .
2656 973 2771 1013 111161.

550 1003 774 1067 Asslsa
831 1003 1017 1068 uenit
1075 1003 1485 1091 recognitura
1527 1003 1675 1089 quis
1724 1002 2081 1069 aduocatus
2123 1011 2415 1089 tempore
2457 1025 2634 1089 pac1s
2751 1037 2881 1076 nucu,

418 1105 827 1194 presentauit
869 1107 1170 1172 ultimam
1199 1129 1538 1194 personam
1579 1115 1697 1172 etc.
1731 1107 1816 1172 ad
1856 1107 2189 1172 ecclesiam
2235 1107 2316 1172 de
2349 1106 2634 1174 Oliftona

419 1234 546 1297 que
617 1219 809 1276 uacat
867 1211 1052 1276 cuius
1109 1211 1604 1278 aduocacionem
1666 1212 1893 1278 Simon
1951 1211 2034 1277 de
2094 1213 2337 1289 Borard
2395 1213 2632 1277 clamat

417 1337 648 1380 uersus
689 1315 968 1380 Aliciam
1013 1316 1388 1382 Priorissam
1433 1316 1513 1381 de
1570 1315 2053 1381 Estaumfordia
2070 1314 2092 1346 ²
2135 1338 2260 1402 que
2320 1315 2505 1380 uenit
2563 1323 2633 1380 et

415 1420 580 1485 dicit
624 1420 796 1506 quod
841 1419 1040 1485 assisa
1081 1443 1211 1485 non
1254 1419 1451 1485 debet
1499 1420 1650 1486 inde
1706 1421 1846 1486 fieri
1906 1421 2061 1508 quia
2115 1420 2282 1486 116116
2341 1420 2633 1485 concedit

417 1522 592 1608 quod
644 1522 856 1609 Wydo
906 1522 1114 1588 Wack
1159 1530 1373 1588 custos
1429 1523 1709 1609 predicti
1754 1523 2036 1589 Simonis
2094 1522 2251 1588 dum
2296 1522 2425 1586 fuit
2467 1522 2634 1588 infra

417 1634 666 1692 etatem
726 1636 794 1693 et
852 1628 923 1693 in
981 1627 1276 1694 custodia
1319 1651 1438 1694 sua
1479 1629 1733 1694 racione
1777 1628 2068 1715 predicte
2112 1627 2404 1694 custodie
2447 1627 2633 1693 dedit

415 1730 751 1797 ecclesiam
797 1732 976 1798 illam
1029 1731 1286 1798 cuidam
1335 1731 1383 1796 J
1384 1730 1623 1796 ohanni
1668 1741 1738 1797 et
1782 1732 1968 1796 illum
2014 1732 2420 1819 presentauit
2463 1731 2629 1817 epis-

413 1858 576 1922 copo
606 1843 676 1901 et
706 1836 819 1922 qui
848 1837 933 1902 ad
959 1837 1512 1924 presentacionem
1543 1859 1730 1902 suam
1760 1837 1888 1902 fuit
1927 1836 2247 1902 admissus
2287 1846 2357 1902 et
2397 1837 2632 1902 ultimo

413 1940 584 2007 obiit
612 1963 884 2027 persona
913 1943 982 2007 in
1012 1942 1238 2008 eadem
1278 1950 1379 2007 set
1408 1949 1752 2028 postquam
1798 1942 1972 2009 idem
2016 1942 2242 2008 Simon
2271 1942 2398 2007 fuit
2442 1943 2631 2028 plene

414 2044 617 2111 etatis
677 2053 745 2110 et
796 2045 1097 2111 seisinam
1145 2046 1378 2111 habuit
1421 2046 1503 2111 de
1550 2046 1739 2112 terris
1781 2046 1916 2111 suis
1960 2045 2144 2112 dedit
2185 2043 2360 2110 idem
2406 2044 2632 2110 Simon

412 2150 912 2216 aduocacionem
956 2151 1245 2237 predicte
1294 2151 1557 2216 ecclesie
1602 2150 1724 2216 deo
1769 2160 1838 2217 et
1884 2149 2478 2217 sanctimonialibus
2529 2173 2629 2215 ec·
2655 2167 2928 2265 magada

413 2253 609 2320 clesie
658 2253 718 2320 S.
752 2254 1091 2320 Michaelis
1133 2256 1215 2320 de
1261 2254 1720 2320 Estaunfordia
1762 2277 1877 2341 per
1920 2262 2164 2320 cartam
2206 2275 2391 2318 suam
2436 2276 2630 2340 quam
2657 2267 2773 2302 ω
2787 2263 2898 2302 ‘⁸⁶⁸⁸

413 2359 663 2445 profert
707 2366 777 2424 61,
821 2383 946 2446 que
991 2360 1112 2425 hoc
1156 2366 1440 2425 testatur
1480 2358 1565 2424 ad
1609 2357 2155 2423 sustentacionem
2198 2357 2632 2444 predictarum
2657 2310 2861 2398 ffloeffin

414 2464 816 2531 monialium.

551 2567 641 2633 Et
683 2568 910 2634 Simon
949 2569 1136 2635 uenit
1180 2577 1250 2634 et
1293 2568 1585 2634 defendit
1629 2576 1874 2634 cartam
1919 2575 1989 2632 et
2031 2566 2318 2654 sigillum
2363 2575 2432 2632 61,
2474 2566 2633 2633 dicit

413 2670 594 2759 quod
638 2671 693 2736 si
736 2681 917 2738 carta
957 2674 1073 2739 illa
1119 2676 1290 2739 facta
1336 2673 1463 2739 fuit
1512 2674 1631 2739 hoc
1685 2673 1812 2738 fuit
1866 2672 2027 2737 ‘dum
2087 2672 2225 2758 ipse
2283 2671 2411 2737 fuit
2466 2673 2636 2739 infra

412 2783 666 2840 etatem
711 2783 780 2840 et
824 2776 895 2841 in
938 2778 1232 2843 custodia
1269 2777 1509 2864 Rogeri
1548 2777 1781 2864 Torpel
1827 2785 1895 2841 et
1938 2783 2287 2862 antequam
2332 2775 2631 2842 seisinam

412 2881 690 2946 haberet
716 2879 799 2946 de
831 2882 1020 2947 terris
1049 2882 1196 2948 suis.

549 2981 936 3048 Concordati
984 2990 1140 3048 sunt
1187 2991 1258 3048 et
1308 2991 1409 3048 est
1460 2981 1798 3047 concordia
1848 2980 1998 3044 talis
2051 2989 2121 3045 et
2171 2978 2416 3044 habent
2474 2979 2631 3045 ciro-

411 3088 741 3177 graphum
786 3088 960 3175 quod
1016 3088 1309 3175 predicta
1352 3089 1661 3154 Prior-issa
1703 3086 2077 3173 recog-nouit
2118 3085 2476 3173 predictam
2520 3085 2631 3151 ad-

414 3192 832 3258 uocacionem
891 3214 1028 3257 6666
1075 3191 1180 3256 1116
1221 3192 1425 3278 1Ρ61116
1472 3193 1755 3259 Simonis
1800 3199 1869 3257 et
1911 3190 2127 3256 reddit
2171 3191 2235 3256 ei
2275 3190 2631 3276 predictam

413 3303 684 3374 cartam,
728 3296 882 3382 quia
939 3296 1083 3383 ipsa
1125 3297 1296 3363 facta
1354 3298 1483 3362 fuit
1540 3297 1699 3363 dum
1757 3296 1934 3362 idern
1996 3295 2223 3362 Simon
2280 3294 2408 3359 fuit
2465 3294 2632 3360 infra

413 3410 682 3468 etatem.
775 3401 862 3466 Et
919 3401 1066 3466 ideo
1125 3401 1598 3468 consideratum
1659 3410 1759 3467 est
1807 3401 1978 3488 quod
2030 3400 2357 3487 predictus
2406 3399 2631 3464 Simon

413 3507 833 3592 recuperauit
876 3507 1178 3572 seisinam
1225 3530 1408 3573 suam
1455 3516 1525 3573 et
1570 3507 1811 3573 habeat
1860 3507 2060 3571 breue
2106 3504 2190 3570 ad
2242 3503 2631 3590 Episcopum

415 3610 941 3677 Lincolniensem
971 3611 1147 3698 quod
1175 3612 1260 3677 ad
1287 3611 1841 3699 presentacionem
1871 3633 2055 3676 suam
2097 3609 2410 3675 admittat
2448 3608 2628 3673 cleri-

414 3738 589 3793 cum,
618 3722 688 3780 et
719 3716 1049 3801 predictus
1082 3716 1311 3782 Simon
1337 3739 1453 3804 pro
1480 3717 1603 3782 deo
1632 3715 1929 3782 concedit
1969 3714 2180 3781 eidem
2215 3714 2518 3780 Priorisse
2563 3723 2633 3779 et

484 3884 503 3919 ¹
538 3884 786 3948 Brauon,
814 3886 848 3939 f.
881 3886 977 3937 356
999 3887 1049 3950 b,
1077 3887 1206 3938 cites
1222 3886 1476 3938 thisoase.
1581 3887 1809 3939 Monast.
1831 3885 1931 3938 vol.
1956 3886 2004 3947 4,
2028 3900 2080 3951 p.
2104 3886 2219 3939 257.

481 3951 504 3984 ²
540 3951 823 4013 stamford,
847 3953 1180 4004 Benedictine
1203 3954 1468 4017 Nunnery.
