3342 5217
338 394 475 480 [Hilary
498 393 564 460 and
587 393 714 468 Ecstor,
737 395 1007 470 s.n.'1228,s.n
1032 393 1096 476 lu]
1206 393 1271 457 239

162 578 249 643 unde
273 577 361 644 idem
390 579 583 665 Radulphus
610 577 733 664 querit²
760 578 946 664 quodcum
970 579 1052 663 Elyu
1071 581 1171 664 puter
1195 601 1274 643 suus

160 691 290 748 teneret
312 683 393 748 duas
415 683 508 748 hides
529 692 615 746 terre
637 689 672 746 et
694 681 769 746 dim
793 681 828 744 iu
851 680 1017 745 Westcote
1038 679 1080 746 de
1100 703 1167 766 que
1187 690 1275 746 terre

160 787 243 852 obiit
263 786 402 863 seisitus
425 785 626 870 Reginuldus
648 784 735 848 filius
755 806 834 848 suus
854 783 1092 869 primogenitus
1113 783 1177 848 suit
1196 784 1274 849 inde

160 889 301 966 seisitus
318 896 352 954 et
367 888 449 952 obiit
464 886 539 951 inde
554 886 684 951 scisitus
699 894 734 950 et
745 894 818 972 post
830 907 906 950 eum
917 885 1082 970 predictus
1092 885 1115 949 J
1116 885 1274 950 oscelinus

161 1001 196 1056 et
211 993 294 1058 obiit
313 991 390 1056 inde
408 990 539 1055 seisitus
559 997 597 1054 ut
618 991 717 1054 frater
739 996 773 1054 et
796 989 890 1054 heres
911 989 1013 1075 ipsius
1037 989 1220 1077 Reginnldi
1239 999 1274 1054 et

160 1096 316 1160 defuncto
330 1094 400 1180 ipso
415 1093 587 1170 Joscelin0‚
605 1093 667 1158 iste
690 1093 884 1179 Rudulphus
906 1093 970 1156 fuit
989 1093 1065 1157 inde
1085 1094 1216 1158 seisitus
1235 1102 1275 1157 ut

163 1198 265 1262 frater
279 1206 314 1262 et
330 1197 422 1261 heres
440 1196 542 1282 ipsius
557 1195 581 1260 J
582 1195 714 1260 oscelini
729 1217 787 1282 per
797 1197 865 1282 xiij.
878 1195 957 1273 dies,
966 1205 1001 1260 et
1011 1197 1099 1260 idem
1110 1197 1274 1262 Robertus

161 1300 256 1365 uenit
271 1321 345 1364 cum
361 1298 396 1363 ui
411 1306 518 1362 suaet
534 1321 608 1362 cum
623 1298 702 1362 uiris
716 1299 850 1364 ermetis
870 1307 905 1364 et
925 1322 1001 1364 eum
1020 1300 1148 1364 obsedit
1168 1323 1226 1386 per
1244 1323 1272 1365 v.
1317 1347 1320 1354 -

161 1403 241 1479 dies,
257 1411 291 1467 et
306 1402 355 1466 itu
369 1401 455 1487 quod
470 1401 580 1466 nullus
595 1402 704 1486 potuit
719 1401 760 1465 nd
781 1423 858 1466 eum
877 1402 1029 1468 accedere
1044 1411 1079 1467 et
1092 1404 1221 1468 arbores
1238 1404 1274 1468 in

162 1506 301 1572 circuitu
317 1505 432 1570 domus
450 1505 557 1570 abcidi
577 1511 611 1568 et
628 1504 789 1589 prosterni
803 1503 881 1568 fecit
896 1513 930 1568 et
945 1504 1020 1568 inde
1035 1527 1070 1568 se
1085 1528 1150 1569 non
1165 1507 1274 1570 tenuit

161 1618 363 1687 contentum,
378 1619 428 1674 set
443 1609 576 1674 domum
590 1608 626 1672 in
641 1629 706 1694 qua
720 1607 915 1693 Redulphus
933 1608 998 1672 fuit
1013 1609 1172 1693 prosterni
1188 1609 1274 1686 fecit,

162 1716 212 1780 ita
226 1715 313 1801 quod
327 1713 391 1778 nisi
406 1713 504 1778 cicius
519 1711 683 1788 exiuisset‚
698 1733 868 1797 oppressus
888 1720 973 1777 esset
992 1713 1028 1776 in
1041 1713 1155 1778 eedem
1170 1713 1274 1790 domo,

163 1817 252 1884 unde
271 1817 486 1884 deterioretus
505 1825 556 1881 est
577 1824 611 1880 et
633 1815 811 1901 dampnum
835 1816 935 1881 habet
956 1816 999 1881 ed
1021 1817 1200 1882 ualenciam
1221 1840 1272 1881 xx.

163 1945 346 1988 marcarum
362 1931 396 1987 et
410 1923 486 1987 inde
503 1921 653 2007 producit
667 1931 789 1986 sectam
804 1921 1042 1987 sufficientem¹.

231 2028 274 2091 Et
289 2027 451 2092 Robertus
469 2025 562 2090 uenit
582 2033 617 2089 et
638 2024 785 2089 defendit
805 2025 875 2089 uim
890 2034 924 2090 et
944 2025 1097 2090 iniuriam
1112 2035 1147 2090 et
1161 2026 1272 2111 damp

162 2155 244 2198 num
257 2155 308 2197 xx.
320 2155 425 2209 merc,
436 2139 471 2196 et
482 2139 589 2196 totum
604 2129 645 2195 de
660 2129 760 2195 uerbo
771 2131 805 2194 in
817 2131 956 2196 uerbum
967 2139 1002 2194 et
1011 2131 1097 2216 quod
1106 2154 1273 2217 nunquam

162 2235 333 2300 deseisiuit
362 2257 447 2312 eum,
476 2242 510 2298 et
540 2233 620 2298 dicit
649 2233 737 2319 quod
765 2233 853 2298 idem
885 2234 1079 2320 Rudulphus
1107 2257 1274 2321 nunquam

162 2338 316 2402 seisinum
340 2336 416 2402 inde
442 2337 559 2402 hebuit
582 2358 688 2421 neque
714 2357 773 2422 per
798 2358 902 2400 unum
925 2337 1013 2402 diem
1038 2360 1143 2423 neque
1167 2361 1225 2423 per
1249 2339 1274 2423 j.

164 2441 289 2516 horam,
317 2448 368 2504 set
397 2459 512 2502 uerum
542 2438 617 2502 uult
646 2437 762 2514 dicere,
792 2437 977 2502 Willelmus
1005 2439 1275 2505 Archidiuconus³

162 2565 248 2608 auus
263 2565 341 2607 suus
355 2541 445 2606 illum
461 2550 582 2605 terram
596 2541 688 2604 dedit
708 2541 788 2627 Elye
809 2540 897 2626 petri
915 2541 1018 2626 ipsius
1032 2543 1199 2630 Redulphi
1214 2544 1273 2630 qui

163 2670 224 2733 per
248 2646 369 2710 donum
395 2645 478 2710 illud
504 2653 624 2709 terrem
649 2645 740 2709 illam
763 2631 872 2709 tenuit
893 2667 952 2730 per
980 2646 1111 2732 aliquod
1136 2657 1276 2735 tempus,

163 2758 280 2836 postea
304 2771 403 2834 quare
429 2748 545 2812 dilexit
572 2747 831 2812 Goscescelinum
860 2748 965 2812 filium
991 2771 1095 2825 suurn,
1124 2759 1158 2814 et
1187 2752 1276 2817 idem

165 2853 357 2918 Goscelinus
380 2852 444 2916 fuit
465 2851 645 2926 bastardus,
663 2873 726 2937 per
750 2851 988 2916 concessionem
1010 2853 1097 2917 illius
1119 2854 1276 2920 Willelmi

164 2955 395 3022 Archidiaconi
425 2955 517 3020 dedit
543 2956 640 3041 Elyas
665 2963 759 3042 puter
788 2954 890 3039 ipsius
916 2955 1083 3041 Redulphi
1111 2956 1275 3022 Joscelino

164 3059 312 3148 predicto
342 3068 462 3124 terram
492 3059 581 3123 illam
611 3058 786 3122 tenendam
816 3058 859 3122 ed
887 3059 991 3123 uitam
1017 3081 1110 3124 suam
1139 3069 1174 3124 et
1203 3072 1277 3146 post

165 3166 273 3230 uitam
288 3187 380 3229 suam
395 3164 517 3228 reuerti
531 3163 647 3228 debuit
662 3162 703 3227 ad
723 3163 925 3228 Willelmum
947 3164 1220 3229 Archidiaconum
1242 3173 1277 3229 et

165 3267 303 3333 heredes
331 3289 406 3332 suos
434 3266 498 3331 nisi
527 3266 614 3330 idem
651 3266 840 3331 Goscelinus
876 3266 1028 3332 heredem
1065 3268 1199 3334 haberet
1236 3270 1277 3333 de

162 3393 297 3457 corpore
322 3393 388 3448 suo,
415 3378 449 3434 et
472 3369 550 3456 quia
573 3392 638 3433 non
667 3369 784 3434 habuit
810 3369 962 3434 heredem
986 3369 1027 3433 de
1051 3393 1180 3456 corpore
1210 3394 1276 3448 suo,

164 3475 254 3541 idem
284 3473 447 3538 Robertus
476 3473 586 3558 posuit
616 3495 650 3536 se
680 3473 715 3536 in
746 3482 866 3537 terram
894 3473 985 3537 illam
1011 3495 1070 3558 per
1098 3475 1277 3560 predictam

164 3577 428 3652 conuencionem‚
440 3597 499 3640 nec
510 3575 598 3640 idern
611 3575 804 3661 Rcdulphus
813 3575 937 3663 aliquid
949 3575 1067 3640 clamat
1079 3587 1118 3641 ut
1129 3577 1278 3642 heredes⁴

165 3679 332 3746 Goscelini
346 3678 424 3764 quia
443 3679 512 3764 ipse
532 3678 727 3765 Redulphus
746 3679 917 3744 bastardus
934 3687 992 3743 est.
1038 3681 1081 3744 Et
1103 3682 1277 3767 requisitus

165 3785 194 3848 si
209 3783 354 3869 aliquam
370 3790 492 3847 cartam
508 3781 627 3846 habeat
642 3783 683 3846 de
698 3782 845 3868 predicte
859 3785 1084 3860 conuencione‚
1096 3784 1176 3850 dicit
1190 3786 1276 3873 quod

166 3911 232 3953 non
248 3909 311 3952 nisi
326 3909 438 3951 uiuam
453 3907 574 3950 uocem.

199 4101 301 4152 ¹corr.
315 4102 438 4163 queritur.
749 4101 851 4156 donem,
871 4099 915 4147 Br.
934 4098 952 4148 f.
976 4099 1033 4150 167.
1066 4101 1090 4149 A
1109 4099 1227 4150 doctrine
1249 4106 1277 4151 to

200 4167 212 4201 ²
228 4168 250 4216 Δ
261 4181 319 4216 rore
329 4165 446 4227 exemplo
458 4164 485 4214 of
494 4167 608 4226 trespess
619 4181 697 4228 quare
749 4165 852 4214 become
864 4163 967 4213 fruittul
977 4163 1112 4217 hereefter.

165 4235 280 4282 clausum
293 4232 383 4294 fregit.
421 4229 567 4292 seemingly
584 4229 628 4278 the
647 4229 698 4278 dis·
781 4229 1276 4282 ³Archidiocoruuhuebecomeusur·

165 4298 294 4348 turbnnce
316 4293 458 4344 umounted
480 4297 508 4343 to
537 4309 553 4344 e
577 4293 698 4343 disseisin
750 4296 1016 4351 nun1e‚Lercedekne.

166 4361 221 4412 und
230 4377 267 4411 sn
280 4359 366 4410 ussine
376 4357 462 4409 would
472 4357 538 4408 heve
548 4357 612 4408 lain.
645 4359 699 4408 But
779 4359 792 4391 ⁴
809 4359 881 4408 Corr.
895 4361 972 4408 heres.

166 4429 304 4478 uiaseirina
322 4427 368 4474 eut
385 4439 411 4474 re
434 4426 543 4474 continet
565 4433 698 4484 transpire-
