<?xml version="1.0" encoding="UTF-8"?>
<!DOCTYPE html PUBLIC "-//W3C//DTD XHTML 1.0 Transitional//EN"
    "http://www.w3.org/TR/xhtml1/DTD/xhtml1-transitional.dtd">
<html xmlns="http://www.w3.org/1999/xhtml" xml:lang="en" lang="en">
 <head>
  <title>
</title>
<meta http-equiv="Content-Type" content="text/html;charset=utf-8" />
  <meta name='ocr-system' content='tesseract 3.04.00' />
  <meta name='ocr-capabilities' content='ocr_page ocr_carea ocr_par ocr_line ocrx_word'/>
</head>
<body>
  <div class='ocr_page' id='page_1' title='image "bractonsnoteboo01maitgoog_0660.png"; bbox 0 0 3342 5217; ppageno 0'>
   <div class='ocr_carea' id='block_1_1' title="bbox 381 388 1192 464">
    <p class='ocr_par' dir='ltr' id='par_1_1' title="bbox 381 388 1192 464">
     <span class='ocr_line' id='line_1_1' title="bbox 381 388 1192 464; baseline -0.007 -6"><span class='ocrx_word' id='word_1_1' title='bbox 381 394 446 459; x_wconf 82' lang='lat'>656</span> <span class='ocrx_word' id='word_1_2' title='bbox 685 402 823 463; x_wconf 76' lang='lat' dir='ltr'>nrsrss,</span> <span class='ocrx_word' id='word_1_3' title='bbox 845 400 911 451; x_wconf 68' lang='lat' dir='ltr'>nn.</span> <span class='ocrx_word' id='word_1_4' title='bbox 936 388 1031 464; x_wconf 79' lang='lat'><strong>1234,</strong></span> <span class='ocrx_word' id='word_1_5' title='bbox 1054 400 1118 451; x_wconf 72' lang='lat' dir='ltr'>ns.</span> <span class='ocrx_word' id='word_1_6' title='bbox 1142 392 1192 452; x_wconf 87' lang='lat'>18.</span> 
     </span>
    </p>
   </div>
   <div class='ocr_carea' id='block_1_2' title="bbox 377 575 1494 1493">
    <p class='ocr_par' dir='ltr' id='par_1_2' title="bbox 377 575 1494 1265">
     <span class='ocr_line' id='line_1_2' title="bbox 379 575 1494 664; baseline -0.002 -21"><span class='ocrx_word' id='word_1_7' title='bbox 379 600 454 643; x_wconf 90' lang='lat' dir='ltr'>cum</span> <span class='ocrx_word' id='word_1_8' title='bbox 476 586 558 664; x_wconf 86' lang='lat' dir='ltr'>pert</span> <span class='ocrx_word' id='word_1_9' title='bbox 578 576 614 641; x_wconf 92' lang='lat' dir='ltr'>in</span> <span class='ocrx_word' id='word_1_10' title='bbox 635 576 803 642; x_wconf 86' lang='lat' dir='ltr'>Lonwath’</span> <span class='ocrx_word' id='word_1_11' title='bbox 817 576 862 641; x_wconf 78' lang='lat' dir='ltr'>‘ut</span> <span class='ocrx_word' id='word_1_12' title='bbox 884 575 935 640; x_wconf 89' lang='lat' dir='ltr'>ius</span> <span class='ocrx_word' id='word_1_13' title='bbox 958 598 1062 653; x_wconf 89' lang='lat' dir='ltr'>suum,</span> <span class='ocrx_word' id='word_1_14' title='bbox 1078 575 1166 641; x_wconf 90' lang='lat' dir='ltr'>unde</span> <span class='ocrx_word' id='word_1_15' title='bbox 1187 576 1322 663; x_wconf 79' lang='lat' dir='ltr'>quidam</span> <span class='ocrx_word' id='word_1_16' title='bbox 1344 577 1494 663; x_wconf 86' lang='lat' dir='ltr'>Rogerus</span> 
     </span>
     <span class='ocr_line' id='line_1_3' title="bbox 380 679 1493 747; baseline -0.002 0"><span class='ocrx_word' id='word_1_17' title='bbox 380 690 562 747; x_wconf 77' lang='lat' dir='ltr'>antecessor</span> <span class='ocrx_word' id='word_1_18' title='bbox 589 704 668 747; x_wconf 87' lang='lat' dir='ltr'>suus</span> <span class='ocrx_word' id='word_1_19' title='bbox 693 682 757 746; x_wconf 89' lang='lat' dir='ltr'>fuit</span> <span class='ocrx_word' id='word_1_20' title='bbox 782 680 914 746; x_wconf 86' lang='lat' dir='ltr'>seisitus</span> <span class='ocrx_word' id='word_1_21' title='bbox 939 680 974 744; x_wconf 91' lang='lat' dir='ltr'>in</span> <span class='ocrx_word' id='word_1_22' title='bbox 998 680 1159 745; x_wconf 90' lang='lat' dir='ltr'>dominico</span> <span class='ocrx_word' id='word_1_23' title='bbox 1184 703 1242 745; x_wconf 90' lang='lat' dir='ltr'>suo</span> <span class='ocrx_word' id='word_1_24' title='bbox 1265 688 1303 745; x_wconf 90' lang='lat' dir='ltr'>ut</span> <span class='ocrx_word' id='word_1_25' title='bbox 1330 679 1372 747; x_wconf 90' lang='lat' dir='ltr'>de</span> <span class='ocrx_word' id='word_1_26' title='bbox 1399 679 1493 745; x_wconf 86' lang='lat' dir='ltr'>feodo</span> 
     </span>
     <span class='ocr_line' id='line_1_4' title="bbox 380 783 1493 871; baseline -0.002 -22"><span class='ocrx_word' id='word_1_27' title='bbox 380 794 414 849; x_wconf 87' lang='lat' dir='ltr'>et</span> <span class='ocrx_word' id='word_1_28' title='bbox 439 785 509 850; x_wconf 91' lang='lat' dir='ltr'>iure</span> <span class='ocrx_word' id='word_1_29' title='bbox 541 794 687 871; x_wconf 88' lang='lat' dir='ltr'>ternpore</span> <span class='ocrx_word' id='word_1_30' title='bbox 713 786 756 849; x_wconf 77' lang='lat' dir='ltr'>H.</span> <span class='ocrx_word' id='word_1_31' title='bbox 778 784 880 871; x_wconf 85' lang='lat' dir='ltr'>Regis</span> <span class='ocrx_word' id='word_1_32' title='bbox 905 784 961 849; x_wconf 80' lang='lat' dir='ltr'>sui</span> <span class='ocrx_word' id='word_1_33' title='bbox 983 792 1053 861; x_wconf 87' lang='lat' dir='ltr'>etc,</span> <span class='ocrx_word' id='word_1_34' title='bbox 1076 783 1173 849; x_wconf 89' lang='lat' dir='ltr'>etde</span> <span class='ocrx_word' id='word_1_35' title='bbox 1195 783 1341 869; x_wconf 85' lang='lat' dir='ltr'>predicto</span> <span class='ocrx_word' id='word_1_36' title='bbox 1363 785 1493 871; x_wconf 84' lang='lat' dir='ltr'>Rogero</span> 
     </span>
     <span class='ocr_line' id='line_1_5' title="bbox 379 886 1493 964; baseline -0.004 -9"><span class='ocrx_word' id='word_1_37' title='bbox 379 890 547 955; x_wconf 84' lang='lat' dir='ltr'>descendit</span> <span class='ocrx_word' id='word_1_38' title='bbox 561 890 614 955; x_wconf 91' lang='lat' dir='ltr'>ius</span> <span class='ocrx_word' id='word_1_39' title='bbox 636 898 721 955; x_wconf 89' lang='lat' dir='ltr'>terre</span> <span class='ocrx_word' id='word_1_40' title='bbox 743 890 832 954; x_wconf 90' lang='lat' dir='ltr'>illius</span> <span class='ocrx_word' id='word_1_41' title='bbox 854 888 984 954; x_wconf 81' lang='lat' dir='ltr'>cuidem</span> <span class='ocrx_word' id='word_1_42' title='bbox 1007 888 1148 953; x_wconf 80' lang='lat' dir='ltr'>deulfo</span> <span class='ocrx_word' id='word_1_43' title='bbox 1170 897 1210 952; x_wconf 88' lang='lat' dir='ltr'>ut</span> <span class='ocrx_word' id='word_1_44' title='bbox 1224 888 1290 952; x_wconf 90' lang='lat' dir='ltr'>filio</span> <span class='ocrx_word' id='word_1_45' title='bbox 1313 896 1347 952; x_wconf 92' lang='lat' dir='ltr'>et</span> <span class='ocrx_word' id='word_1_46' title='bbox 1369 886 1493 964; x_wconf 78' lang='lat' dir='ltr'>heredi,</span> 
     </span>
     <span class='ocr_line' id='line_1_6' title="bbox 379 988 1492 1078; baseline -0.004 -20"><span class='ocrx_word' id='word_1_47' title='bbox 379 1001 414 1058; x_wconf 88' lang='lat' dir='ltr'>ct</span> <span class='ocrx_word' id='word_1_48' title='bbox 429 992 470 1058; x_wconf 88' lang='lat' dir='ltr'>de</span> <span class='ocrx_word' id='word_1_49' title='bbox 484 993 625 1058; x_wconf 84' lang='lat' dir='ltr'>Radnlfo</span> <span class='ocrx_word' id='word_1_50' title='bbox 639 992 767 1057; x_wconf 75' lang='lat' dir='ltr'>cuidam</span> <span class='ocrx_word' id='word_1_51' title='bbox 782 992 910 1078; x_wconf 83' lang='lat' dir='ltr'>Rogero</span> <span class='ocrx_word' id='word_1_52' title='bbox 925 1001 964 1056; x_wconf 92' lang='lat' dir='ltr'>ut</span> <span class='ocrx_word' id='word_1_53' title='bbox 979 991 1045 1056; x_wconf 90' lang='lat' dir='ltr'>filio</span> <span class='ocrx_word' id='word_1_54' title='bbox 1060 1000 1095 1055; x_wconf 86' lang='lat' dir='ltr'>et</span> <span class='ocrx_word' id='word_1_55' title='bbox 1109 990 1231 1067; x_wconf 90' lang='lat' dir='ltr'>heredi,</span> <span class='ocrx_word' id='word_1_56' title='bbox 1242 998 1276 1055; x_wconf 85' lang='lat' dir='ltr'>et</span> <span class='ocrx_word' id='word_1_57' title='bbox 1292 989 1332 1054; x_wconf 87' lang='lat' dir='ltr'>de</span> <span class='ocrx_word' id='word_1_58' title='bbox 1343 988 1492 1075; x_wconf 78' lang='lat' dir='ltr'>predicto</span> 
     </span>
     <span class='ocr_line' id='line_1_7' title="bbox 378 1092 1493 1182; baseline -0.004 -22"><span class='ocrx_word' id='word_1_59' title='bbox 378 1096 504 1182; x_wconf 85' lang='lat' dir='ltr'>Rogero</span> <span class='ocrx_word' id='word_1_60' title='bbox 521 1096 578 1160; x_wconf 87' lang='lat' dir='ltr'>isti</span> <span class='ocrx_word' id='word_1_61' title='bbox 593 1096 768 1161; x_wconf 81' lang='lat' dir='ltr'>Warnero¹</span> <span class='ocrx_word' id='word_1_62' title='bbox 783 1104 822 1160; x_wconf 92' lang='lat' dir='ltr'>ut</span> <span class='ocrx_word' id='word_1_63' title='bbox 838 1096 904 1160; x_wconf 90' lang='lat' dir='ltr'>filio</span> <span class='ocrx_word' id='word_1_64' title='bbox 927 1104 962 1160; x_wconf 86' lang='lat' dir='ltr'>et</span> <span class='ocrx_word' id='word_1_65' title='bbox 983 1095 1097 1161; x_wconf 88' lang='lat' dir='ltr'>heredi</span> <span class='ocrx_word' id='word_1_66' title='bbox 1118 1104 1189 1173; x_wconf 88' lang='lat' dir='ltr'>etc,</span> <span class='ocrx_word' id='word_1_67' title='bbox 1204 1102 1239 1159; x_wconf 86' lang='lat' dir='ltr'>et</span> <span class='ocrx_word' id='word_1_68' title='bbox 1254 1092 1341 1181; x_wconf 93' lang='lat' dir='ltr'>quod</span> <span class='ocrx_word' id='word_1_69' title='bbox 1357 1094 1425 1158; x_wconf 78' lang='lat' dir='ltr'>tale</span> <span class='ocrx_word' id='word_1_70' title='bbox 1448 1093 1493 1157; x_wconf 86' lang='lat' dir='ltr'>sit</span> 
     </span>
     <span class='ocr_line' id='line_1_8' title="bbox 377 1198 725 1265; baseline 0.003 -1"><span class='ocrx_word' id='word_1_71' title='bbox 377 1198 430 1264; x_wconf 88' lang='lat' dir='ltr'>ius</span> <span class='ocrx_word' id='word_1_72' title='bbox 444 1223 540 1265; x_wconf 91' lang='lat' dir='ltr'>suum</span> <span class='ocrx_word' id='word_1_73' title='bbox 554 1201 650 1265; x_wconf 85' lang='lat' dir='ltr'>offert</span> <span class='ocrx_word' id='word_1_74' title='bbox 665 1208 725 1265; x_wconf 87' lang='lat' dir='ltr'>etc.</span> 
     </span>
    </p>

    <p class='ocr_par' dir='ltr' id='par_1_3' title="bbox 378 1301 1493 1493">
     <span class='ocr_line' id='line_1_9' title="bbox 444 1301 1493 1389; baseline -0.002 -22"><span class='ocrx_word' id='word_1_75' title='bbox 444 1302 488 1367; x_wconf 81' lang='lat' dir='ltr'>Et</span> <span class='ocrx_word' id='word_1_76' title='bbox 503 1302 603 1389; x_wconf 87' lang='lat' dir='ltr'>Hugo</span> <span class='ocrx_word' id='word_1_77' title='bbox 617 1302 712 1367; x_wconf 90' lang='lat' dir='ltr'>uenit</span> <span class='ocrx_word' id='word_1_78' title='bbox 729 1310 764 1367; x_wconf 93' lang='lat' dir='ltr'>et</span> <span class='ocrx_word' id='word_1_79' title='bbox 778 1302 926 1367; x_wconf 72' lang='lat' dir='ltr'>defendit</span> <span class='ocrx_word' id='word_1_80' title='bbox 947 1302 999 1367; x_wconf 88' lang='lat' dir='ltr'>ius</span> <span class='ocrx_word' id='word_1_81' title='bbox 1020 1325 1117 1368; x_wconf 88' lang='lat' dir='ltr'>suum</span> <span class='ocrx_word' id='word_1_82' title='bbox 1139 1302 1198 1367; x_wconf 91' lang='lat' dir='ltr'>ubi</span> <span class='ocrx_word' id='word_1_83' title='bbox 1219 1309 1254 1366; x_wconf 84' lang='lat' dir='ltr'>et</span> <span class='ocrx_word' id='word_1_84' title='bbox 1276 1301 1406 1387; x_wconf 79' lang='lat' dir='ltr'>quando</span> <span class='ocrx_word' id='word_1_85' title='bbox 1429 1310 1493 1365; x_wconf 87' lang='lat' dir='ltr'>etc.</span> 
     </span>
     <span class='ocr_line' id='line_1_10' title="bbox 378 1404 1492 1493; baseline -0.001 -23"><span class='ocrx_word' id='word_1_86' title='bbox 378 1414 413 1471; x_wconf 86' lang='lat' dir='ltr'>ct</span> <span class='ocrx_word' id='word_1_87' title='bbox 427 1405 508 1471; x_wconf 87' lang='lat' dir='ltr'>dicit</span> <span class='ocrx_word' id='word_1_88' title='bbox 522 1407 609 1493; x_wconf 94' lang='lat' dir='ltr'>quod</span> <span class='ocrx_word' id='word_1_89' title='bbox 630 1407 659 1471; x_wconf 89' lang='lat' dir='ltr'>si</span> <span class='ocrx_word' id='word_1_90' title='bbox 680 1407 764 1471; x_wconf 80' lang='lat' dir='ltr'>alius</span> <span class='ocrx_word' id='word_1_91' title='bbox 785 1406 993 1492; x_wconf 76' lang='lat' dir='ltr'>inplacitsret</span> <span class='ocrx_word' id='word_1_92' title='bbox 1015 1430 1091 1472; x_wconf 88' lang='lat' dir='ltr'>eum</span> <span class='ocrx_word' id='word_1_93' title='bbox 1110 1406 1151 1472; x_wconf 90' lang='lat' dir='ltr'>de</span> <span class='ocrx_word' id='word_1_94' title='bbox 1175 1406 1288 1472; x_wconf 79' lang='lat' dir='ltr'>eedem</span> <span class='ocrx_word' id='word_1_95' title='bbox 1311 1413 1398 1471; x_wconf 79' lang='lat' dir='ltr'>terra</span> <span class='ocrx_word' id='word_1_96' title='bbox 1420 1404 1492 1490; x_wconf 87' lang='lat' dir='ltr'>ipse</span> 
     </span>
    </p>
   </div>
   <div class='ocr_carea' id='block_1_3' title="bbox 263 1510 1491 1597">
    <p class='ocr_par' dir='ltr' id='par_1_4' title="bbox 263 1510 1491 1597">
     <span class='ocr_line' id='line_1_11' title="bbox 263 1510 1491 1597; baseline -0.002 -22"><span class='ocrx_word' id='word_1_97' title='bbox 263 1556 269 1567; x_wconf 80' lang='lat'><strong>·</strong></span> <span class='ocrx_word' id='word_1_98' title='bbox 379 1510 553 1597; x_wconf 86' lang='lat' dir='ltr'>Wymerus</span> <span class='ocrx_word' id='word_1_99' title='bbox 566 1510 701 1575; x_wconf 79' lang='lat' dir='ltr'>deberet</span> <span class='ocrx_word' id='word_1_100' title='bbox 716 1520 837 1576; x_wconf 72' lang='lat' dir='ltr'>terrum</span> <span class='ocrx_word' id='word_1_101' title='bbox 852 1511 943 1576; x_wconf 80' lang='lat' dir='ltr'>illam</span> <span class='ocrx_word' id='word_1_102' title='bbox 958 1512 1174 1590; x_wconf 82' lang='lat' dir='ltr'>warentizsre,</span> <span class='ocrx_word' id='word_1_103' title='bbox 1186 1520 1222 1575; x_wconf 88' lang='lat' dir='ltr'>et</span> <span class='ocrx_word' id='word_1_104' title='bbox 1233 1510 1354 1596; x_wconf 77' lang='lat' dir='ltr'>profert</span> <span class='ocrx_word' id='word_1_105' title='bbox 1365 1516 1491 1573; x_wconf 77' lang='lat' dir='ltr'>certam</span> 
     </span>
    </p>
   </div>
   <div class='ocr_carea' id='block_1_4' title="bbox 378 1612 1539 3572">
    <p class='ocr_par' dir='ltr' id='par_1_5' title="bbox 378 1612 1493 2219">
     <span class='ocr_line' id='line_1_12' title="bbox 380 1612 1493 1701; baseline -0.004 -22"><span class='ocrx_word' id='word_1_106' title='bbox 380 1615 502 1701; x_wconf 87' lang='lat' dir='ltr'>Rogeri</span> <span class='ocrx_word' id='word_1_107' title='bbox 522 1614 582 1678; x_wconf 89' lang='lat' dir='ltr'>filii</span> <span class='ocrx_word' id='word_1_108' title='bbox 609 1614 757 1701; x_wconf 83' lang='lat' dir='ltr'>Wymeri</span> <span class='ocrx_word' id='word_1_109' title='bbox 783 1615 824 1679; x_wconf 90' lang='lat' dir='ltr'>de</span> <span class='ocrx_word' id='word_1_110' title='bbox 849 1616 943 1680; x_wconf 89' lang='lat' dir='ltr'>cuius</span> <span class='ocrx_word' id='word_1_111' title='bbox 968 1615 1087 1681; x_wconf 83' lang='lat' dir='ltr'>seisins</span> <span class='ocrx_word' id='word_1_112' title='bbox 1111 1615 1181 1701; x_wconf 88' lang='lat' dir='ltr'>ipse</span> <span class='ocrx_word' id='word_1_113' title='bbox 1206 1615 1379 1701; x_wconf 87' lang='lat' dir='ltr'>Wymerus</span> <span class='ocrx_word' id='word_1_114' title='bbox 1403 1612 1493 1698; x_wconf 87' lang='lat' dir='ltr'>petit</span> 
     </span>
     <span class='ocr_line' id='line_1_13' title="bbox 379 1714 1492 1804; baseline -0.001 -24"><span class='ocrx_word' id='word_1_115' title='bbox 379 1724 499 1781; x_wconf 75' lang='lat' dir='ltr'>tensm</span> <span class='ocrx_word' id='word_1_116' title='bbox 532 1716 622 1780; x_wconf 80' lang='lat' dir='ltr'>illam</span> <span class='ocrx_word' id='word_1_117' title='bbox 658 1726 693 1781; x_wconf 91' lang='lat' dir='ltr'>et</span> <span class='ocrx_word' id='word_1_118' title='bbox 722 1740 786 1803; x_wconf 90' lang='lat' dir='ltr'>que</span> <span class='ocrx_word' id='word_1_119' title='bbox 816 1725 958 1784; x_wconf 78' lang='lat' dir='ltr'>testatur</span> <span class='ocrx_word' id='word_1_120' title='bbox 986 1718 1073 1804; x_wconf 88' lang='lat' dir='ltr'>quod</span> <span class='ocrx_word' id='word_1_121' title='bbox 1102 1718 1191 1783; x_wconf 86' lang='lat' dir='ltr'>idern</span> <span class='ocrx_word' id='word_1_122' title='bbox 1220 1718 1367 1804; x_wconf 87' lang='lat' dir='ltr'>Rogcrus</span> <span class='ocrx_word' id='word_1_123' title='bbox 1396 1714 1492 1780; x_wconf 91' lang='lat' dir='ltr'>dedit</span> 
     </span>
     <span class='ocr_line' id='line_1_14' title="bbox 378 1819 1491 1889; baseline 0.001 -4"><span class='ocrx_word' id='word_1_124' title='bbox 378 1820 509 1886; x_wconf 87' lang='lat' dir='ltr'>Alhrico</span> <span class='ocrx_word' id='word_1_125' title='bbox 535 1822 576 1885; x_wconf 90' lang='lat' dir='ltr'>de</span> <span class='ocrx_word' id='word_1_126' title='bbox 600 1822 667 1885; x_wconf 89' lang='lat' dir='ltr'>Ver</span> <span class='ocrx_word' id='word_1_127' title='bbox 689 1830 724 1886; x_wconf 89' lang='lat' dir='ltr'>et</span> <span class='ocrx_word' id='word_1_128' title='bbox 748 1822 922 1888; x_wconf 84' lang='lat' dir='ltr'>heredibus</span> <span class='ocrx_word' id='word_1_129' title='bbox 952 1822 1019 1888; x_wconf 88' lang='lat' dir='ltr'>suis</span> <span class='ocrx_word' id='word_1_130' title='bbox 1044 1823 1225 1889; x_wconf 82' lang='lat' dir='ltr'>manerium</span> <span class='ocrx_word' id='word_1_131' title='bbox 1250 1822 1291 1888; x_wconf 85' lang='lat' dir='ltr'>de</span> <span class='ocrx_word' id='word_1_132' title='bbox 1318 1819 1491 1887; x_wconf 77' lang='lat' dir='ltr'>Isnewell&#39;</span> 
     </span>
     <span class='ocr_line' id='line_1_15' title="bbox 378 1922 1493 2010; baseline -0.001 -21"><span class='ocrx_word' id='word_1_133' title='bbox 378 1922 414 1989; x_wconf 88' lang='lat' dir='ltr'>in</span> <span class='ocrx_word' id='word_1_134' title='bbox 428 1923 579 1988; x_wconf 90' lang='lat' dir='ltr'>omnibus</span> <span class='ocrx_word' id='word_1_135' title='bbox 592 1924 690 1989; x_wconf 91' lang='lat' dir='ltr'>rebus</span> <span class='ocrx_word' id='word_1_136' title='bbox 704 1924 789 1990; x_wconf 87' lang='lat' dir='ltr'>sicut</span> <span class='ocrx_word' id='word_1_137' title='bbox 803 1924 887 1991; x_wconf 91' lang='lat' dir='ltr'>illud</span> <span class='ocrx_word' id='word_1_138' title='bbox 902 1926 1045 1991; x_wconf 82' lang='lat' dir='ltr'>habebat</span> <span class='ocrx_word' id='word_1_139' title='bbox 1059 1926 1094 1990; x_wconf 88' lang='lat' dir='ltr'>in</span> <span class='ocrx_word' id='word_1_140' title='bbox 1115 1934 1210 2003; x_wconf 81' lang='lat' dir='ltr'>terra,</span> <span class='ocrx_word' id='word_1_141' title='bbox 1224 1926 1328 2003; x_wconf 87' lang='lat' dir='ltr'>bosco,</span> <span class='ocrx_word' id='word_1_142' title='bbox 1342 1925 1441 2010; x_wconf 78' lang='lat' dir='ltr'>plano</span> <span class='ocrx_word' id='word_1_143' title='bbox 1456 1928 1493 1989; x_wconf 86' lang='lat' dir='ltr'>et</span> 
     </span>
     <span class='ocr_line' id='line_1_16' title="bbox 379 2026 1492 2113; baseline 0 -22"><span class='ocrx_word' id='word_1_144' title='bbox 379 2027 530 2092; x_wconf 89' lang='lat' dir='ltr'>omnibus</span> <span class='ocrx_word' id='word_1_145' title='bbox 542 2028 648 2105; x_wconf 90' lang='lat' dir='ltr'>rebus,</span> <span class='ocrx_word' id='word_1_146' title='bbox 663 2027 732 2092; x_wconf 88' lang='lat' dir='ltr'>sine</span> <span class='ocrx_word' id='word_1_147' title='bbox 752 2028 864 2113; x_wconf 83' lang='lat' dir='ltr'>sliqus</span> <span class='ocrx_word' id='word_1_148' title='bbox 885 2028 1101 2093; x_wconf 77' lang='lat' dir='ltr'>retinetione&#39;</span> <span class='ocrx_word' id='word_1_149' title='bbox 1115 2028 1148 2092; x_wconf 89' lang='lat' dir='ltr'>ei</span> <span class='ocrx_word' id='word_1_150' title='bbox 1169 2036 1203 2093; x_wconf 87' lang='lat' dir='ltr'>et</span> <span class='ocrx_word' id='word_1_151' title='bbox 1226 2028 1400 2093; x_wconf 86' lang='lat' dir='ltr'>heredibus</span> <span class='ocrx_word' id='word_1_152' title='bbox 1421 2026 1492 2091; x_wconf 87' lang='lat' dir='ltr'>suis</span> 
     </span>
     <span class='ocr_line' id='line_1_17' title="bbox 379 2131 891 2219; baseline 0.004 -23"><span class='ocrx_word' id='word_1_153' title='bbox 379 2131 420 2196; x_wconf 88' lang='lat' dir='ltr'>de</span> <span class='ocrx_word' id='word_1_154' title='bbox 434 2132 505 2218; x_wconf 90' lang='lat' dir='ltr'>ipso</span> <span class='ocrx_word' id='word_1_155' title='bbox 519 2133 645 2219; x_wconf 83' lang='lat' dir='ltr'>Rogero</span> <span class='ocrx_word' id='word_1_156' title='bbox 660 2140 696 2197; x_wconf 85' lang='lat' dir='ltr'>et</span> <span class='ocrx_word' id='word_1_157' title='bbox 710 2132 891 2199; x_wconf 82' lang='lat' dir='ltr'>heredibus,</span> 
     </span>
    </p>

    <p class='ocr_par' dir='ltr' id='par_1_6' title="bbox 379 2236 1539 2841">
     <span class='ocr_line' id='line_1_18' title="bbox 446 2236 1491 2323; baseline -0.002 -22"><span class='ocrx_word' id='word_1_158' title='bbox 446 2237 490 2301; x_wconf 87' lang='lat' dir='ltr'>Et</span> <span class='ocrx_word' id='word_1_159' title='bbox 518 2236 691 2323; x_wconf 87' lang='lat' dir='ltr'>Wymerus</span> <span class='ocrx_word' id='word_1_160' title='bbox 720 2236 814 2301; x_wconf 86' lang='lat' dir='ltr'>uenit</span> <span class='ocrx_word' id='word_1_161' title='bbox 843 2245 877 2302; x_wconf 91' lang='lat' dir='ltr'>et</span> <span class='ocrx_word' id='word_1_162' title='bbox 906 2236 1053 2303; x_wconf 77' lang='lat' dir='ltr'>defendit</span> <span class='ocrx_word' id='word_1_163' title='bbox 1077 2244 1200 2303; x_wconf 75' lang='lat' dir='ltr'>cartam</span> <span class='ocrx_word' id='word_1_164' title='bbox 1226 2245 1260 2302; x_wconf 90' lang='lat' dir='ltr'>et</span> <span class='ocrx_word' id='word_1_165' title='bbox 1286 2236 1431 2323; x_wconf 86' lang='lat' dir='ltr'>sigillum</span> <span class='ocrx_word' id='word_1_166' title='bbox 1456 2244 1491 2301; x_wconf 85' lang='lat' dir='ltr'>ct</span> 
     </span>
     <span class='ocr_line' id='line_1_19' title="bbox 380 2340 1493 2427; baseline -0.001 -22"><span class='ocrx_word' id='word_1_167' title='bbox 380 2348 497 2417; x_wconf 83' lang='lat' dir='ltr'>totum,</span> <span class='ocrx_word' id='word_1_168' title='bbox 511 2340 565 2405; x_wconf 90' lang='lat' dir='ltr'>uel</span> <span class='ocrx_word' id='word_1_169' title='bbox 587 2363 647 2427; x_wconf 89' lang='lat' dir='ltr'>per</span> <span class='ocrx_word' id='word_1_170' title='bbox 667 2363 781 2427; x_wconf 88' lang='lat' dir='ltr'>corpus</span> <span class='ocrx_word' id='word_1_171' title='bbox 803 2340 973 2405; x_wconf 84' lang='lat' dir='ltr'>cuiusdam</span> <span class='ocrx_word' id='word_1_172' title='bbox 994 2340 1089 2406; x_wconf 91' lang='lat' dir='ltr'>liberi</span> <span class='ocrx_word' id='word_1_173' title='bbox 1111 2340 1251 2406; x_wconf 92' lang='lat' dir='ltr'>hominis</span> <span class='ocrx_word' id='word_1_174' title='bbox 1273 2341 1333 2420; x_wconf 87' lang='lat' dir='ltr'>sui,</span> <span class='ocrx_word' id='word_1_175' title='bbox 1355 2341 1409 2405; x_wconf 90' lang='lat' dir='ltr'>uel</span> <span class='ocrx_word' id='word_1_176' title='bbox 1431 2362 1493 2427; x_wconf 85' lang='lat' dir='ltr'>per</span> 
     </span>
     <span class='ocr_line' id='line_1_20' title="bbox 379 2442 1492 2530; baseline 0.002 -23"><span class='ocrx_word' id='word_1_177' title='bbox 379 2442 585 2508; x_wconf 85' lang='lat' dir='ltr'>collacionem</span> <span class='ocrx_word' id='word_1_178' title='bbox 612 2442 786 2529; x_wconf 83' lang='lat' dir='ltr'>signorum,</span> <span class='ocrx_word' id='word_1_179' title='bbox 807 2445 862 2508; x_wconf 88' lang='lat' dir='ltr'>uel</span> <span class='ocrx_word' id='word_1_180' title='bbox 886 2445 951 2509; x_wconf 79' lang='lat' dir='ltr'>alio</span> <span class='ocrx_word' id='word_1_181' title='bbox 974 2443 1069 2509; x_wconf 90' lang='lat' dir='ltr'>modo</span> <span class='ocrx_word' id='word_1_182' title='bbox 1091 2446 1269 2510; x_wconf 87' lang='lat' dir='ltr'>secundum</span> <span class='ocrx_word' id='word_1_183' title='bbox 1290 2444 1378 2530; x_wconf 93' lang='lat' dir='ltr'>quod</span> <span class='ocrx_word' id='word_1_184' title='bbox 1399 2444 1492 2509; x_wconf 79' lang='lat' dir='ltr'>curis</span> 
     </span>
     <span class='ocr_line' id='line_1_21' title="bbox 379 2543 1539 2635; baseline 0.003 -25"><span class='ocrx_word' id='word_1_185' title='bbox 379 2543 639 2622; x_wconf 83' lang='lat' dir='ltr'>considerauerit,</span> <span class='ocrx_word' id='word_1_186' title='bbox 656 2554 692 2610; x_wconf 89' lang='lat' dir='ltr'>et</span> <span class='ocrx_word' id='word_1_187' title='bbox 713 2546 799 2632; x_wconf 91' lang='lat' dir='ltr'>petit</span> <span class='ocrx_word' id='word_1_188' title='bbox 820 2546 884 2611; x_wconf 87' lang='lat' dir='ltr'>sibi</span> <span class='ocrx_word' id='word_1_189' title='bbox 906 2546 1036 2611; x_wconf 80' lang='lat' dir='ltr'>allocsri</span> <span class='ocrx_word' id='word_1_190' title='bbox 1058 2547 1144 2633; x_wconf 92' lang='lat' dir='ltr'>quod</span> <span class='ocrx_word' id='word_1_191' title='bbox 1167 2570 1334 2635; x_wconf 81' lang='lat' dir='ltr'>nunquam</span> <span class='ocrx_word' id='word_1_192' title='bbox 1357 2546 1435 2613; x_wconf 86' lang='lat' dir='ltr'>fecit</span> <span class='ocrx_word' id='word_1_193' title='bbox 1458 2547 1491 2613; x_wconf 88' lang='lat' dir='ltr'>ei</span> <span class='ocrx_word' id='word_1_194' title='bbox 1536 2550 1539 2555; x_wconf 80' lang='lat'>&#39;</span> 
     </span>
     <span class='ocr_line' id='line_1_22' title="bbox 379 2644 1490 2718; baseline 0.005 -6"><span class='ocrx_word' id='word_1_195' title='bbox 379 2648 553 2713; x_wconf 86' lang='lat' dir='ltr'>scruicium</span> <span class='ocrx_word' id='word_1_196' title='bbox 566 2648 705 2713; x_wconf 91' lang='lat' dir='ltr'>duorum</span> <span class='ocrx_word' id='word_1_197' title='bbox 721 2649 865 2716; x_wconf 90' lang='lat' dir='ltr'>militum</span> <span class='ocrx_word' id='word_1_198' title='bbox 881 2673 940 2716; x_wconf 89' lang='lat' dir='ltr'>nec</span> <span class='ocrx_word' id='word_1_199' title='bbox 955 2651 1213 2718; x_wconf 84' lang='lat' dir='ltr'>antecessoribus</span> <span class='ocrx_word' id='word_1_200' title='bbox 1227 2644 1295 2718; x_wconf 85' lang='lat' dir='ltr'>suis</span> <span class='ocrx_word' id='word_1_201' title='bbox 1309 2652 1490 2717; x_wconf 87' lang='lat' dir='ltr'>secundum</span> 
     </span>
     <span class='ocr_line' id='line_1_23' title="bbox 379 2751 1211 2841; baseline 0.008 -25"><span class='ocrx_word' id='word_1_202' title='bbox 379 2751 465 2838; x_wconf 88' lang='lat' dir='ltr'>quod</span> <span class='ocrx_word' id='word_1_203' title='bbox 479 2752 515 2817; x_wconf 91' lang='lat' dir='ltr'>in</span> <span class='ocrx_word' id='word_1_204' title='bbox 529 2760 619 2818; x_wconf 79' lang='lat' dir='ltr'>osrts</span> <span class='ocrx_word' id='word_1_205' title='bbox 633 2754 819 2819; x_wconf 84' lang='lat' dir='ltr'>continetur</span> <span class='ocrx_word' id='word_1_206' title='bbox 833 2778 931 2841; x_wconf 87' lang='lat' dir='ltr'>quam</span> <span class='ocrx_word' id='word_1_207' title='bbox 947 2755 986 2819; x_wconf 90' lang='lat' dir='ltr'><em>H</em></span> <span class='ocrx_word' id='word_1_208' title='bbox 984 2778 1044 2841; x_wconf 67' lang='lat' dir='ltr'>opo</span> <span class='ocrx_word' id='word_1_209' title='bbox 1056 2754 1068 2788; x_wconf 85' lang='lat'><strong>⁸</strong></span> <span class='ocrx_word' id='word_1_210' title='bbox 1082 2756 1211 2841; x_wconf 81' lang='lat' dir='ltr'>profert</span> 
     </span>
    </p>

    <p class='ocr_par' dir='ltr' id='par_1_7' title="bbox 379 2857 1493 3129">
     <span class='ocr_line' id='line_1_24' title="bbox 445 2857 1493 2947; baseline 0.005 -26"><span class='ocrx_word' id='word_1_211' title='bbox 445 2858 490 2922; x_wconf 87' lang='lat' dir='ltr'>Et</span> <span class='ocrx_word' id='word_1_212' title='bbox 505 2858 621 2925; x_wconf 80' lang='lat' dir='ltr'>Comes</span> <span class='ocrx_word' id='word_1_213' title='bbox 635 2859 729 2923; x_wconf 86' lang='lat' dir='ltr'>uenit</span> <span class='ocrx_word' id='word_1_214' title='bbox 743 2867 778 2923; x_wconf 90' lang='lat' dir='ltr'>et</span> <span class='ocrx_word' id='word_1_215' title='bbox 792 2859 914 2945; x_wconf 89' lang='lat' dir='ltr'>profert</span> <span class='ocrx_word' id='word_1_216' title='bbox 928 2868 1051 2924; x_wconf 81' lang='lat' dir='ltr'>cartem</span> <span class='ocrx_word' id='word_1_217' title='bbox 1065 2857 1166 2946; x_wconf 85' lang='lat' dir='ltr'>Regis</span> <span class='ocrx_word' id='word_1_218' title='bbox 1181 2860 1316 2925; x_wconf 87' lang='lat' dir='ltr'>Henrici</span> <span class='ocrx_word' id='word_1_219' title='bbox 1331 2860 1417 2925; x_wconf 83' lang='lat' dir='ltr'>senis</span> <span class='ocrx_word' id='word_1_220' title='bbox 1432 2882 1493 2947; x_wconf 85' lang='lat' dir='ltr'>per</span> 
     </span>
     <span class='ocr_line' id='line_1_25' title="bbox 379 2961 1490 3049; baseline 0.003 -24"><span class='ocrx_word' id='word_1_221' title='bbox 379 2982 478 3046; x_wconf 79' lang='lat' dir='ltr'>quom</span> <span class='ocrx_word' id='word_1_222' title='bbox 503 2962 673 3027; x_wconf 81' lang='lat' dir='ltr'>confirmat</span> <span class='ocrx_word' id='word_1_223' title='bbox 695 2961 726 3027; x_wconf 91' lang='lat' dir='ltr'>ei</span> <span class='ocrx_word' id='word_1_224' title='bbox 748 2961 870 3025; x_wconf 90' lang='lat' dir='ltr'>donum</span> <span class='ocrx_word' id='word_1_225' title='bbox 895 2962 981 3048; x_wconf 92' lang='lat' dir='ltr'>quod</span> <span class='ocrx_word' id='word_1_226' title='bbox 1001 2962 1148 3049; x_wconf 84' lang='lat' dir='ltr'>Rogems</span> <span class='ocrx_word' id='word_1_227' title='bbox 1173 2962 1260 3027; x_wconf 86' lang='lat' dir='ltr'>filius</span> <span class='ocrx_word' id='word_1_228' title='bbox 1286 2963 1434 3049; x_wconf 87' lang='lat' dir='ltr'>Wymeri</span> <span class='ocrx_word' id='word_1_229' title='bbox 1459 2964 1490 3028; x_wconf 86' lang='lat' dir='ltr'>ei</span> 
     </span>
     <span class='ocr_line' id='line_1_26' title="bbox 379 3063 465 3129; baseline 0.035 -3"><span class='ocrx_word' id='word_1_230' title='bbox 379 3063 465 3129; x_wconf 91' lang='lat' dir='ltr'>fecit.</span> 
     </span>
    </p>

    <p class='ocr_par' dir='ltr' id='par_1_8' title="bbox 380 3168 1492 3572">
     <span class='ocr_line' id='line_1_27' title="bbox 445 3168 1492 3257; baseline 0.005 -25"><span class='ocrx_word' id='word_1_231' title='bbox 445 3168 523 3232; x_wconf 85' lang='lat' dir='ltr'>Post</span> <span class='ocrx_word' id='word_1_232' title='bbox 551 3170 645 3234; x_wconf 89' lang='lat' dir='ltr'>uenit</span> <span class='ocrx_word' id='word_1_233' title='bbox 669 3170 843 3255; x_wconf 86' lang='lat' dir='ltr'>Wymerus</span> <span class='ocrx_word' id='word_1_234' title='bbox 873 3177 907 3234; x_wconf 87' lang='lat' dir='ltr'>et</span> <span class='ocrx_word' id='word_1_235' title='bbox 931 3170 1094 3257; x_wconf 83' lang='lat' dir='ltr'>cognoscit</span> <span class='ocrx_word' id='word_1_236' title='bbox 1120 3171 1206 3257; x_wconf 91' lang='lat' dir='ltr'>quod</span> <span class='ocrx_word' id='word_1_237' title='bbox 1230 3170 1378 3257; x_wconf 86' lang='lat' dir='ltr'>Rogerus</span> <span class='ocrx_word' id='word_1_238' title='bbox 1403 3172 1492 3238; x_wconf 88' lang='lat' dir='ltr'>filius</span> 
     </span>
     <span class='ocr_line' id='line_1_28' title="bbox 380 3272 1491 3359; baseline 0.005 -22"><span class='ocrx_word' id='word_1_239' title='bbox 380 3272 526 3359; x_wconf 90' lang='lat' dir='ltr'>Wymeri</span> <span class='ocrx_word' id='word_1_240' title='bbox 541 3273 581 3338; x_wconf 88' lang='lat' dir='ltr'>de</span> <span class='ocrx_word' id='word_1_241' title='bbox 596 3273 688 3338; x_wconf 90' lang='lat' dir='ltr'>cuius</span> <span class='ocrx_word' id='word_1_242' title='bbox 702 3272 821 3338; x_wconf 83' lang='lat' dir='ltr'>seisina</span> <span class='ocrx_word' id='word_1_243' title='bbox 834 3273 922 3358; x_wconf 85' lang='lat' dir='ltr'>petit</span> <span class='ocrx_word' id='word_1_244' title='bbox 937 3274 1171 3348; x_wconf 77' lang='lat' dir='ltr'>terramillam,</span> <span class='ocrx_word' id='word_1_245' title='bbox 1187 3274 1313 3339; x_wconf 87' lang='lat' dir='ltr'>dimisit</span> <span class='ocrx_word' id='word_1_246' title='bbox 1334 3276 1425 3341; x_wconf 84' lang='lat' dir='ltr'>illam</span> <span class='ocrx_word' id='word_1_247' title='bbox 1448 3276 1491 3342; x_wconf 79' lang='lat' dir='ltr'>ad</span> 
     </span>
     <span class='ocr_line' id='line_1_29' title="bbox 380 3378 1492 3469; baseline 0.004 -27"><span class='ocrx_word' id='word_1_248' title='bbox 380 3378 557 3442; x_wconf 84' lang='lat' dir='ltr'>torminum</span> <span class='ocrx_word' id='word_1_249' title='bbox 584 3378 706 3445; x_wconf 82' lang='lat' dir='ltr'>Comiti</span> <span class='ocrx_word' id='word_1_250' title='bbox 734 3378 870 3444; x_wconf 80' lang='lat' dir='ltr'>Arbrioo</span> <span class='ocrx_word' id='word_1_251' title='bbox 899 3379 940 3444; x_wconf 90' lang='lat' dir='ltr'>de</span> <span class='ocrx_word' id='word_1_252' title='bbox 972 3380 1039 3444; x_wconf 83' lang='lat' dir='ltr'>Ver</span> <span class='ocrx_word' id='word_1_253' title='bbox 1066 3380 1196 3466; x_wconf 83' lang='lat' dir='ltr'>quando</span> <span class='ocrx_word' id='word_1_254' title='bbox 1224 3380 1312 3445; x_wconf 89' lang='lat' dir='ltr'>idem</span> <span class='ocrx_word' id='word_1_255' title='bbox 1343 3381 1492 3469; x_wconf 84' lang='lat' dir='ltr'>Rogcrus</span> 
     </span>
     <span class='ocr_line' id='line_1_30' title="bbox 381 3482 1492 3572; baseline 0.005 -27"><span class='ocrx_word' id='word_1_256' title='bbox 381 3482 605 3548; x_wconf 79' lang='lat' dir='ltr'>transfretsuit</span> <span class='ocrx_word' id='word_1_257' title='bbox 626 3482 661 3546; x_wconf 91' lang='lat' dir='ltr'>in</span> <span class='ocrx_word' id='word_1_258' title='bbox 683 3482 887 3559; x_wconf 82' lang='lat' dir='ltr'>Hiberniam,</span> <span class='ocrx_word' id='word_1_259' title='bbox 907 3490 942 3547; x_wconf 90' lang='lat' dir='ltr'>et</span> <span class='ocrx_word' id='word_1_260' title='bbox 964 3482 1065 3548; x_wconf 90' lang='lat' dir='ltr'>donec</span> <span class='ocrx_word' id='word_1_261' title='bbox 1088 3491 1175 3548; x_wconf 82' lang='lat' dir='ltr'>terra</span> <span class='ocrx_word' id='word_1_262' title='bbox 1196 3506 1230 3549; x_wconf 86' lang='lat' dir='ltr'>se</span> <span class='ocrx_word' id='word_1_263' title='bbox 1252 3484 1358 3570; x_wconf 77' lang='lat' dir='ltr'>ipsam</span> <span class='ocrx_word' id='word_1_264' title='bbox 1380 3487 1492 3572; x_wconf 80' lang='lat' dir='ltr'>aquie-</span> 
     </span>
    </p>
   </div>
   <div class='ocr_carea' id='block_1_5' title="bbox 380 3583 1493 4189">
    <p class='ocr_par' dir='ltr' id='par_1_9' title="bbox 380 3583 1493 3959">
     <span class='ocr_line' id='line_1_31' title="bbox 381 3583 1492 3673; baseline 0.005 -24"><span class='ocrx_word' id='word_1_265' title='bbox 381 3583 486 3650; x_wconf 84' lang='lat' dir='ltr'>tsret‘</span> <span class='ocrx_word' id='word_1_266' title='bbox 508 3592 543 3649; x_wconf 87' lang='lat' dir='ltr'>et</span> <span class='ocrx_word' id='word_1_267' title='bbox 566 3592 712 3671; x_wconf 83' lang='lat' dir='ltr'>tempore</span> <span class='ocrx_word' id='word_1_268' title='bbox 735 3585 872 3650; x_wconf 85' lang='lat' dir='ltr'>Henrici</span> <span class='ocrx_word' id='word_1_269' title='bbox 894 3586 995 3673; x_wconf 83' lang='lat' dir='ltr'>Regis</span> <span class='ocrx_word' id='word_1_270' title='bbox 1016 3586 1080 3651; x_wconf 79' lang='lat' dir='ltr'>aui.</span> <span class='ocrx_word' id='word_1_271' title='bbox 1125 3587 1169 3652; x_wconf 91' lang='lat' dir='ltr'>Et</span> <span class='ocrx_word' id='word_1_272' title='bbox 1190 3594 1305 3672; x_wconf 81' lang='lat' dir='ltr'>postes</span> <span class='ocrx_word' id='word_1_273' title='bbox 1325 3588 1405 3673; x_wconf 77' lang='lat' dir='ltr'>quis</span> <span class='ocrx_word' id='word_1_274' title='bbox 1425 3612 1492 3655; x_wconf 89' lang='lat' dir='ltr'>non</span> 
     </span>
     <span class='ocr_line' id='line_1_32' title="bbox 381 3686 1492 3775; baseline 0.006 -23"><span class='ocrx_word' id='word_1_275' title='bbox 381 3695 490 3773; x_wconf 86' lang='lat' dir='ltr'>potest</span> <span class='ocrx_word' id='word_1_276' title='bbox 514 3686 661 3754; x_wconf 86' lang='lat' dir='ltr'>dedicere</span> <span class='ocrx_word' id='word_1_277' title='bbox 690 3696 814 3753; x_wconf 77' lang='lat' dir='ltr'>certam</span> <span class='ocrx_word' id='word_1_278' title='bbox 839 3688 941 3774; x_wconf 86' lang='lat' dir='ltr'>ipsius</span> <span class='ocrx_word' id='word_1_279' title='bbox 968 3688 1097 3775; x_wconf 85' lang='lat' dir='ltr'>Rogcri‚</span> <span class='ocrx_word' id='word_1_280' title='bbox 1123 3712 1183 3753; x_wconf 86' lang='lat' dir='ltr'>nec</span> <span class='ocrx_word' id='word_1_281' title='bbox 1209 3689 1492 3759; x_wconf 78' lang='lat' dir='ltr'>confirmacionem</span> 
     </span>
     <span class='ocr_line' id='line_1_33' title="bbox 381 3789 1493 3877; baseline 0.005 -23"><span class='ocrx_word' id='word_1_282' title='bbox 381 3789 490 3877; x_wconf 82' lang='lat' dir='ltr'>Regis,</span> <span class='ocrx_word' id='word_1_283' title='bbox 504 3790 669 3875; x_wconf 86' lang='lat' dir='ltr'>respondit</span> <span class='ocrx_word' id='word_1_284' title='bbox 683 3789 856 3877; x_wconf 87' lang='lat' dir='ltr'>Wymerus</span> <span class='ocrx_word' id='word_1_285' title='bbox 871 3789 958 3877; x_wconf 90' lang='lat' dir='ltr'>quod</span> <span class='ocrx_word' id='word_1_286' title='bbox 978 3790 1007 3855; x_wconf 88' lang='lat' dir='ltr'>si</span> <span class='ocrx_word' id='word_1_287' title='bbox 1021 3791 1141 3856; x_wconf 80' lang='lat' dir='ltr'>faceret</span> <span class='ocrx_word' id='word_1_288' title='bbox 1163 3791 1194 3855; x_wconf 90' lang='lat' dir='ltr'>ei</span> <span class='ocrx_word' id='word_1_289' title='bbox 1216 3792 1401 3872; x_wconf 86' lang='lat' dir='ltr'>seruicium,</span> <span class='ocrx_word' id='word_1_290' title='bbox 1416 3818 1493 3860; x_wconf 91' lang='lat' dir='ltr'>con-</span> 
     </span>
     <span class='ocr_line' id='line_1_34' title="bbox 380 3892 1365 3959; baseline 0.002 -2"><span class='ocrx_word' id='word_1_291' title='bbox 380 3894 490 3958; x_wconf 87' lang='lat' dir='ltr'>silium</span> <span class='ocrx_word' id='word_1_292' title='bbox 504 3893 640 3958; x_wconf 83' lang='lat' dir='ltr'>haberet</span> <span class='ocrx_word' id='word_1_293' title='bbox 653 3892 845 3958; x_wconf 87' lang='lat' dir='ltr'>dimittendi</span> <span class='ocrx_word' id='word_1_294' title='bbox 860 3893 891 3957; x_wconf 89' lang='lat' dir='ltr'>ei</span> <span class='ocrx_word' id='word_1_295' title='bbox 906 3900 1026 3958; x_wconf 82' lang='lat' dir='ltr'>terram</span> <span class='ocrx_word' id='word_1_296' title='bbox 1041 3892 1131 3957; x_wconf 79' lang='lat' dir='ltr'>illam</span> <span class='ocrx_word' id='word_1_297' title='bbox 1146 3893 1180 3957; x_wconf 88' lang='lat' dir='ltr'>in</span> <span class='ocrx_word' id='word_1_298' title='bbox 1195 3893 1365 3959; x_wconf 85' lang='lat' dir='ltr'>dominico.</span> 
     </span>
    </p>

    <p class='ocr_par' dir='ltr' id='par_1_10' title="bbox 381 3988 1493 4189">
     <span class='ocr_line' id='line_1_35' title="bbox 447 3988 1492 4083; baseline 0.006 -22"><span class='ocrx_word' id='word_1_299' title='bbox 447 3998 491 4061; x_wconf 87' lang='lat' dir='ltr'>Et</span> <span class='ocrx_word' id='word_1_300' title='bbox 516 3996 589 4061; x_wconf 86' lang='lat' dir='ltr'>ideo</span> <span class='ocrx_word' id='word_1_301' title='bbox 614 3996 692 4083; x_wconf 81' lang='lat' dir='ltr'>quis</span> <span class='ocrx_word' id='word_1_302' title='bbox 716 3988 890 4082; x_wconf 85' lang='lat' dir='ltr'>Wymerus</span> <span class='ocrx_word' id='word_1_303' title='bbox 913 4004 1027 4082; x_wconf 82' lang='lat' dir='ltr'>posteo</span> <span class='ocrx_word' id='word_1_304' title='bbox 1052 4020 1117 4061; x_wconf 88' lang='lat' dir='ltr'>non</span> <span class='ocrx_word' id='word_1_305' title='bbox 1143 3995 1265 4063; x_wconf 90' lang='lat' dir='ltr'>dedicit</span> <span class='ocrx_word' id='word_1_306' title='bbox 1288 4006 1413 4064; x_wconf 71' lang='lat' dir='ltr'>curtum</span> <span class='ocrx_word' id='word_1_307' title='bbox 1430 4024 1492 4068; x_wconf 84' lang='lat' dir='ltr'>nec</span> 
     </span>
     <span class='ocr_line' id='line_1_36' title="bbox 381 4099 1493 4189; baseline 0.005 -24"><span class='ocrx_word' id='word_1_308' title='bbox 381 4101 624 4167; x_wconf 82' lang='lat' dir='ltr'>feoffsmentum</span> <span class='ocrx_word' id='word_1_309' title='bbox 639 4099 877 4165; x_wconf 79' lang='lat' dir='ltr'>consideratum</span> <span class='ocrx_word' id='word_1_310' title='bbox 899 4110 949 4166; x_wconf 90' lang='lat' dir='ltr'>est</span> <span class='ocrx_word' id='word_1_311' title='bbox 965 4101 1051 4187; x_wconf 91' lang='lat' dir='ltr'>quod</span> <span class='ocrx_word' id='word_1_312' title='bbox 1071 4101 1187 4168; x_wconf 79' lang='lat' dir='ltr'>Comes</span> <span class='ocrx_word' id='word_1_313' title='bbox 1209 4124 1274 4167; x_wconf 89' lang='lat' dir='ltr'>non</span> <span class='ocrx_word' id='word_1_314' title='bbox 1297 4104 1493 4189; x_wconf 74' lang='lat' dir='ltr'>respondeat</span> 
     </span>
    </p>
   </div>
   <div class='ocr_carea' id='block_1_6' title="bbox 412 4296 1492 4491">
    <p class='ocr_par' dir='ltr' id='par_1_11' title="bbox 412 4296 1492 4491">
     <span class='ocr_line' id='line_1_37' title="bbox 414 4296 1492 4362; baseline 0.002 -15"><span class='ocrx_word' id='word_1_315' title='bbox 414 4296 424 4328; x_wconf 88' lang='lat'>¹</span> <span class='ocrx_word' id='word_1_316' title='bbox 441 4296 531 4347; x_wconf 68' lang='lat' dir='ltr'>called</span> <span class='ocrx_word' id='word_1_317' title='bbox 539 4296 750 4362; x_wconf 68' lang='lat' dir='ltr'>Wyrnenusbore</span> <span class='ocrx_word' id='word_1_318' title='bbox 758 4296 811 4348; x_wconf 72' lang='lat' dir='ltr'>und</span> <span class='ocrx_word' id='word_1_319' title='bbox 819 4297 907 4348; x_wconf 78' lang='lat' dir='ltr'>below.</span> <span class='ocrx_word' id='word_1_320' title='bbox 991 4297 1094 4348; x_wconf 77' lang='lat' dir='ltr'>‘Until</span> <span class='ocrx_word' id='word_1_321' title='bbox 1116 4296 1161 4348; x_wconf 81' lang='lat' dir='ltr'>tho</span> <span class='ocrx_word' id='word_1_322' title='bbox 1182 4296 1246 4348; x_wconf 65' lang='lat' dir='ltr'>land</span> <span class='ocrx_word' id='word_1_323' title='bbox 1268 4296 1364 4348; x_wconf 84' lang='lat' dir='ltr'>should</span> <span class='ocrx_word' id='word_1_324' title='bbox 1385 4298 1492 4355; x_wconf 75' lang='lat' dir='ltr'>become</span> 
     </span>
     <span class='ocr_line' id='line_1_38' title="bbox 412 4361 1386 4491; baseline 0.007 -81"><span class='ocrx_word' id='word_1_325' title='bbox 412 4362 424 4459; x_wconf 56' lang='grc' dir='ltr'>ἰ</span> <span class='ocrx_word' id='word_1_326' title='bbox 439 4362 689 4491; x_wconf 44' lang='lat' dir='ltr'>{upplpiktgoletnngpn</span> <span class='ocrx_word' id='word_1_327' title='bbox 959 4361 1044 4425; x_wconf 82' lang='lat' dir='ltr'>quict;</span> <span class='ocrx_word' id='word_1_328' title='bbox 1061 4362 1132 4414; x_wconf 84' lang='lat' dir='ltr'>until</span> <span class='ocrx_word' id='word_1_329' title='bbox 1141 4362 1205 4417; x_wconf 82' lang='lat' dir='ltr'>time</span> <span class='ocrx_word' id='word_1_330' title='bbox 1216 4363 1245 4415; x_wconf 81' lang='lat' dir='ltr'>of</span> <span class='ocrx_word' id='word_1_331' title='bbox 1253 4377 1332 4429; x_wconf 76' lang='lat' dir='ltr'>pesce</span> <span class='ocrx_word' id='word_1_332' title='bbox 1344 4364 1386 4429; x_wconf 72' lang='lat' dir='ltr'>(t).</span> 
     </span>
    </p>
   </div>
   <div class='ocr_carea' id='block_1_7' title="bbox 0 0 1676 5217">
    <p class='ocr_par' dir='ltr' id='par_1_12' title="bbox 0 0 1676 5217">
     <span class='ocr_line' id='line_1_39' title="bbox 0 0 1676 5217; baseline 0 0"><span class='ocrx_word' id='word_1_333' title='bbox 0 0 1676 5217; x_wconf 95' lang='lat' dir='ltr'> </span> 
     </span>
    </p>
   </div>
  </div>
 </body>
</html>
