3342 5217
340 433 401 496 110
649 446 789 507 uritur,
812 445 876 495 nn.
903 433 995 507 1222,
1017 448 1080 497 sn.
1105 437 1132 498 6.

308 609 310 614 ’
336 614 481 700 predicta
501 623 586 679 terra
605 615 639 678 in
659 616 785 700 prefata
804 616 900 692 curis,
923 619 1077 682 remansit
1097 619 1131 681 in
1153 619 1272 684 seisins
1295 619 1438 683 eiusdem

337 727 420 782 terre
443 727 477 782 et
497 719 578 783 obiit
593 718 722 784 scisitus
737 727 776 783 ut
790 719 831 784 de
846 719 938 784 feodo
953 743 1012 785 nec
1027 743 1078 797 ne,
1093 721 1172 808 quis
1186 731 1255 786 tam
1275 722 1440 808 predictus

336 820 504 886 Michaelis
519 844 616 908 quarn
632 821 703 887 etc.¹

343 947 345 954 ’
400 927 584 992 Willelmus
613 926 699 992 filius
729 927 900 993 Benedicti
924 929 1010 1014 petit
1035 951 1148 994 uersus
1173 929 1375 994 Willelmum
1398 929 1439 993 de

234 1037 276 1068 ¹²³·
336 1031 500 1096 Wautona
520 1031 683 1097 redditum
709 1055 759 1098 xx.
783 1033 837 1098 sol.
863 1033 897 1096 in
922 1033 1057 1097 Bichsm
1082 1041 1121 1097 ut
1142 1033 1194 1098 ius
1222 1056 1327 1110 suum,
1353 1032 1439 1098 unde

334 1135 404 1222 ipse
430 1135 614 1200 Willelmue
642 1135 729 1200 filius
755 1135 926 1200 Benedicti
949 1136 1013 1200 fuit
1038 1137 1168 1201 scisitus
1193 1145 1254 1200 etc.
1279 1136 1328 1201 ita
1353 1136 1439 1222 quod

335 1240 404 1325 ipse
419 1239 604 1304 Willelmus
617 1261 676 1325 per
690 1261 822 1303 manum
838 1261 930 1303 susm
945 1239 1110 1303 redditum
1130 1239 1223 1303 illum
1244 1239 1275 1304 ei
1289 1239 1440 1315 reddidit,

336 1353 374 1409 ut
403 1344 497 1408 illum
522 1365 619 1430 quem
646 1343 807 1408 Hernicus
828 1342 869 1407 de
895 1343 1046 1428 Taydene
1070 1345 1100 1408 ei
1123 1343 1214 1409 dedit
1237 1366 1295 1430 per
1317 1353 1439 1409 cartam

336 1471 437 1527 suam,
459 1471 556 1535 quem
585 1448 706 1533 profert
735 1455 769 1512 et
790 1469 854 1533 que
880 1455 1029 1524 testetur,
1050 1448 1137 1534 quod
1165 1448 1252 1513 idem
1278 1448 1440 1513 Hemicus

337 1551 428 1618 dedit
448 1561 507 1616 etc.
524 1550 687 1615 Willelmo
702 1549 769 1614 filio
784 1549 954 1614 Benedicti
969 1550 1009 1615 de
1024 1550 1156 1616 Londcrt
1169 1573 1226 1636 pro
1241 1551 1390 1638 homagio
1405 1559 1439 1615 et

338 1656 472 1720 seruicio
492 1677 550 1720 suc
569 1679 619 1720 xx.
636 1654 788 1719 solidatas
808 1653 912 1739 quieti
933 1653 1079 1718 redditus
1100 1678 1175 1719 cum
1197 1656 1346 1720 omnibus
1365 1677 1438 1719 con·

337 1759 564 1822 suetudinibus
579 1757 645 1822 suis
659 1779 739 1843 quas
751 1755 935 1820 Willelmus
949 1755 990 1820 de
1003 1756 1164 1821 Wautona
1177 1756 1319 1821 reddidit
1333 1757 1439 1822 eidem

175 1854 318 1941 ffigffitoss‘·
338 1857 479 1922 Henrico
493 1857 528 1920 in
544 1856 623 1920 uilla
636 1855 677 1920 de
693 1855 827 1919 Bicham
843 1864 912 1932 etc,
927 1854 1091 1919 habendas
1105 1863 1140 1920 et
1157 1856 1313 1920 tenendas
1332 1856 1439 1921 eidem

176 1947 500 2034 hhi⁰22h⁰h¹i⁰²Willelmo
525 1960 592 2024 filio
617 1959 786 2023 Benedicti
812 1967 847 2022 et
872 1957 1044 2023 heredibus
1073 1959 1140 2023 suis
1168 1961 1222 2024 uel
1247 1960 1439 2046 cuicumque

175 2041 322 2127 fflffiuu
337 2067 502 2132 dimittere
517 2075 551 2130 et
566 2065 728 2152 assignare
748 2073 807 2129 etc.
829 2063 915 2128 unde
934 2064 1022 2127 idern
1038 2064 1221 2128 Willelmus
1235 2065 1321 2130 filius
1335 2065 1438 2130 Bene-

175 2134 285 2176 mdm
336 2172 416 2237 dicti
438 2169 618 2257 dicitquod
637 2191 695 2255 per
714 2169 834 2233 donum
853 2167 935 2232 illud
956 2175 991 2231 et
1010 2189 1069 2253 per
1087 2178 1209 2233 cartem
1228 2169 1318 2233 illam
1338 2177 1439 2233 attor·

337 2273 430 2339 nauit
451 2273 538 2338 idem
561 2272 722 2337 Henricus
741 2270 923 2356 predictum
938 2270 1139 2335 Willelmum
1162 2270 1203 2335 de
1218 2271 1383 2336 Wsutons
1396 2271 1438 2336 ad

336 2377 536 2442 reddendum
556 2377 587 2441 ei
607 2375 779 2440 seruicium
798 2374 888 2450 illud,
903 2382 938 2438 et
957 2372 1044 2438 idern
1060 2372 1243 2438 Willelmus
1262 2384 1439 2460 spontanea

337 2480 506 2545 uoluntate
522 2502 580 2544 sus
594 2479 670 2544 fecit
685 2478 716 2542 ei
730 2476 922 2541 fidelitatem
937 2475 978 2540 de
996 2475 1125 2540 redditu
1146 2475 1202 2540 illo
1221 2475 1383 2542 reddendo
1398 2477 1438 2553 ei,

336 2591 370 2647 et
384 2583 478 2647 illurn
493 2581 656 2647 redditum
671 2580 702 2645 ei
716 2579 858 2644 reddidit
872 2601 931 2665 per
944 2601 1078 2644 manum
1097 2601 1190 2643 suem
1209 2589 1244 2643 et
1264 2578 1323 2644 hoc
1344 2580 1439 2645 offert

335 2686 469 2772 probare
493 2686 577 2750 sicut
602 2693 660 2749 etc
688 2683 775 2748 unde
799 2682 880 2748 dicit
905 2681 992 2768 quod
1016 2692 1122 2746 sretro
1146 2691 1224 2746 sunt
1249 2683 1289 2747 xi
1316 2684 1370 2748 sol.
1397 2684 1438 2748 de

336 2788 462 2855 duobus
476 2788 577 2853 annis

402 2892 446 2956 Et
460 2891 644 2956 Willelmus
658 2890 699 2954 de
714 2889 878 2954 Wautcns
892 2888 985 2952 uenit
998 2895 1033 2951 et
1047 2887 1193 2952 defendit
1207 2889 1294 2974 quod
1311 2890 1437 2954 nullum

175 3009 320 3051 wnrnrdoed·
337 2995 499 3061 redditum
522 2995 553 3060 ei
578 2993 684 3070 debet,
707 3015 765 3057 nec
788 2990 912 3077 aliquid
937 2990 978 3055 de
1004 3013 1042 3054 eo
1066 2999 1166 3066 tenet,
1192 3013 1251 3055 nec
1277 2992 1438 3058 Henricus

176 3061 244 3144 120111
242 3057 318 3143 11110
337 3120 480 3184 unquam
496 3094 675 3184 aseignsuit
690 3117 765 3160 eum
781 3095 886 3160 eidem
896 3093 1068 3171 Willelmo,
1077 3116 1137 3158 nec
1147 3094 1309 3181 assignare
1321 3097 1438 3182 potuit,

176 3161 239 3199 quun
248 3151 275 3190 ds
282 3161 307 3190 so

177 3199 287 3293 23¹1*ssssss
337 3202 414 3288 quis
424 3225 489 3266 non
500 3201 609 3266 tenuit
620 3201 660 3266 de
673 3198 814 3264 Henrico
825 3199 861 3263 in
872 3198 986 3283 capite,
997 3197 1097 3261 immo
1108 3205 1200 3261 tenet
1214 3205 1438 3263 tenementum

176 3293 303 3378 Bh'ffi'm
336 3305 418 3371 illud
433 3305 474 3370 de
493 3305 642 3371 Johanne
662 3303 703 3368 de
718 3303 889 3376 Wautona,
904 3309 939 3366 et
960 3300 1126 3365 Johunnes
1147 3299 1188 3364 de
1210 3300 1376 3365 Gileberto
1397 3301 1438 3366 de

336 3408 590 3495 Albingewrthe,
605 3416 639 3472 et
655 3406 840 3472 Gilcbertus
859 3404 900 3469 de
922 3403 1035 3468 eodem
1058 3402 1200 3466 Henrico
1221 3409 1257 3466 et
1277 3402 1350 3467 ideo
1373 3426 1438 3468 non

336 3512 435 3578 debet
450 3511 554 3578 eidem
570 3511 733 3574 Willehno
748 3509 823 3574 inde
838 3507 1036 3592 respondere.

402 3613 446 3677 Et
476 3613 658 3678 Willelmns
684 3612 771 3676 filius
801 3610 969 3674 Benedicti
998 3609 1186 3694 dicitquod
1207 3609 1328 3674 iniuste
1349 3610 1438 3688 dicit,

336 3716 422 3802 quod
451 3739 516 3780 non
544 3714 686 3780 reddidit
715 3714 746 3778 ei
774 3713 940 3778 redditum
969 3712 1062 3775 illurn
1087 3719 1122 3775 et
1147 3712 1233 3797 quod
1256 3735 1321 3777 non
1347 3723 1439 3779 tenet

334 3821 377 3886 de
392 3842 429 3884 eo
451 3829 486 3885 et
506 3821 626 3906 profert
646 3827 768 3882 cartam
789 3816 934 3881 eiusdem
952 3815 1109 3879 Willelmi
1128 3815 1169 3878 de
1192 3814 1355 3881 Wautons
1373 3839 1437 3903 que

336 3933 484 4001 testatur,
510 3921 596 4008 quod
624 3921 711 3985 idern
740 3919 922 3984 Willelmus
944 3917 986 3982 de
1010 3918 1173 3982 Wsutona
1195 3917 1309 3983 debuit
1332 3919 1438 3985 eidem

335 4028 499 4092 Willelmo
515 4049 543 4091 rc
560 4026 614 4090 sol.
630 4022 799 4088 soluendos
814 4022 919 4088 eidem
935 4021 1098 4085 Willelmo
1113 4021 1166 4085 uel
1187 4021 1257 4086 eius
1276 4023 1439 4109 assignato

334 4131 377 4197 ad
407 4130 628 4195 Natiuitatem
659 4127 689 4192 S.
719 4125 842 4190 Marie⁸
870 4133 905 4188 et
930 4124 994 4189 nisi
1017 4125 1173 4189 fecerint‘
1196 4127 1439 4210 computabitur

368 4333 376 4365 ¹
394 4333 507 4382 &cause
518 4329 581 4380 both
593 4328 702 4378 Michncl
713 4327 766 4377 and
775 4325 861 4389 Rslph
912 4298 1082 4381 stthrnment,
1094 4339 1136 4374 ses
1147 4325 1191 4374 Br.
1204 4325 1223 4374 f.
1235 4327 1275 4374 82.

335 4399 400 4448 have
411 4401 458 4460 put
469 4396 621 4446 themselves
633 4408 728 4456 upons
739 4393 805 4455 iury.
942 4389 955 4422 ⁸
972 4392 1041 4453 Sept.
1053 4393 1078 4439 8.

367 4463 429 4512 ’As
448 4467 476 4510 to
498 4460 561 4509 such
584 4475 600 4508 1
622 4457 759 4508 dissvowal
781 4457 861 4506 01111
943 4456 1152 4516 (0111411111.
