3342 5217
382 434 446 497 662
684 442 822 503 unsrun,
845 440 911 492 nn.
935 426 1029 503 12³4,
1051 439 1114 489 nn„
1139 428 1189 489 18.

381 640 479 704 super
503 617 606 681 altare
632 615 757 701 prefate
783 613 916 679 ecclesie
943 613 983 679 de
1006 612 1174 692 Husdene,
1197 613 1331 679 clericus
1354 614 1413 701 qui
1435 637 1493 701 per

382 720 554 786 monachos
568 718 609 784 de
624 717 880 784 Bermundesein
894 716 958 781 fuit
976 716 1150 782 institutus
1168 716 1352 803 aquietnbit
1369 718 1493 803 predic-

381 832 451 888 tam
465 822 633 888 ecclesiam
653 842 766 886 uersus
779 820 978 907 Episcopum
998 819 1262 899 Buthonieneem
1277 828 1329 885 eet
1347 820 1494 907 sigillum

382 926 518 992 Roberti
532 948 599 989 non
613 933 664 990 est
678 923 864 1011 appositum
879 922 956 988 huic
971 930 1066 989 certe.
1086 920 1092 1009 Ι

448 1029 493 1094 Et
506 1027 669 1093 Robertus
683 1026 764 1092 dicit
778 1026 866 1113 quod
880 1033 968 1091 certe
983 1025 1039 1090 ille
1053 1048 1113 1090 nec
1124 1026 1323 1113 cyrographo
1333 1025 1366 1091 ei
1379 1048 1494 1091 nocere

382 1153 449 1196 non
477 1129 607 1207 debent,
636 1129 715 1214 quia
743 1136 817 1214 poet
843 1128 943 1192 finem
971 1126 1065 1192 illum
1095 1135 1130 1192 et
1159 1135 1233 1214 poet
1258 1128 1494 1194 confectionem

382 1242 544 1302 certarum
573 1232 776 1319 presenteuit
803 1230 971 1317 predictus
1000 1230 1164 1297 Robertue
1187 1253 1270 1297 enus
1291 1231 1334 1297 ad
1356 1231 1494 1297 eandem

382 1338 550 1403 ecclesiam
566 1334 729 1421 quendam
744 1333 947 1398 Willelmum
965 1333 1159 1419 predictum,
1180 1341 1216 1399 et
1234 1335 1321 1421 petit
1340 1335 1493 1401 seininem

382 1463 484 1518 cuam,
499 1448 533 1505 et
548 1439 634 1526 quod
648 1439 697 1503 ita
710 1438 774 1503 fuit
789 1437 920 1503 seieitus
933 1438 1029 1503 offert
1043 1436 1265 1507 disrecionare.

448 1544 493 1608 Et
508 1542 599 1607 Prior
612 1541 760 1628 quesitus
774 1549 887 1606 utrum
898 1540 991 1607 dedit
1003 1540 1033 1605 ei
1043 1540 1224 1627 predictam
1236 1542 1494 1622 cduoceoionem,

383 1644 438 1710 uel
462 1642 647 1708 Willelmus
672 1641 713 1706 de
735 1641 919 1730 Morctoign
941 1641 995 1707 uel
1018 1641 1181 1708 Robertue
1202 1643 1244 1709 de
1266 1644 1397 1723 Briwee‚
1416 1645 1495 1711 dicit

383 1743 471 1832 quod
499 1743 665 1830 predictus
689 1742 861 1820 Robertus,
892 1750 927 1807 et
950 1742 1131 1808 deeduocct
1154 1744 1339 1830 predictum
1368 1746 1494 1813 Willel·

384 1870 484 1927 mum,
499 1855 533 1912 et
549 1855 642 1913 tenet
656 1869 690 1911 se
705 1846 835 1932 cdoyr',
851 1846 942 1912 etad
962 1846 1044 1912 dues
1065 1854 1179 1927 curtae,
1200 1871 1338 1935 quarum
1358 1873 1427 1915 une
1445 1858 1495 1915 est

383 1951 425 2016 de
447 1950 590 2017 Roberto
611 1973 683 2028 cuo,
706 1957 741 2015 et
767 1950 871 2015 alteru
895 1950 935 2016 de
960 1950 1111 2017 Johenne
1138 1952 1206 2018 filio
1232 1953 1335 2040 ipeius
1359 1955 1496 2021 Roberti

384 2056 450 2136 aui,
466 2063 501 2120 et
515 2055 544 2119 si
558 2062 646 2120 carte
661 2054 715 2119 uel
731 2054 796 2140 cyr'
810 2076 876 2119 non
891 2055 1057 2119 sufficiunt
1073 2054 1168 2120 dicit¹
1183 2056 1275 2121 aliud
1290 2056 1367 2123 etc.²

448 2148 561 2223 Assisc
574 2158 668 2223 uenit
681 2158 926 2244 recogmturesi
938 2158 1090 2224 Elicncra
1100 2158 1276 2225 comitissa
1286 2159 1494 2227 Penbroehii⁸

384 2263 505 2328 iniuste
520 2261 697 2327 dieeeisiuit
711 2261 888 2327 Ricardum
903 2262 956 2328 del
972 2263 1027 2327 Ho
1042 2261 1083 2327 de
1097 2285 1272 2328 commune
1285 2273 1421 2350 pastui-e
1435 2288 1492 2331 sue

384 2368 420 2430 in
445 2367 582 2442 Lutone,
607 2388 670 2451 que
692 2365 838 2451 pertinet
863 2366 906 2431 ad
927 2366 1065 2431 liberum
1089 2375 1314 2433 tenementum
1340 2390 1439 2433 suum
1459 2368 1494 2433 in

385 2469 498 2535 eedem
514 2469 602 2547 uilla,
616 2477 690 2556 post
704 2469 844 2556 primam
860 2478 921 2535 etc.

449 2571 574 2636 Eadem
589 2572 689 2637 ensiee
707 2579 743 2637 et
762 2594 821 2659 per
834 2572 966 2637 eosdem
987 2572 1081 2638 uenit
1102 2573 1308 2660 recognitum
1329 2572 1359 2639 si
1380 2572 1492 2639 ecdem

386 2675 561 2742 comitissa
589 2675 712 2741 iniuste
741 2684 802 2742 etc
839 2676 1017 2761 disseieiuit
1053 2678 1212 2743 Thomem
1250 2678 1290 2743 de
1328 2678 1421 2743 Mare
1455 2678 1495 2743 de

383 2800 555 2864 commune
576 2787 709 2865 pasture
730 2800 789 2843 sue
810 2778 847 2843 in
870 2781 1008 2859 Lutone,
1030 2802 1094 2866 quc
1116 2780 1262 2867 pertinet
1282 2780 1326 2847 ed
1355 2782 1494 2847 liberum

383 2889 609 2947 tenementum
623 2904 720 2947 suum
734 2881 770 2947 in
784 2882 899 2947 ecdem
914 2883 1002 2961 uilla,
1017 2891 1092 2969 post
1106 2884 1245 2969 primum
1261 2892 1323 2951 etc.

449 2986 572 3051 Eodem
587 2985 688 3051 assisa
707 2992 742 3051 et
761 3008 820 3072 per
840 2986 970 3052 eosdem
990 2987 1084 3052 uenit
1107 2987 1313 3074 recognitum
1331 2986 1362 3052 ei
1382 2986 1495 3053 cedem

340 3117 343 3124 ⁴
385 3087 559 3154 comitissa
572 3087 693 3152 iniuste
708 3095 768 3152 etc
785 3087 980 3153 disseieiuit⁴
994 3088 1034 3153 de
1055 3089 1241 3176 Amemgge
1261 3088 1302 3154 de
1324 3112 1498 3155 commune

384 3199 516 3278 peeture
531 3214 589 3256 sue
603 3191 638 3257 in
654 3193 791 3269 Lutona,
806 3213 870 3278 que
885 3192 1029 3277 pertinet
1043 3191 1087 3257 ed
1106 3191 1247 3258 liberum
1267 3200 1495 3259 tenementum

385 3318 482 3372 enum
496 3295 532 3359 in
547 3294 660 3360 eadem
676 3295 765 3374 uilla,
779 3304 853 3382 post
868 3296 1007 3382 primam
1023 3305 1082 3363 etc.

453 3400 498 3463 Et
513 3398 687 3465 Comitissn
697 3422 756 3485 per
769 3408 974 3466 attometum
989 3423 1085 3465 suum
1100 3399 1193 3465 uenit
1205 3407 1240 3465 et
1254 3399 1338 3465 bene
1349 3399 1497 3465 concedit

385 3501 527 3579 aeneam,
549 3501 607 3566 sed
631 3502 712 3567 dicit
734 3501 820 3588 quod
843 3502 915 3589 ipsc
935 3503 1099 3569 neminem
1121 3502 1307 3582 disseisiuit‚
1330 3502 1410 3589 quin
1428 3502 1498 3589 ipse

384 3605 509 3670 nullam
546 3606 644 3670 eliam
680 3606 832 3671 seisinem
869 3606 970 3673 hebet
1015 3628 1113 3692 quem
1153 3605 1339 3671 Willelmus
1380 3606 1496 3672 Comes

386 3708 593 3773 Mareecellus
622 3708 785 3795 quondam
815 3709 868 3774 uir
897 3732 975 3776 suus
1011 3710 1128 3775 hebuit
1164 3732 1225 3775 nec
1261 3709 1360 3775 aliam
1397 3732 1493 3797 quam

385 3814 567 3878 Felccsius⁶
603 3813 720 3879 habuit
756 3822 834 3879 ante
871 3814 1054 3901 predictum
1092 3814 1294 3883 Willclmum
1332 3814 1492 3881 Comitem

384 3916 494 3982 uirum
509 3938 613 3982 suum.

449 4019 494 4084 Et
529 4020 687 4085 iuratores
722 4019 837 4086 dicunt
874 4044 971 4109 super
1006 4030 1244 4089 sacramentum
1281 4044 1377 4087 suum
1407 4020 1492 4109 quod

384 4122 532 4209 predicte
557 4122 732 4188 comitissa
754 4125 879 4189 nullom
903 4114 950 4191 'cie
978 4125 1057 4191 fecit
1085 4124 1298 4204 disseininam,
1321 4124 1400 4211 quia
1425 4127 1493 4211 ipsc

418 4260 428 4292 ¹
446 4260 518 4309 Oorr.
529 4261 606 4309 dicet.
965 4261 1024 4311 wife
1035 4262 1065 4311 of
1073 4261 1165 4311 Simon
1176 4259 1207 4313 de
1219 4260 1356 4315 Montfort.

417 4324 500 4375 ¹The
526 4323 615 4375 action
636 4338 690 4376 wne
715 4324 911 4389 compromicod.
997 4326 1174 4390 ‘SupplyRe
1191 4328 1315 4379 tmldm

386 4389 668 4443 swnnnfflermunu
682 4405 708 4453 p.
721 4391 778 4440 458.
997 4390 1169 4442 ⁸Fewkaeof
1200 4393 1298 4446 mnu.

417 4454 500 4504 ⁸The
526 4453 612 4517 king’e
639 4455 731 4514 sieten
764 4454 914 4507 afterwards
