3342 5217
418 435 653 498 mosminse,
675 435 741 487 en.
765 422 860 497 1224,
881 426 943 485 ee
968 423 1061 485 8-9.
1229 420 1290 484 691

184 606 291 673 eidem
318 606 487 672 Willelmo
516 617 576 673 ete
621 608 668 673 Et
695 628 794 693 super
821 605 896 673 hoo'
910 606 1003 671 uenit
1028 605 1078 672 W.
1104 605 1293 672 Exoniensis
1373 673 1374 676 ,

183 709 365 795 Episoopus
397 718 434 775 et
468 710 552 775 dicit
584 708 671 796 qnod
700 717 848 795 tempore
876 730 941 795 quo
968 707 1069 775 assisa
1096 717 1193 795 ospto
1219 708 1297 786 fuit

183 813 378 901 ¹Episoopus
400 814 515 881 Simon
533 822 683 880 mortuus
704 821 739 880 et
760 834 860 900 super
879 812 987 900 ipsum
1010 820 1175 878 mortuum
1199 834 1292 899 cepe-

181 926 261 983 umt
274 918 409 985 essisem
422 918 513 984 illem
528 926 565 983 et
577 918 665 1004 petit
677 916 780 983 telem
794 915 946 982 saisinam
966 917 1095 1003 qualem
1114 916 1294 1003 Episcopus

182 1020 297 1087 Simon
311 1021 429 1087 hebuit
443 1021 496 1086 die
511 1042 576 1109 quo
593 1018 699 1086 obiit¹.
743 1020 789 1085 Et
807 1019 947 1106 predicti
968 1019 1139 1085 imtioimii
1160 1042 1291 1107 eognos·

182 1130 263 1189 eunt
283 1122 371 1209 qnod
394 1123 573 1210 Episcopus
595 1122 710 1189 Simon
730 1130 812 1188 tune
831 1129 980 1193 mortuus
991 1121 1073 1199 luit,
1087 1130 1138 1189 set
1152 1129 1292 1208 putaue-

181 1234 260 1291 runt
273 1226 359 1292 bene
372 1226 459 1313 qnod
472 1247 661 1312 supereum
675 1226 753 1292 licet
766 1228 916 1293 mortuus
929 1234 1015 1293 esset
1029 1227 1162 1293 oensem
1176 1248 1297 1313 eapere-

180 1338 322 1416 possent
376 1330 422 1395 Et
449 1329 566 1396 dieunt
593 1329 682 1417 quod
709 1338 937 1397 tenementum
961 1330 1045 1397 illud
1066 1352 1154 1397 nuno
1179 1330 1294 1397 estin

180 1454 282 1499 manu
302 1433 397 1499 Dom
411 1433 514 1520 Regis
530 1452 589 1519 pm
608 1434 687 1520 lngo
700 1432 859 1499 willelmi
872 1433 914 1499 de
928 1433 1003 1513 Ros,
1018 1441 1053 1499 et
1071 1433 1185 1499 dieunt
1204 1432 1292 1520 quod

180 1536 310 1625 qnando
330 1538 431 1603 breue
452 1537 546 1603 Dom
569 1537 671 1625 Regis
691 1536 787 1603 uenit
806 1536 850 1603 ed
871 1559 925 1603 eos
947 1537 989 1603 de
1013 1538 1113 1605 uesieu
1133 1536 1292 1623 oepiendn

180 1641 346 1726 predictus
367 1641 547 1728 Episcopus
567 1640 684 1707 Simon
704 1648 853 1707 mortuus
868 1628 938 1707 vfuit
951 1649 1002 1707 set
1017 1642 1095 1728 quie
1107 1641 1201 1707 Dom
1217 1640 1293 1707 Rex'

180 1744 305 1809 nullam
326 1743 528 1809 mencionem
549 1744 629 1809 fecit
649 1744 692 1810 de
710 1743 856 1809 mon-tuo⁸
874 1744 910 1810 in
924 1744 1018 1811 breui
1032 1766 1091 1811 suo
1105 1744 1179 1812 ideo
1192 1752 1289 1831 putu-

181 1854 301 1911 uerunt
315 1845 403 1933 quod
416 1846 501 1911 bene
513 1853 646 1932 possent
660 1846 794 1912 amisum
808 1868 923 1933 oepere
928 1846 948 1913 ⁴.

51 1959 131 2023 895.
245 1950 447 2015 ⁶Willelmus
475 1950 516 2015 de
546 1951 717 2015 Heultonu
744 1950 831 2037 petit
860 1972 974 2016 uersus
1002 1950 1110 2017 Adam
1139 1951 1296 2017 Beiram-
1312 1958 1438 2001 uernum

181 2052 268 2141 qnod
288 2055 388 2121 beist
409 2055 442 2120 ei
462 2053 712 2120 eonsuetudines
733 2063 770 2119 et
789 2062 881 2119 reete
901 2053 1040 2120 sermois
1060 2076 1124 2142 qne
1139 2054 1173 2121 ei
1185 2054 1289 2119 lesere

180 2158 282 2225 debet
294 2159 337 2225 de
351 2159 452 2225 libero
466 2166 656 2223 tenemento
669 2178 729 2223 suo
742 2157 832 2245 quod
852 2157 892 2223 de
915 2179 954 2223 eo
975 2166 1068 2223 tenet
1089 2158 1125 2223 in
1146 2154 1289 2224 within-

180 2270 260 2328 tone
273 2270 333 2329 ete
349 2262 437 2328 unde
450 2261 539 2328 idem
553 2262 740 2327 Willelmus
753 2261 835 2327 dicit
854 2261 943 2348 quod
962 2262 1051 2327 idem
1070 2262 1176 2328 Adam
1196 2270 1290 2328 tenet

180 2365 222 2431 de
236 2388 276 2431 eo
289 2364 365 2453 xiij.
380 2366 490 2431 bouet
503 2374 591 2431 terre
605 2388 687 2452 quus
699 2364 815 2431 uillam
831 2372 949 2431 tenent
967 2366 1009 2431 de
1028 2366 1142 2433 eodem
1161 2366 1237 2432 Ads
1254 2366 1290 2431 in

181 2466 383 2557 uilenegium
394 2478 429 2536 et
440 2470 539 2538 debet
550 2470 582 2535 ei
592 2470 670 2535 inde
684 2490 879 2557 perannum
888 2468 914 2556 j.
930 2492 1079 2550 meroem,
1094 2479 1129 2535 et
1143 2478 1292 2557 preterea

180 2572 224 2639 de
251 2571 397 2660 quelibet
425 2572 522 2638 domo
550 2572 592 2638 de
612 2572 761 2660 predicte
781 2581 870 2638 term
891 2572 950 2637 ubi
970 2573 1080 2639 fumus
1101 2573 1170 2638 exit
1191 2570 1295 2638 debet

180 2675 329 2742 inuenire
352 2676 378 2763 j.
408 2699 557 2742 corneum
585 2676 629 2743 ed
656 2676 815 2742 erendum
844 2698 903 2763 per
927 2678 951 2762 j.
981 2677 1070 2742 diem
1091 2677 1120 2742 si
1141 2698 1297 2743 cerneum

180 2780 334 2847 hebuerit
353 2781 405 2870 sin
426 2788 540 2847 sutem
560 2780 603 2847 de
624 2780 685 2846 boo
706 2780 794 2867 quod
815 2779 984 2845 hebuerit⁸
997 2788 1033 2845 et
1046 2779 1194 2845 inuenire
1208 2780 1290 2845 duos

180 2883 329 2950 homines
348 2884 385 2949 in
406 2892 590 2970 autumpno
610 2883 653 2950 sd
673 2884 808 2950 bladum
830 2883 1021 2950 metendum
1037 2892 1072 2950 et
1085 2884 1233 2949 inuenire
1247 2882 1288 2948 de

180 2987 327 3073 quelibet
347 2987 443 3053 domo
461 3010 565 3053 unum
585 2986 750 3052 hominem
769 2986 811 3053 ud
830 2988 1048 3073 repetendum
1066 2986 1287 3053 molendinum

179 3112 276 3159 suum
289 3090 333 3157 ed
351 3092 461 3158 eibum
482 3091 627 3157 eiusdem
644 3091 803 3157 Willelmi
823 3092 924 3158 semel
945 3092 981 3157 in
1002 3092 1056 3159 die
1077 3093 1118 3160 de
1139 3092 1290 3158 omnibus

180 3194 246 3260 illis
266 3194 558 3261 consuetudinibus
578 3202 714 3282 excepto
743 3194 929 3260 molendino
957 3206 992 3261 et
1020 3202 1169 3282 pretereo
1195 3195 1288 3282 sequi

181 3298 217 3362 in
230 3296 397 3364 eommuni
408 3296 632 3364 molendinum
646 3319 743 3363 suum
757 3297 800 3362 ad
814 3297 882 3384 xiij.
897 3297 1075 3376 tolletum',
1089 3304 1123 3363 et
1140 3305 1289 3384 preterea

181 3401 311 3488 quondo
329 3401 491 3489 placuerit
506 3402 601 3468 Dom.
616 3402 702 3489 Regi
716 3402 856 3468 teillisre
869 3401 979 3488 ipsum
993 3400 1204 3479 Willelmum,
1216 3400 1288 3487 ipse

181 3514 290 3593 potest
311 3490 440 3573 'enum
461 3506 571 3593 ipsum
593 3505 701 3571 Adam
726 3504 969 3571 racionabiliter
994 3504 1171 3571 secundum
1200 3502 1286 3590 quod

181 3610 360 3696 pertinebit
380 3609 424 3675 ed
446 3608 607 3698 predictus
620 3607 696 3695 xvij.
712 3609 823 3674 bouet.
839 3616 935 3687 terre,
948 3614 984 3675 et
997 3616 1146 3695 preterea
1159 3607 1288 3695 quando

182 3737 241 3802 per
260 3723 453 3801 preceptum
472 3712 568 3779 Dom.
589 3713 692 3800 Regis
711 3712 847 3779 debebit
868 3712 955 3778 idem
977 3712 1160 3777 Willelmus
1178 3712 1225 3777 ire
1244 3710 1286 3777 ed

181 3818 374 3883 semitutum
383 3816 697 3903 apudWerokwrthe
706 3815 777 3900 siue
785 3815 921 3881 Nouum
931 3814 1081 3881 Castum
1089 3812 1287 3879 idemAdem

181 3920 331 3985 inueniet
351 3919 383 3985 ei
403 3920 487 3985 dune
506 3927 617 4005 portes
636 3918 722 3985 ousti
743 3918 844 3984 nnius
862 3917 1015 4004 armigeri
1036 3916 1079 3984 ud
1103 3916 1288 3983 hernestum

215 4072 583 4201 een
598 4134 713 4188 n
761 4068 1203 4185 uo

185 4202 713 4267 Septttt3Bp.WillismBsewstwus
794 4200 1079 4259 ιΔ.ιι).7;Β.ιη.3.

184 4266 559 4345 mnsenretsdinlprillm.
794 4264 923 4329 ⁸Supply
938 4272 963 4315 et
979 4266 1092 4317 heroion
1110 4278 1158 4327 per
1173 4264 1198 4327 j.
1215 4264 1288 4323 dieu,

217 4332 385 4475 :finini
397 4398 490 4449 paea
507 4412 556 4461 pe
569 4403 713 4461 praepete
763 4330 874 4454 A'vBilo.
886 4394 959 4455 ns.

186 4464 257 4512 Dum.
280 4464 356 4527 Repu
377 4464 563 4514 consideratum
583 4468 620 4513 eet
646 4463 713 4525 quod

1097 4561 1203 4625 ‹tt-2
