3342 5217
377 413 609 476 ιιιοιιιιιιιιι,
632 413 696 464 nn
724 403 816 476 1229,
839 415 903 466 an
927 404 1064 467 13-1t
1205 405 1268 471 307

162 584 317 670 predictis
339 585 497 652 Nicholso
518 593 553 650 et
576 585 699 664 Emine,
713 593 748 652 et
770 585 830 652 hoc
851 595 1042 674 pieceptum
1063 587 1127 652 fuit
1148 580 1269 653 bellino
1281 600 1400 688 Nouium

162 688 205 753 de
219 688 412 755 Iieministic
433 688 490 776 qni
504 711 635 809 presens
656 697 707 754 est
729 697 764 754 et
785 690 949 777 cognoscit
963 689 1050 777 qnod
1070 690 1268 756 escambium
1279 648 1429 782 {zm

161 793 211 860 eis
232 795 308 862 iecit
331 795 372 861 de
398 804 485 862 tem
507 795 649 883 ipsorum
673 795 817 883 Philippi
842 805 878 861 et
901 796 1017 862 Emme
1041 794 1083 860 de
1108 795 1383 875 dominioomm
1279 791 1399 875 'mi‘

159 895 304 982 ipsorum
332 897 375 962 sd
403 898 592 975 ualentiam,
621 905 656 963 et
685 906 801 984 poetes
828 898 906 984 quin
933 897 997 984 ipsi
1025 897 1204 964 Nicholnus
1232 881 1416 968 oti-tim
1506 961 1509 968 .

160 999 278 1065 Enima
302 1000 515 1065 consuerunt
537 1000 682 1065 contenti
696 1000 737 1065 de
761 999 923 1065 escambio
943 999 1000 1066 illo
1021 1010 1183 1068 uenerunt
1203 1001 1325 1106 ipsiffl
1256 975 1429 1107 ..tssiis‘pi

159 1100 259 1166 simul
273 1124 346 1166 oum
364 1103 509 1189 predicto
524 1101 675 1189 Philippo
694 1101 823 1190 propiis
844 1103 1039 1168 auctoritate
1058 1103 1128 1170 sine
1142 1103 1265 1170 bellino
1278 1113 1416 1161 eumd·

159 1203 270 1290 aliquo
284 1213 319 1270 ot
333 1205 577 1270 disseisiuerunt
592 1205 793 1270 willelmum
809 1204 889 1271 Brid
902 1204 943 1270 de
958 1213 1145 1273 tenemento
1158 1229 1217 1272 suo
1230 1207 1291 1291 in
1277 1164 1409 1300 mmm

159 1307 275 1374 eadem
294 1309 373 1376 nilla
393 1319 431 1375 ut
448 1309 511 1396 ipsi
531 1309 708 1376 Nicholsus
730 1318 766 1375 et
783 1309 901 1375 Emina
920 1309 1077 1376 haberent
1098 1319 1265 1378 tenemen·
1277 1254 1429 1441 *ΨΜ

149 1420 232 1478 ‘tum
255 1436 351 1479 snum
373 1436 431 1500 ριο
452 1413 598 1500 piedicto
619 1411 780 1478 emembio
800 1413 852 1477 its
871 1412 957 1498 quod
979 1412 1067 1478 idem
1081 1394 1409 1514 willelmum-m

157 1523 273 1602 postea
286 1516 326 1582 de
346 1516 459 1582 eodeni
479 1523 667 1581 tenemento
686 1515 893 1602 recuperauit
906 1515 1058 1582 seisinsm
1077 1538 1191 1581 uersus
1209 1495 1319 1584 aotnou

157 1643 218 1707 per
245 1620 377 1686 assisam
403 1643 487 1685 noue
515 1618 690 1685 disseisine.
735 1619 779 1683 Ει
807 1617 966 1684 iuratores
995 1627 1161 1706 presentes
1185 1629 1263 1686 sunt

157 1734 193 1790 et
215 1723 276 1790 hoc
296 1722 383 1789 idem
407 1730 572 1790 testentur
600 1729 636 1788 et
658 1722 836 1788 Nioholens
861 1731 896 1788 et
922 1723 1040 1789 Emma
1066 1723 1127 1789 hoc
1156 1732 1262 1789 totuin

156 1837 354 1916 cognoscunt
378 1839 413 1895 et
434 1827 507 1894 ideo
536 1827 773 1894 consideratum
803 1828 965 1914 estquod
994 1828 1151 1893 iuratores
1179 1828 1262 1893 bene

155 1935 348 1999 iurauerunt
370 1943 405 1999 et
427 1933 610 1998 Willelmiis
639 1929 718 1998 Brid
748 1940 783 1997 et
807 1931 965 1997 iuratores
993 1931 1069 1996 inde
1094 1931 1199 2018 quieti
1227 1941 1262 1998 et

157 2037 336 2103 Nicholaus
351 2045 386 2104 et
401 2037 518 2102 Emma
531 2035 566 2101 in
581 2035 805 2102 misericordis.

97 2205 104 2220 ,
222 2137 408 2204 Gilebertus
438 2139 556 2204 Martel
585 2138 672 2225 petit
702 2161 814 2203 uersus
835 2138 994 2204 :iacobum
1019 2137 1150 2204 fratrem
1173 2137 1260 2204 Gile·
1320 2152 1385 2193 ⁰¹⁰2

155 2241 242 2307 berti
257 2242 298 2308 da
314 2241 558 2307 Winterburnie
568 2241 633 2327 viij.
646 2249 892 2307 contemnum
902 2240 1029 2328 pertin
1040 2241 1262 2327 Bensingtona

155 2354 191 2411 et
204 2367 319 2411 uersus
334 2344 527 2410 Nicholasm
541 2366 604 2430 qne
616 2343 679 2409 fuit
694 2367 775 2409 uxor
788 2343 947 2430 predicti¹
957 2343 1000 2408 de
1016 2343 1261 2412 Winterburnia

154 2449 212 2536 iiij.
235 2471 296 2514 scr.
320 2459 405 2515 terre
427 2472 501 2514 cum
523 2457 604 2535 pert.
625 2447 662 2512 in
683 2448 796 2514 eadem
818 2449 899 2514 uills
918 2457 958 2513 ut
978 2449 1031 2514 ius
1050 2471 1146 2514 suum
1168 2458 1203 2514 et
1223 2449 1259 2514 in

153 2573 235 2638 ques
255 2573 320 2616 non
341 2551 464 2617 habent
485 2551 666 2638 ingressum
688 2550 751 2616 nisi
772 2573 831 2638 per
851 2551 1033 2638 predictum
1055 2551 1258 2618 Gilebertnm

152 2654 193 2720 de
217 2654 466 2721 Winterbuinia
490 2654 547 2741 qui
575 2653 696 2720 iniuste
725 2663 760 2720 et
786 2654 856 2720 sine
885 2655 1004 2721 iudicio
1033 2665 1069 2720 et
1096 2664 1170 2774 post
1197 2656 1256 2722 nlt'

150 2759 331 2824 disseisinit
351 2759 491 2824 eundem
514 2758 716 2824 Gilebertum
739 2759 858 2826 Mertel
879 2760 928 2826 ita
946 2761 1033 2847 quod
1053 2760 1154 2826 assisa
1172 2783 1256 2826 none
1268 2781 1338 2822 sm
1345 2781 1372 2822 ι
1378 2781 1410 2821 is

150 2861 320 2928 dieeeieine
349 2861 547 2927 summonite
575 2861 640 2926 fuit
668 2885 774 2926 coram
803 2861 988 2928 iusticiaiiis
1015 2863 1133 2928 ultimo
1160 2863 1256 2928 itine-
1267 2832 1419 2915 mmo

149 2964 303 3030 rentibus
317 2975 352 3031 et
366 2965 457 3030 uisus
472 2973 556 3030 terre
571 2966 676 3031 fectus
690 2965 754 3032 fuit
768 2974 803 3032 et
817 2957 973 3032 remansit
987 2966 1086 3032 assisa
1101 2966 1355 3053 capiendam
1268 2921 1420 3054 iffa:
1460 3048 1465 3057 ¹

149 3089 190 3132 eo
220 3067 307 3154 quod
336 3067 501 3154 predictus
525 3067 712 3136 Gilebertus
741 3068 782 3134 de
803 3068 1049 3135 Winterbnmia
1074 3069 1156 3134 obiit
1179 3077 1257 3135 ente
1268 3061 1408 3194 ΞἛἏᾺ

148 3171 338 3258 capcionem
354 3171 499 3238 eiusdem
513 3172 611 3238 assisa
626 3182 685 3238 etc

219 3273 263 3338 Et
284 3274 427 3340 Jacobus
448 3283 483 3340 et
508 3274 668 3340 Nicholsa
693 3275 832 3341 ueniunt
861 3285 897 3340 et
924 3276 1040 3341 nolunt
1068 3273 1258 3361 respondere

149 3377 223 3443 sine
245 3377 345 3444 breui
393 3379 437 3444 Et
458 3379 536 3466 quia
557 3379 685 3466 loquela
712 3379 776 3444 ιιιι
803 3388 895 3445 mota
926 3380 990 3446 ιιιιι
1018 3401 1124 3445 eoram
1154 3380 1187 3448 S.
1217 3379 1260 3444 de

149 3481 297 3567 Segrnne
317 3489 352 3546 ιι
369 3480 463 3546 sociis
479 3479 546 3546 suis
565 3481 600 3545 ιιι
622 3481 738 3546 itinere
760 3504 819 3547 sno
840 3482 875 3546 in
896 3482 1053 3548 oomitntu
1075 3482 1258 3568 Norbamp·

149 3592 238 3661 tone,
264 3583 389 3649 scilicet
417 3583 546 3670 quando
574 3583 723 3649 dominus
752 3584 823 3650 Rex
855 3585 964 3650 tenuit
992 3585 1039 3650 ibi
1067 3584 1258 3650 concilium⁸

148 3697 190 3754 ut
204 3696 314 3774 partes
328 3696 525 3775 cognoscimt
539 3695 573 3752 et
587 3695 737 3754 tenentes
751 3687 799 3753 ibi
813 3710 847 3752 se
869 3687 1123 3766 essoniauerimt,
1136 3695 1171 3753 et
1192 3710 1257 3752 non

148 3801 261 3880 potest
297 3801 442 3858 constare
471 3791 657 3858 iusticieiiis
686 3792 826 3878 qualiter
854 3792 931 3857 inde
959 3800 1159 3858 recesserunt
1187 3793 1256 3857 sine

148 3895 246 3960 breui
265 3903 300 3960 et
321 3894 451 3961 recordo
472 3895 528 3960 et⁴
548 3893 645 3960 dotus
666 3903 717 3959 est
738 3903 798 3959 etc.
821 3902 857 3959 et
877 3893 1009 3960 interim
1031 3895 1144 3960 ueniat
1157 3894 1257 3960 breue

148 4006 186 4063 et
201 3997 377 4064 iecordum.

80 4167 89 4180 ,
215 4101 336 4166 Jurata
364 4101 457 4166 uenit
487 4099 691 4188 recognitum
719 4123 777 4186 per
805 4123 995 4166 consensum
1025 4100 1171 4186 porcium
1199 4122 1257 4187 per
1315 4115 1375 4156 Μ·

182 4285 267 4336 1Τιιι
278 4289 417 4337 annotator
434 4283 583 4336 sometimes
594 4285 680 4336 writes
762 4283 1080 4349 ³ProbsblyAng.1227.
1115 4282 1180 4335 Mat
1197 4285 1256 4336 Per.

149 4367 201 4401 aas.
212 4367 254 4402 no.
268 4351 309 4402 for
318 4354 400 4402 metio
410 4367 474 4402 noue
486 4352 626 4403 dissein'iie.
732 4349 829 4400 chron.
842 4350 904 4412 Miij.
917 4351 968 4400 iol.
980 4353 1004 4408 ιι,
1016 4363 1042 4412 p.
1056 4350 1111 4401 iat.

185 4417 196 4446 ²
212 4415 313 4480 Supply
326 4418 455 4466 Gilebertt.
764 4417 774 4448 ⁴
791 4416 851 4466 Oni.
862 4425 896 4465 et.

1065 4517 1171 4579 20-2
