3342 5217
346 0 396 34 ιιι
556 0 580 33 ιι
622 0 677 33 :u'
716 0 786 49 ιιις
817 19 822 28 .
852 0 873 36 ι,
985 24 992 48 ‚
1144 10 1188 19 —
1216 9 1240 35 .

338 162 485 248 Rogems
513 183 573 247 per
602 167 805 225 attornatum
834 182 930 225 suum
967 182 1026 245 per
1061 160 1104 226 xl.
1133 159 1189 225 sol.
1219 181 1277 245 per
1305 158 1454 246 plegium

339 265 499 329 Hemonis
514 266 653 331 Ohuere.

281 428 288 441 ,
403 368 615 434 ¹Leurencius
643 369 684 434 de
713 370 862 434 Burtone
890 368 976 455 petit
1005 390 1119 433 uersus
1148 367 1380 433 Walerendum
1409 366 1454 433 de

339 473 565 540 Bluntesdune
579 474 665 561 quod
679 474 778 539 faciat
792 474 824 539 ei
839 473 1089 539 eonsuetudines
1109 481 1145 539 et
1164 481 1254 539 recte
1272 472 1409 538 seruicia
1427 471 1434 559 Ι

340 599 403 662 que
419 578 449 642 ei
463 577 583 643 faoere'
596 577 638 644 de
658 579 760 644 libem
780 586 970 644 tenemento
990 601 1049 644 suo
1071 577 1158 665 quod
1180 577 1221 643 de
1244 600 1281 643 oo
1303 586 1396 642 tenet
1418 576 1456 641 in

340 680 572 746 Blundesduna
586 690 625 746 ut
639 682 675 746 in
689 681 845 769 soutogiis
865 690 900 746 et
922 680 995 746 eliis
1015 689 1085 759 eto,
1100 690 1135 746 et
1156 680 1242 747 unde
1265 680 1344 745 dioit
1366 680 1457 766 quod

340 808 415 850 oum
434 794 547 851 teneat
565 786 606 851 de
627 785 720 852 feodo
739 809 799 851 ειιο
818 794 967 851 oeteuem
990 794 1116 871 purtem
1139 785 1225 851 feodi
1241 785 1266 871 j.
1282 783 1396 849 militis
1419 793 1457 849 et

340 897 489 975 preterea
507 913 581 955 cum
602 897 715 956 teneat
734 913 763 956 v.
778 912 868 955 soros
887 898 971 955 terre
991 912 1066 955 oum
1086 897 1168 976 pert.
1183 890 1219 953 in
1234 888 1347 953 eodem
1363 887 1455 965 uilla,

340 1002 376 1058 et
405 994 492 1059 unde
517 994 650 1059 reddere
676 994 707 1059 ei
732 993 849 1059 debuit
872 1016 931 1079 per
955 1016 1078 1058 annum
1102 991 1275 1057 seminium
1302 989 1346 1055 ιι*
1370 989 1456 1067 den,

341 1104 447 1161 eretro
461 1096 492 1161 ei
507 1103 557 1162 est
571 1097 612 1161 de
626 1095 762 1162 seruioio
783 1096 840 1161 illo
860 1119 888 1162 v.
905 1097 960 1161 sol.
976 1096 1017 1162 de
1038 1119 1067 1160 x.
1082 1095 1184 1171 annis,
1200 1104 1235 1160 et
1254 1102 1403 1181 preterea
1423 1093 1457 1158 ei

341 1207 448 1263 aretro
463 1206 514 1264 est
528 1199 569 1264 de
584 1197 677 1264 feodo
692 1198 838 1284 predicto
853 1197 1069 1285 soustagium⁴
1083 1205 1197 1263 octone
1213 1197 1315 1283 pertis
1330 1196 1418 1261 feodi
1428 1196 1455 1281 j.

342 1301 475 1366 militis⁶
498 1301 539 1366 de
563 1301 763 1378 Bedefordia‚
787 1301 828 1366 de
855 1302 968 1365 Monte
999 1300 1169 1378 Gomerici‚
1192 1300 1233 1365 de
1257 1300 1386 1379 Eluein
1411 1298 1457 1364 de

342 1404 506 1469 Bictauia⁰
520 1412 555 1469 et
569 1406 610 1470 de
631 1404 819 1469 Brittannia
838 1412 873 1470 et
892 1404 934 1469 de
956 1404 1036 1469 Keri
1056 1403 1144 1469 unde
1167 1402 1381 1469 deterioratos
1402 1410 1457 1468 est

340 1506 382 1571 ad
397 1506 577 1571 uulenoiam
592 1530 617 1572 ι.
633 1507 688 1572 sol.
703 1514 764 1572 ete

406 1611 451 1675 Et
478 1610 692 1676 Welerandus
720 1610 814 1676 uenit
843 1618 878 1676 et
906 1611 1052 1677 defendit
1078 1612 1147 1677 uim
1173 1620 1207 1677 et
1235 1610 1388 1676 iniuriam
1418 1618 1456 1675 et

340 1714 504 1801 cognoscit
518 1714 604 1801 quod
624 1723 716 1780 tenet
736 1714 777 1780 de
797 1714 890 1780 feodo
911 1736 969 1779 suo
991 1722 1026 1780 et
1048 1715 1134 1801 quod
1156 1722 1248 1780 tenet
1270 1723 1390 1779 terrem
1413 1714 1457 1779 de

340 1817 453 1881 eodem
479 1817 514 1881 in
540 1816 678 1895 eedem',
700 1826 752 1883 set
777 1840 842 1882 non
868 1818 967 1883 debet
992 1818 1024 1883 ei
1047 1818 1108 1883 nisi
1131 1826 1197 1883 tres
1222 1816 1370 1883 denanios
1396 1838 1457 1903 per

339 1941 462 1984 annum
491 1929 526 1985 et
555 1920 596 1985 de
625 1921 771 2007 predicto
796 1921 889 1986 feodo
916 1942 981 1985 non
1006 1920 1106 1986 debet
1132 1920 1163 1985 ei
1189 1920 1253 1985 nisi
1277 1919 1454 1985 seruioium

341 2022 464 2088 decime
483 2024 586 2111 peutis
606 2024 693 2089 feodi
708 2025 733 2111 j.
749 2025 875 2103 militis,
890 2032 925 2090 et
944 2024 1108 2111 pretereo⁸
1121 2026 1209 2111 quod
1223 2024 1304 2090 dicit
1319 2024 1407 2110 quod
1422 2024 1456 2089 ei

342 2137 472 2193 tantum
498 2137 605 2194 aretro
626 2137 677 2194 est
698 2129 779 2194 dicit
801 2129 871 2215 ipse
894 2130 980 2215 quod
1002 2151 1067 2193 non
1089 2129 1199 2194 tenuit
1218 2128 1349 2193 feodum
1371 2128 1456 2192 iilud

342 2232 405 2297 nisi
426 2255 482 2297 sex
504 2233 599 2297 annis
618 2233 743 2318 elapsis,
758 2232 862 2319 ⁹quod
877 2233 977 2298 nichil
992 2232 1133 2319 emplius
1147 2255 1179 2298 ει
1168 2232 1291 2297 debet
1311 2231 1405 2317 ponit
1419 2254 1456 2296 se

179 2363 213 2402 uo
200 2366 301 2410 ο-ιιωι
342 2337 376 2402 in
391 2360 544 2424 magnam
558 2337 692 2402 assisam
714 2338 807 2401 Dom.
824 2337 932 2425 Regis,
949 2346 983 2402 et
1003 2337 1089 2422 petit
1109 2335 1362 2423 reoognieionem
1384 2334 1456 2399 fieri

178 2410 322 2543 mffim
342 2441 478 2505 utrum
468 2464 538 2527 ιρεε
558 2441 665 2506 maius
684 2441 737 2506 ius
757 2441 878 2507 hebeat
897 2441 1031 2506 tenendi
1052 2449 1172 2505 terrem
1194 2440 1284 2505 illam
1306 2448 1342 2505 et
1363 2448 1457 2504 tene-

342 2554 491 2608 mentum
506 2543 589 2607 illud
604 2566 663 2629 per
681 2544 856 2609 seminium
878 2543 1002 2609 decime
1023 2544 1125 2629 pertis
1145 2542 1270 2628 feodiJ'.
1286 2542 1401 2608 militis
1420 2552 1458 2608 et

342 2647 443 2711 trium
465 2646 538 2712 den.
560 2669 712 2732 perenn
735 2647 821 2712 siout
845 2647 915 2733 ipse
939 2646 1102 2764 cognoscit
1124 2646 1179 2710 uel
1200 2668 1258 2732 ρει
1281 2646 1455 2711 seruioium

342 2758 457 2816 ootoue
482 2750 585 2837 pertis
610 2750 696 2814 feodi
722 2750 820 2815 unius
841 2750 956 2816 militis
979 2759 1013 2815 et
1036 2752 1077 2837 vj.
1100 2750 1165 2817 den
1192 2773 1251 2837 per
1273 2774 1347 2817 ιιιιιι.
1369 2752 1457 2817 siout

342 2854 429 2920 idem
444 2855 642 2920 Inurenoius
656 2855 698 2919 ab
713 2878 751 2921 eo
765 2856 858 2941 petit.
904 2854 984 2921 Dies
998 2856 1095 2920 datus
1111 2864 1170 2923 eto

285 3030 291 3042 Ι
407 2957 618 3023 ¹⁰Willelmus
632 2958 664 3022 le
679 2958 831 3023 anoeis
847 2980 904 3044 pro
919 2980 954 3023 se
969 2967 1003 3023 et
1018 2960 1042 3023 J
1042 2958 1153 3024 uliano
1167 2982 1267 3025 uxore
1280 2960 1351 3025 eius
1362 2960 1458 3026 cuius

342 3062 411 3127 looo
430 3062 564 3147 ponitur
582 3063 669 3148 petit
691 3085 804 3128 uersus
824 3062 1025 3129 Willelmum
1047 3063 1205 3129 Herlieun
1225 3066 1267 3131 xl.
1287 3087 1347 3130 eor.
1370 3073 1457 3130 terre

343 3188 418 3231 oum
440 3166 572 3251 pertin
596 3166 823 3253 Kensingtona
845 3173 884 3230 ut
905 3166 957 3231 ius
978 3166 1081 3252 ipsius
1103 3166 1247 3244 Julione‚
1261 3175 1296 3232 et
1317 3166 1354 3231 in
1375 3190 1459 3253 ques

342 3292 408 3333 non
423 3269 523 3334 hebet
537 3269 720 3356 ingressum
734 3269 798 3335 nisi
812 3292 871 3355 per
886 3269 1042 3335 Basiliam
1057 3292 1197 3334 sororem
1208 3268 1311 3355 ipsius
1322 3270 1345 3335 J
1346 3270 1458 3334 ulinue

342 3396 406 3459 que
429 3381 549 3438 terram
571 3374 661 3439 illam
683 3375 715 3438 ei
736 3374 862 3439 dimisit
883 3373 925 3439 ed
946 3374 1123 3439 terminum
1144 3373 1202 3459 qui
1222 3373 1372 3459 pretenit
1386 3382 1459 3452 ete,

342 3486 377 3541 et
402 3478 490 3542 unde
515 3478 630 3543 dicunt
653 3478 740 3564 quod
766 3478 891 3543 dimisit
916 3479 947 3544 ei
977 3478 1020 3543 ed
1050 3478 1228 3543 terminum
1253 3477 1324 3542 uite
1354 3478 1459 3563 ipsius

343 3580 471 3645 Basilio.

377 3710 387 3742 ¹
403 3709 434 3760 A
445 3725 481 3759 m.
493 3712 517 3759 3
958 3710 1058 3760 ⁰Gorr.
1074 3711 1213 3769 Piotum'o,¹
1236 3709 1285 3760 but
1300 3710 1324 3759 A
1339 3708 1392 3760 hed
1408 3710 1459 3760 ori·

377 3774 389 3807 ¹
406 3775 504 3839 Supply
515 3778 592 3838 debet,
606 3775 636 3827 A.
926 3775 1025 3838 ginelly
1035 3777 1167 3825 Britouia.

378 3838 389 3870 ⁸
406 3840 515 3903 001qu
511 3842 566 3899 ',A.
958 3840 969 3874 ⁷
986 3841 1039 3902 sip
1039 3841 1085 3904 ply
1095 3842 1170 3899 uitta,
1181 3840 1213 3889 A.

378 3903 479 3953 ⁴Oorr.
489 3856 681 3967 scismatum.
958 3856 1171 3968 8ιιιιρριγιιιιο,
1186 3904 1216 3954 A.

378 3969 389 4001 ⁸
406 3970 507 4033 Supply
522 3973 552 4020 dc
568 3972 669 4031 littero,
685 3969 716 4021 A.
749 3970 806 4021 'l'he
818 3971 876 4021 first
958 3970 969 4003 ⁹
986 3970 1112 4085 supply&
1097 3978 1130 4030 ιι,
1141 3970 1173 4019 A.

346 4037 452 4097 mauge
462 4035 491 4085 of
500 4034 545 4084 the
555 4034 636 4098 reign.
958 4034 980 4069 ¹⁰
995 4035 1025 4087 A
1039 4036 1103 4085 ιιι.5
