3342 5217
520 468 661 532 umor,
684 469 748 518 io.
774 453 868 530 1224,
889 467 951 518 iu
975 455 1004 518 8.
1251 449 1314 519 187

207 640 292 728 Regi
321 663 370 705 xx.
402 663 525 706 marcos
550 663 608 728 pro
631 641 677 706 sic
701 641 787 726 quod
813 640 969 728 placitum
998 639 1081 704 illud
1105 637 1258 726 procedat
1281 645 1317 702 ct

208 765 265 830 pro
291 745 337 808 sic
362 743 448 830 quod
478 742 566 808 idem
588 739 756 808 Robertue
772 752 874 829 ponet
895 765 930 808 se
952 742 987 807 in
1008 764 1162 829 magnum
1182 740 1316 806 assisam

207 847 293 912 sicut
308 847 385 913 fecit
399 856 545 933 tempore
560 847 590 912 J.
608 847 708 934 Regis
723 855 837 911 contra
851 856 979 932 patrem
993 867 1097 910 suum

145 1005 150 1016 .
274 950 417 1016 Oristina
446 951 487 1015 de
511 950 650 1014 Bolebec
672 973 731 1036 per
752 957 955 1014 attornotum
977 972 1073 1014 suum
1095 949 1182 1035 petit
1203 969 1316 1013 uersus

208 1055 342 1119 Petrum
369 1055 409 1118 de
432 1054 528 1119 Wiok
551 1062 586 1118 et
609 1053 785 1120 Orietinam
810 1077 943 1118 uxorem
969 1054 1039 1118 eius
1063 1077 1166 1119 unum
1189 1075 1316 1117 mesue·

206 1155 299 1242 gium
329 1179 403 1221 cum
433 1164 513 1242 pert.
540 1157 576 1221 in
601 1155 770 1243 Wigornie
795 1165 834 1220 ut
858 1156 910 1221 ius
934 1179 1031 1221 suum
1055 1165 1115 1222 ete
1142 1164 1177 1220 et
1200 1155 1316 1220 Petrus

207 1268 243 1324 et
270 1259 413 1325 Oristina
435 1269 636 1324 uocauerunt
658 1260 700 1324 ad
722 1269 903 1325 warantum
929 1261 1114 1325 Johaonem
1137 1260 1178 1324 de
1201 1259 1315 1324 Wiche

207 1364 265 1450 qui
290 1364 385 1428 uouit
407 1373 442 1428 et
468 1364 515 1428 cis
541 1363 765 1428 warentizauit
789 1373 848 1428 etc.
894 1365 939 1428 Et
965 1364 1109 1430 Cristine
1131 1385 1189 1449 per
1214 1371 1315 1428 attor-

207 1477 323 1533 netum
353 1491 449 1532 suum
473 1467 559 1554 petit
583 1491 696 1532 uersus
721 1467 906 1533 Johonucm
930 1469 1012 1533 illud
1036 1469 1217 1555 mesegium
1240 1491 1315 1532 cum

207 1581 290 1657 pert.
320 1581 359 1636 ut
388 1572 439 1637 ius
469 1595 565 1637 suum
594 1573 682 1636 uude
711 1572 783 1658 ipse
808 1573 873 1636 fuit
902 1573 1014 1636 scisita
1037 1581 1076 1637 ut
1099 1574 1141 1638 de
1164 1573 1257 1637 feodo
1281 1580 1316 1636 et

207 1677 278 1740 iure
294 1685 329 1740 ct
343 1676 379 1740 in
393 1677 553 1741 dominico
574 1686 719 1762 tempore
740 1678 771 1742 J.
792 1677 892 1763 Regis
912 1677 1068 1762 capiendo
1088 1677 1163 1741 inde
1186 1676 1317 1761 expleta

207 1779 250 1844 cd
265 1780 444 1844 ualenciam
461 1801 488 1844 v,
505 1781 559 1844 eoi
576 1789 636 1846 etc.
652 1789 686 1844 et
701 1781 737 1844 in
751 1781 838 1866 quod
854 1781 923 1866 ipse
937 1804 1003 1844 non
1018 1781 1119 1846 hebet
1134 1781 1315 1866 ingressum

208 1881 272 1946 nisi
302 1904 361 1967 per
389 1881 496 1946 Adam
521 1881 626 1947 filium
657 1882 783 1948 Edwini
808 1882 862 1947 cui
885 1882 1049 1946 Robertus
1072 1881 1113 1946 de
1138 1882 1316 1946 Mauuerne

208 1985 372 2070 quondam
402 1985 455 2049 uir
478 1985 580 2070 ipsius
603 1985 744 2050 Gristine
767 1984 849 2049 illud
872 1984 997 2048 dimisit
1018 1985 1072 2048 cui
1098 1984 1169 2070 ipso
1190 1992 1317 2048 contre·

208 2087 315 2152 dicere
330 2111 396 2152 non
410 2089 520 2174 potuit
535 2097 594 2153 etc.
610 2097 645 2153 et
660 2089 736 2153 inde
751 2087 901 2174 producit
916 2096 1047 2153 sectam.

275 2194 319 2258 Et
347 2194 515 2260 iohannes
544 2197 638 2260 uenit
667 2205 702 2261 et
731 2196 878 2262 defendit
907 2197 959 2262 ius
984 2219 1080 2261 cuum
1107 2206 1142 2261 et
1165 2197 1317 2261 seisinam

209 2319 303 2361 suem
326 2306 361 2361 et
391 2297 472 2362 dicit
502 2299 588 2384 quod
613 2299 779 2363 Walterus
810 2299 850 2363 de
880 2299 1020 2364 Bolebec
1049 2300 1149 2363 freter
1172 2299 1317 2384 predicte

210 2401 352 2466 Oristine
375 2403 467 2468 euius
489 2402 582 2468 heres
600 2403 671 2489 ipsa
691 2412 741 2468 est
759 2403 940 2489 mesagium
957 2403 1040 2468 illud
1062 2403 1154 2467 dedit
1174 2402 1317 2467 Roberto

208 2502 250 2567 de
281 2504 460 2569 Mauuerne
490 2506 653 2591 quondum
679 2506 750 2570 uiro
780 2527 840 2568 suo
868 2527 927 2590 per
955 2512 1078 2569 cartam
1101 2527 1194 2569 suem
1218 2527 1316 2591 quom

209 2607 331 2691 profert
346 2615 381 2671 et
396 2629 459 2694 que
474 2607 596 2672 donum
611 2608 693 2673 illud
708 2616 850 2672 testatur
864 2616 899 2672 et
920 2607 1082 2672 Robertus
1101 2608 1184 2672 illud
1202 2608 1316 2672 uendi·

208 2710 260 2776 dit
282 2712 428 2798 predicto
442 2711 515 2776 Ade
537 2713 585 2776 ita
608 2713 694 2797 quod
715 2711 787 2797 ipse
809 2711 954 2778 (bietine
973 2735 1142 2798 nunquam
1164 2712 1316 2777 seisinam

208 2814 287 2880 iude
302 2815 420 2880 habuit
434 2815 498 2880 nisi
511 2815 639 2880 racione
654 2816 718 2880 uiri
733 2816 784 2880 eui
800 2839 875 2880 cum
890 2816 960 2902 ipso
976 2817 1046 2880 uiro
1061 2839 1128 2882 suo.

276 2918 320 2981 Et
341 2917 484 2982 Cristina
504 2940 562 3003 per
581 2926 783 2982 ettometum
803 2940 899 2982 suum
919 2918 1066 2983 defendit
1084 2926 1206 2982 cartam
1226 2919 1317 2983 illem

209 3028 246 3085 et
267 3019 413 3106 sigillum
435 3027 470 3084 et
492 3019 613 3084 donum
636 3029 671 3084 et
693 3021 773 3084 dicit
796 3020 882 3106 quod
903 3021 975 3105 ipsa
998 3019 1142 3086 Gristine
1164 3021 1318 3084 successit

208 3123 317 3188 eidem
332 3123 478 3188 Woltero
493 3124 527 3188 in
542 3123 725 3188 hereditate
739 3124 797 3188 illa
811 3125 890 3210 quia
904 3125 1068 3188 Walterus
1085 3123 1167 3188 obiit
1187 3123 1318 3207 scisitus

208 3225 251 3290 dc
265 3226 322 3291 illo
338 3225 480 3313 mesegio
495 3235 530 3290 et
545 3225 630 3311 ipse²
644 3234 717 3311 post
732 3234 870 3289 mortem
886 3226 956 3289 eius
971 3225 1088 3291 habuit
1108 3227 1260 3291 seisinem
1276 3227 1317 3292 de

208 3329 266 3394 illo
281 3330 424 3416 mesegio
442 3336 481 3394 ut
500 3329 541 3394 dc
559 3330 741 3394 hereditate
759 3351 819 3394 oue
836 3351 896 3393 nec
913 3330 1079 3415 predictus
1094 3331 1201 3395 Adam
1216 3331 1318 3395 alium

209 3433 392 3519 ingressum
422 3432 539 3498 hebuit
568 3433 631 3496 nisi
659 3455 718 3518 per
748 3432 929 3496 Robertum
958 3433 1067 3497 uirum
1099 3457 1196 3499 suum
1233 3436 1318 3500 sicut

209 3535 394 3621 predictum
419 3542 477 3610 est,
500 3542 534 3599 et
561 3535 636 3599 inde
660 3535 811 3620 producit
833 3543 956 3599 sectam
978 3536 1201 3614 sufficientem,
1225 3539 1315 3615 talou,

208 3638 335 3702 scilicet
355 3647 414 3702 etc.
438 3637 496 3722 qui
517 3637 578 3702 hoc
599 3637 740 3702 offerunt
761 3636 897 3722 probare
919 3637 1005 3701 sicut
1026 3639 1117 3703 curia
1138 3639 1317 3704 considere

209 3741 305 3806 uerit.
353 3741 396 3804 Et
421 3740 590 3805 Johannes
611 3740 704 3804 uenit
727 3749 761 3804 et
786 3740 933 3805 defendit
956 3741 1043 3826 quod
1064 3742 1229 3806 Walterue
1253 3766 1318 3807 non

208 3845 294 3910 obiit
322 3843 399 3908 inde
422 3843 553 3910 scisitus
574 3844 652 3931 quia
672 3866 730 3929 per
751 3852 817 3908 tres
839 3866 941 3908 annos
963 3853 1040 3908 ante
1063 3853 1201 3909 mortem
1225 3868 1317 3911 suam

208 3948 334 4012 donum
364 3946 447 4011 illud
477 3947 554 4010 fecit
581 3946 724 4032 predicto
749 3947 822 4010 Ade
852 3955 1034 4012 etcertum
1065 3969 1156 4011 suem
1183 3947 1260 4012 iude
1286 3951 1317 4014 ci

210 4051 295 4118 fecit
343 4051 387 4115 Et
406 4051 554 4136 quesitus
575 4051 603 4116 si
625 4051 700 4114 inde
723 4059 845 4114 sectam
868 4049 1027 4127 hebuerit,
1043 4050 1123 4116 dicit
1144 4052 1230 4137 quod
1253 4074 1317 4117 nou

209 4163 261 4220 set
276 4153 372 4218 offert
390 4173 509 4237 ponere
529 4173 563 4216 se
584 4173 681 4238 super
698 4151 838 4216 iuratum
858 4152 937 4216 uille
953 4152 1119 4238 Wigornie
1138 4153 1317 4219 secundum

209 4256 479 4323 cousuetudinem
491 4257 578 4332 uille,
594 4265 628 4320 ct
642 4256 736 4320 offert
750 4256 844 4320 Dom.
861 4254 961 4342 Regi¹
975 4278 1033 4341 pro
1047 4255 1197 4320 habenda
1211 4257 1318 4322 iurata

209 4371 245 4425 et
274 4359 431 4444 recipitur
460 4359 536 4444 quia
567 4357 710 4426 Cristine
733 4381 791 4444 pcr
814 4366 1016 4422 attornatum
1043 4382 1138 4423 suum
1164 4361 1257 4445 pouit
1283 4384 1317 4426 se

309 4481 318 4512 ¹
338 4479 409 4528 Gon.
422 4483 485 4542 ipio.
651 4479 750 4530 'what
764 4493 822 4530 sum
834 4477 868 4528 he
880 4477 975 4528 offered
986 4478 1047 4528 doec
1059 4481 1106 4528 not
1117 4493 1220 4542 opperit.
