3342 5217
414 469 544 517 srmur
565 468 639 517 nnn
662 469 798 528 suarna,
821 469 885 517 nn.
911 456 1003 530 1220,
1025 469 1087 518 sa.
1112 458 1139 518 4.
1287 456 1328 522 97

224 638 354 717 debent,
383 638 424 703 de
462 639 561 704 libero
595 647 782 702 tenemento
811 661 870 703 suo
900 639 986 724 quod
1014 639 1055 704 de
1085 661 1123 703 eo
1153 647 1267 704 tenent
1295 641 1330 704 in

226 742 387 828 Wrengle,
402 741 488 806 unde
509 741 595 806 idem
614 741 725 805 Abbes
745 741 830 826 petit
851 763 963 806 uersus
981 741 1146 806 Simonem
1166 741 1329 806 redditum

225 865 274 905 xx.
292 842 345 906 sol.
367 841 408 906 de
427 840 537 905 decern
560 840 688 905 bonatis
709 849 793 906 torre
814 849 849 904 et
871 840 911 905 de
931 841 1055 928 reragio
1076 840 1188 905 decem
1209 841 1277 905 libr.
1297 851 1331 905 et

225 966 338 1008 uersus
360 943 539 1008 Henrioum
563 943 616 1028 xij.
642 942 713 1007 den
736 943 884 1008 redditus
905 943 946 1008 de
969 943 1001 1029 ij.
1028 943 1157 1009 bouatis
1182 953 1275 1022 terre,
1297 956 1332 1009 et

226 1069 338 1112 uersus
356 1047 530 1112 Ricardum
556 1047 610 1133 xij.
629 1046 700 1111 den
722 1047 763 1111 de
779 1047 803 1133 j
824 1047 954 1125 boneta,
979 1055 1014 1112 et
1039 1070 1150 1113 uersus
1174 1047 1330 1134 Magnum

226 1151 323 1236 xxxij.
340 1150 447 1215 denar.
470 1149 598 1214 seruicii
616 1149 657 1214 de
676 1150 779 1215 tribus
800 1151 930 1215 bouatis
952 1159 1037 1215 terre
1059 1159 1118 1216 ete
1140 1151 1226 1216 unde
1244 1151 1330 1216 idem

225 1253 337 1318 Abbas
366 1252 514 1339 queritur
542 1252 628 1338 quod
657 1252 719 1338 ipsi
749 1253 919 1330 Esuriens,
945 1253 1103 1318 Ricardus
1132 1263 1167 1318 et
1192 1255 1332 1341 Magnus

225 1357 346 1422 iniuste
382 1358 587 1423 deuenerunt
623 1357 770 1422 homines
806 1357 909 1442 ipsius
942 1357 1083 1422 Simonis
1111 1357 1152 1422 de
1182 1359 1332 1424 omnibus

224 1462 378 1548 predictis
401 1462 596 1528 tenementis
620 1483 726 1526 eoram
748 1459 935 1525 iusticiariis
959 1460 1077 1525 ultimo
1102 1461 1332 1527 itinerantibus

225 1565 313 1651 apud
349 1565 549 1630 Lineolniam
581 1565 651 1629 sine
688 1563 748 1628 hoc
777 1562 864 1649 quod
893 1563 982 1627 idem
1017 1563 1129 1628 Abbas
1165 1587 1331 1651 nunquam

225 1679 360 1734 uocatus
384 1677 469 1734 esset
498 1669 539 1734 ad
564 1676 752 1744 warantum,
776 1667 861 1732 siout
890 1667 946 1733 ille
976 1668 1033 1753 qui
1063 1669 1126 1733 fuit
1152 1668 1187 1734 in
1216 1670 1334 1734 saisina

225 1773 314 1837 illius
336 1772 464 1838 seruicii
488 1795 527 1836 ex
551 1772 634 1836 dono
657 1771 759 1856 patris
779 1770 918 1857 predicti
943 1771 1084 1837 Simonis
1107 1781 1143 1837 et
1165 1773 1241 1838 inde
1261 1797 1333 1860 pro·

226 1875 318 1940 ducit
332 1883 454 1940 sectam
470 1874 693 1939 sufficientem.

293 1977 337 2041 Et
362 1976 473 2041 Simon
503 1977 595 2041 uenit
625 1985 659 2042 et
688 1974 768 2040 dicit
794 1974 880 2061 quod
910 1974 1009 2040 habet
1032 1978 1141 2061 plures
1170 1987 1271 2043 terras
1299 1978 1333 2042 in

229 2079 391 2167 Wrongle,
406 2087 440 2143 et
458 2079 542 2165 petit
562 2079 602 2143 de
624 2087 811 2142 tenemento
831 2077 939 2142 uisum
960 2078 1047 2143 unde
1061 2079 1147 2164 petit
1161 2080 1333 2145 seruicium

228 2193 290 2249 ete.
305 2183 431 2248 habeat.
451 2183 456 2268 Ι

295 2286 339 2351 Et
354 2286 524 2363 Hemious,
539 2285 695 2352 Ricardus
710 2294 745 2350 et
764 2286 903 2372 Magnus
923 2285 1063 2350 ueniunt
1085 2294 1119 2350 et
1139 2297 1335 2375 cognoscunt

229 2391 316 2477 quod
330 2390 417 2454 idem
434 2390 545 2455 Simon
560 2390 766 2476 inplacitauit
781 2412 834 2454 eos
849 2412 908 2476 per
921 2389 1021 2454 breue
1035 2390 1077 2454 de
1091 2400 1179 2456 recto
1194 2392 1229 2456 in
1246 2394 1336 2456 curia

232 2486 368 2560 Comitis
391 2492 576 2557 Brittannis
604 2501 638 2557 et
663 2501 776 2578 postea
798 2493 832 2557 in
857 2492 1014 2557 comitatu
1045 2502 1080 2557 et
1108 2502 1221 2579 postea
1248 2495 1336 2580 apud

231 2597 554 2662 westmonasterium
585 2604 619 2660 et
648 2605 727 2662 tune
763 2596 868 2682 posite
899 2597 1032 2662 fuerunt
1068 2599 1194 2684 loquele
1229 2622 1336 2666 eoram

230 2700 415 2764 iusticiariis
443 2699 532 2785 apud
561 2700 769 2776 Lincolniam,
796 2708 830 2766 et
860 2708 940 2766 tunc
964 2701 1041 2787 quia
1069 2723 1134 2766 non
1159 2711 1336 2789 potuerunt

231 2803 350 2868 habere
372 2802 541 2867 eonsilium
564 2802 604 2867 de
627 2802 858 2887 respondendo,
872 2811 1050 2888 posuerunt
1072 2826 1106 2868 se
1128 2805 1163 2868 in
1184 2827 1336 2892 magnam

231 2907 364 2972 assisam
379 2929 491 2973 uersus
505 2906 612 2992 ipsum
628 2907 793 2972 Simonem
808 2915 843 2970 et
859 2907 991 2971 tandem
1008 2908 1191 2973 concordati
1205 2909 1337 2974 firerunt

232 3011 281 3076 ita
300 3011 386 3096 quod
407 3020 663 3096 recognouerunt
685 3019 785 3076 terras
807 3012 880 3076 illes
901 3034 970 3076 esse
992 3012 1043 3076 ius
1064 3012 1167 3098 ipsius
1188 3013 1338 3091 Simonis,

232 3123 268 3178 et
282 3114 350 3200 ipse
367 3113 479 3178 Simon
497 3114 651 3177 concessit
667 3113 713 3178 eis
732 3125 842 3178 tenere
862 3114 903 3178 de
926 3136 964 3178 eo
985 3121 1019 3178 et
1039 3114 1122 3179 bene
1141 3124 1338 3201 cognoscunt

232 3216 319 3304 quod
345 3224 522 3280 tenuerunt
551 3215 591 3280 de
621 3215 750 3280 Abbate
780 3216 866 3280 sicut
894 3215 1077 3301 predictum
1107 3225 1167 3293 est,
1191 3226 1227 3281 et
1252 3217 1338 3302 quod

232 3321 318 3386 male
338 3328 372 3384 et
386 3319 487 3383 stulte
503 3320 647 3384 fecerunt
663 3327 697 3383 et
713 3328 839 3404 ponunt
854 3342 888 3383 se
903 3320 938 3383 in
952 3320 1201 3385 misericordiam
1217 3321 1339 3388 domini

233 3425 334 3511 Regis
348 3433 408 3489 etc.

299 3527 344 3591 Et
363 3526 441 3612 quia
461 3526 535 3590 finis
557 3527 661 3590 fectus
684 3527 747 3590 fuit
769 3527 856 3591 inter
878 3527 1043 3592 Simonem
1065 3535 1100 3591 et
1121 3527 1290 3613 predictos,
1305 3535 1340 3592 et

233 3631 308 3695 finis
328 3653 392 3694 non
407 3637 514 3715 potest
535 3629 647 3694 defieri
667 3629 736 3694 sine
759 3629 900 3707 Simone,
916 3629 1163 3696 Consideratum
1183 3638 1234 3695 est
1254 3631 1340 3717 quod
1353 3655 1410 3695 ma
1417 3654 1474 3702 uos

234 3733 347 3798 Simon
363 3740 606 3797 summoneatur
621 3730 706 3817 quod
721 3731 765 3796 sit
779 3731 820 3796 od
835 3732 1017 3817 predictum
1036 3735 1212 3797 terminum
1233 3743 1340 3798 osten·
1352 3702 1506 3834 iii-iffi?

233 3857 336 3911 surus,
351 3835 378 3899 si
401 3835 479 3921 quid
502 3834 621 3898 elamat
643 3835 677 3898 in
700 3833 836 3899 seruicio
858 3834 1075 3920 predictorum
1090 3835 1131 3899 de
1153 3795 1476 3900 tenementowm

233 3938 321 4025 quod
338 3937 511 4024 aliquando
531 3945 709 4001 tenuerunt
731 3936 772 4001 de
787 3937 918 4002 Abbate
940 3937 981 4001 de
997 3938 1183 4008 Wautham.
1199 3948 1234 4003 et
1256 3938 1342 4004 unde

234 4043 309 4108 finis
335 4043 440 4107 factus
462 4042 525 4107 firit
550 4042 714 4106 intereos
737 4041 1050 4107 ceramiusticiariis
1073 4051 1132 4106 ete
1178 4043 1221 4108 Et
1244 4065 1266 4108 a
1290 4043 1343 4108 die

235 4148 356 4214 stou
373 4148 488 4212 intres
502 4147 699 4232 septimanas
720 4147 812 4212 uenit
833 4145 946 4211 Simon
965 4154 1000 4210 et
1019 4145 1171 4232 cognouit
1190 4146 1344 4232 quioquid

234 4253 374 4340 predicti
392 4252 554 4318 Henricus
572 4251 729 4317 Ricardus
749 4259 783 4316 et
804 4251 944 4337 Magnus
963 4260 1190 4336 cognouerant,
1205 4259 1240 4314 et
1257 4251 1344 4336 quod

234 4355 461 4442 cirographum
484 4354 559 4420 inde
581 4353 703 4419 factum
727 4354 798 4418 fuit.
844 4353 888 4417 Et
910 4375 1011 4438 quum
1033 4351 1120 4417 idem
1144 4353 1257 4417 Simon
1278 4376 1343 4418 non

234 4461 357 4525 clamat
384 4469 494 4522 tenere
520 4457 559 4521 de
583 4457 652 4542 ipso
675 4457 804 4520 Abbato
829 4464 864 4519 et
890 4455 917 4519 si
943 4455 1016 4520 finis
1040 4454 1204 4539 predictus
1233 4463 1343 4531 staret,

323 4594 356 4641 n
1235 4578 1255 4641 7
