3342 5217
340 11 368 57 ¹
614 2 755 64 armar,
777 1 844 52 an.
955 38 962 63 ‚
1009 38 1015 49 .

312 184 427 241 tenent
457 198 516 241 nec
545 186 658 241 tenere
687 175 830 245 clamant
861 182 912 241 set
937 184 1053 241 tenent
1076 176 1117 242 de
1143 177 1237 242 Dom.
1264 178 1362 265 Rege,
1388 185 1425 243 et

310 285 433 341 sectam
459 300 551 342 suam
579 278 683 341 facere
709 275 832 341 debent
858 277 900 341 ad
924 277 1047 341 curiam
1071 278 1112 343 de
1138 278 1425 356 Middeltonass‘et

310 380 425 445 dicunt
448 380 534 467 quod
558 380 658 445 nichil
682 380 714 445 ei
737 381 842 445 facere
865 381 988 446 debent
1012 404 1073 446 nec
1098 382 1222 468 aliquid
1250 382 1425 447 seruicium

309 482 373 547 nisi
392 482 480 569 quod
499 482 530 547 ei
550 481 683 547 reddere
704 481 827 546 debent
847 483 984 568 singulis
1003 483 1130 549 annisi
1146 484 1227 563 den,
1242 484 1425 551 etsialiud

309 584 482 650 seruicium
512 586 543 649 ei
572 608 717 671 unquam
747 587 895 651 fecerunt
925 586 984 651 hoo
1014 586 1079 651 luit
1108 610 1166 672 per
1194 588 1263 652 uim
1292 595 1327 653 et
1362 610 1424 675 per

309 698 507 775 potestatem
543 690 645 776 ipsius
683 690 821 756 Galfridi
851 698 885 755 et
915 698 1043 776 ponunt
1068 712 1102 755 se
1131 714 1229 777 super
1257 694 1422 779 quandam

309 792 554 878 inquisicionem
570 815 634 879 que
649 794 736 858 iacta
750 801 801 859 est
815 816 874 880 per
888 800 1079 879 preceptum
1094 794 1187 858 Dom.
1203 794 1310 880 Regis

375 898 421 961 Et
449 897 621 983 inquisicio
650 898 727 962 talis
756 898 920 984 estquod
946 920 1058 963 omnes
1079 899 1218 984 predicti
1241 908 1356 966 tenent
1379 900 1422 965 de

310 1001 403 1067 Dom.
418 1002 510 1088 Rege
524 1024 623 1067 unam
645 1010 765 1067 terram
786 1025 845 1088 per
865 1002 1000 1067 dimidia
1019 1002 1163 1089 sulling'²
1177 1003 1264 1068 unde
1279 1004 1423 1069 reddunt

310 1103 404 1168 Dom.
421 1104 506 1190 Regi
520 1126 578 1189 per
592 1126 665 1170 ann.
682 1128 709 1168 v.
725 1105 780 1170 sol.
796 1104 839 1169 ad
854 1105 939 1169 leodi
955 1104 1082 1169 firmam
1102 1105 1144 1170 ad
1161 1106 1242 1171 duos
1257 1106 1423 1184 terminos,

308 1207 390 1271 item
411 1208 446 1271 in
469 1208 584 1295 uigilia
606 1209 637 1274 S.
660 1209 734 1274 Joh.
758 1210 855 1295 Bapt.
875 1210 914 1295 vj.
937 1209 1007 1274 den.
1028 1231 1086 1295 pro
1109 1210 1314 1297 shepgauel³,
1336 1220 1371 1275 et
1393 1212 1422 1276 si

308 1310 427 1397 aliquis
441 1332 552 1377 eorum
569 1321 718 1377 mortuus
737 1312 837 1377 fuerit
857 1313 950 1378 heres
969 1313 1072 1400 ipsius
1086 1314 1178 1379 dabit
1197 1338 1255 1401 pro
1274 1318 1422 1403 quolibet

309 1414 489 1501 quadrante
503 1415 545 1481 de
565 1415 711 1501 predicto
731 1418 886 1503 sepgauel
906 1441 934 1483 re
951 1419 1022 1483 den
1039 1419 1216 1485 secundum
1236 1421 1421 1507 porcionem

309 1527 396 1584 terre
425 1542 523 1605 quam
552 1527 654 1596 tenet,
683 1520 764 1585 item
793 1520 934 1606 quilibet
963 1544 1074 1587 eorum
1104 1523 1203 1589 debet
1231 1526 1324 1612 sequi
1353 1534 1422 1591 tres

310 1622 497 1711 lagedages⁴
511 1646 570 1710 per
584 1646 667 1701 ann,
682 1631 717 1689 et
731 1624 760 1688 si
779 1624 898 1710 aliquis
918 1648 1029 1691 eorum
1053 1627 1204 1718 habuerit
1225 1652 1362 1715 puerum
1384 1631 1422 1697 in

309 1725 521 1791 fornicacione
541 1724 634 1792 dabit
653 1727 835 1814 childwyte,
852 1736 887 1793 et
907 1728 935 1794 si
954 1729 1071 1815 aliquis
1093 1740 1247 1797 uxoratus
1269 1734 1424 1800 babuerit

309 1852 447 1915 puerum
461 1830 497 1894 in
511 1828 672 1896 adulterio
686 1832 750 1896 erit
764 1832 799 1895 in
819 1832 1038 1898 misericordia
1059 1834 1154 1901 Dom.
1169 1836 1269 1922 Regis
1288 1837 1329 1902 de
1350 1842 1422 1902 toto

310 1933 422 1999 mobili
451 1955 518 2011 suo,
547 1941 582 1998 et
611 1933 640 1998 si
668 1934 787 2019 aliquis
815 1957 928 1999 eorum
959 1935 1076 2001 effudit
1106 1939 1297 2025 sanguinem
1326 1940 1422 2007 dabit

309 2033 495 2122 blodwyte',
520 2041 555 2099 et
580 2034 609 2100 si
637 2035 756 2122 aliquis
784 2037 868 2102 uelit
897 2038 1050 2103 maritare
1079 2040 1180 2104 filiam
1209 2064 1301 2107 suam
1328 2052 1423 2109 extra

309 2139 515 2205 hundredum
536 2139 622 2226 petit
645 2140 812 2205 licenciam
834 2164 855 2206 a
876 2142 999 2206 balliuo
1022 2152 1055 2207 et
1078 2144 1170 2209 dabit
1189 2146 1231 2211 xl.
1246 2146 1328 2224 den,
1342 2149 1421 2213 etsi

309 2244 379 2309 sine
409 2243 543 2309 licencia
571 2244 663 2309 dabit
689 2245 756 2331 xlij.
780 2244 852 2311 den.
878 2253 913 2310 et
938 2246 1001 2311 erit
1024 2246 1060 2311 in
1083 2247 1301 2315 misericordia
1325 2250 1422 2320 Dom.

310 2348 417 2434 Regis.
463 2348 507 2413 Et
532 2348 671 2434 predicti
696 2348 844 2414 homines
868 2349 990 2414 debent
1015 2350 1160 2416 Galsrido
1182 2353 1223 2418 de
1247 2353 1338 2441 Luey
1362 2378 1422 2441 pro

310 2450 456 2536 predicte
473 2448 585 2515 dimid'
600 2450 729 2537 sulling’
745 2451 780 2515 in
800 2451 985 2537 equinoctio
1005 2452 1037 2518 S.
1054 2451 1222 2519 Michaelis
1242 2454 1299 2540 iiij.
1314 2458 1369 2521 sol.
1385 2465 1422 2521 et

308 2554 340 2639 ij.
357 2553 428 2621 den
444 2563 479 2618 et
493 2576 583 2619 arare
599 2577 698 2619 uuam
714 2553 853 2619 dictam⁶
868 2563 952 2619 terre
973 2563 1050 2621 ante
1072 2556 1192 2622 Natale
1213 2565 1248 2622 et
1267 2558 1364 2624 aliam
1384 2560 1421 2625 in

308 2656 565 2744 Quadragesima
583 2666 619 2721 et
638 2658 808 2725 habebunt
826 2666 966 2744 utraque
987 2657 1040 2723 die
1061 2660 1254 2725 conudium'
1274 2660 1317 2726 ad
1338 2662 1421 2728 duos

310 2762 464 2839 homines,
481 2761 562 2825 item
583 2760 711 2826 dabunt
732 2760 814 2825 duas
834 2761 973 2847 gallinas
995 2759 1082 2826 inter
1104 2762 1224 2828 Natale
1246 2773 1281 2829 et
1304 2764 1422 2830 Purifi-

309 2865 470 2931 cationem
495 2865 524 2930 si
549 2865 692 2930 seruiens
715 2864 854 2951 predicti
880 2865 918 2930 G.
942 2865 1068 2930 miserit
1090 2874 1223 2952 propter
1251 2890 1314 2946 eas,
1337 2869 1419 2933 item

310 2968 403 3055 sequi
417 2968 538 3033 debent
557 2968 680 3032 curiam
700 2967 838 3053 predicti
859 2967 997 3032 Galfridi
1016 2969 1254 3034 racionabiliter
1272 2972 1425 3036 tarsensem⁸

309 3079 345 3137 ct
360 3073 590 3137 summonitam
605 3080 640 3138 et
654 3072 776 3138 debent
790 3072 868 3138 dare
883 3072 989 3137 eidem
1004 3074 1044 3138 xl.
1061 3096 1124 3139 oua
1138 3073 1225 3139 inter
1242 3074 1367 3140 Pascha
1384 3086 1421 3141 et

344 3313 354 3347 ¹
371 3311 427 3362 rho
438 3311 524 3375 places
535 3327 603 3362 seem
611 3315 639 3362 tc
647 3312 678 3363 be
685 3310 839 3375 Newington
890 3310 943 3363 suit
954 3312 984 3362 ol
992 3316 1065 3362 court
1076 3312 1148 3363 three
1158 3313 1234 3365 times
1246 3330 1261 3365 a
1271 3330 1340 3378 yser.

311 3377 366 3429 and
380 3377 484 3439 Milton,
502 3382 551 3427 not
567 3379 607 3429 lar
617 3378 684 3427 from
696 3377 835 3429 Ghstham.
922 3377 1418 3441 lObservathieperrlnranceolreucient

312 3442 407 3493 Milton
417 3442 488 3505 gives
498 3442 534 3492 its
544 3444 660 3493 nemeto
676 3457 692 3492 a
708 3442 835 3494 hundred
889 3441 946 3492 law.
980 3442 1028 3493 See
1049 3445 1202 3509 Doomedey,
1224 3444 1274 3495 vol.
1300 3448 1322 3506 1,
1345 3462 1371 3510 p.
1392 3452 1417 3500 1.

311 3506 839 3570 Interestingmaterialsilluetratingthis
889 3506 928 3557 De
938 3506 1065 3558 adulterio
1077 3522 1138 3558 uero
1148 3522 1195 3571 per
1210 3512 1295 3560 toturn
1312 3511 1418 3564 Ohenth

311 3588 371 3624 case
380 3587 426 3624 are
436 3572 465 3623 in
476 3572 589 3633 Haxted,
599 3574 709 3639 Hirtom
719 3574 749 3635 os
761 3575 838 3632 Keat.
888 3571 967 3623 habet
983 3572 1038 3622 Rex
1053 3572 1188 3624 hominem
1203 3579 1229 3627 et
1239 3575 1417 3641 Archiepiaoo·

312 3638 364 3688 vol.
376 3640 400 3696 2,
412 3652 438 3701 p.
450 3638 499 3690 549
507 3638 534 3689 n
889 3652 939 3701 pus
949 3638 1092 3688 mulierem.

345 3702 356 3734 ¹
371 3704 483 3753 laeuos
499 3701 522 3752 is
538 3716 555 3752 a
570 3701 641 3765 ridge
656 3700 771 3753 between
786 3705 838 3753 two
920 3700 932 3735 ⁶
947 3701 1053 3766 Aday’e
1064 3702 1142 3754 work.

312 3768 428 3830 mnows,
452 3766 562 3829 ιδὼς
584 3769 693 3831 millam
710 3781 793 3817 seems
809 3772 837 3817 to
920 3766 1106 3831 ⁷Aoorrody,
1128 3768 1172 3819 ie.
1195 3769 1257 3833 they
1272 3785 1318 3821 are
1339 3778 1369 3824 tc
1384 3773 1416 3824 be

311 3833 344 3884 be
354 3847 371 3883 a
381 3830 544 3897 diminutive,
557 3834 706 3891 adiunctio,
715 3834 836 3883 saliunca.
888 3832 1007 3895 supplied
1021 3832 1083 3883 with
1095 3832 1156 3884 leod
1167 3833 1256 3897 hythe
1267 3836 1333 3886 lord„
1368 3838 1417 3893 See

276 3899 278 3902 ’
343 3897 355 3930 ⁸
371 3896 546 3960 Sheepgavel.
590 3898 613 3947 Δ
640 3900 765 3961 payment
796 3898 838 3947 ior
887 3896 931 3947 Du
942 3898 1030 3961 Gange
1040 3912 1089 3949 av.
1100 3900 1251 3949 comedim.

311 3962 387 4019 beina
397 3961 504 4012 allowed
514 3965 612 4012 toturn
623 3967 669 4012 out
680 3960 758 4025 sheep
770 3961 800 4029 (l)
919 3960 931 3993 ⁸
947 3961 1020 4026 They
1029 3964 1101 4013 must
1112 3977 1184 4013 come
1195 3963 1269 4015 when
1281 3964 1327 4015 the
1341 3973 1417 4019 ecurt

344 4027 355 4059 ⁴
371 4026 456 4076 'l'hree
471 4026 521 4077 law
536 4026 616 4090 (leym
639 4026 700 4091 they
716 4031 787 4079 must
803 4026 837 4079 do
888 4024 911 4076 is
922 4026 985 4092 duly
997 4028 1122 4091 osseam,
1134 4027 1197 4093 duly
1208 4028 1309 4093 sitting.
