3342 5217
436 328 668 393 messurum,
690 331 756 382 nn.
780 317 960 394 1230ssa
984 318 1120 383 14—15.
1265 315 1329 386 367

225 499 267 568 ab
282 522 321 566 eo
335 501 538 569 merchetum
553 501 593 568 de
608 501 747 590 quadam
763 503 832 570 filia
846 526 906 570 sua
924 526 988 591 quo
1008 503 1072 569 fnit
1090 502 1281 583 maritanda,
1296 511 1331 569 et

226 605 326 672 assisa
346 606 404 671 illa
424 615 521 693 capta
540 606 604 672 fuit
625 607 661 671 in
680 607 761 672 festo
782 607 814 672 S.
836 607 968 672 Hillarii
987 592 1061 673 ann.
1075 630 1099 673 r.
1114 630 1138 672 r.
1153 607 1241 693 xijm.
1287 608 1331 672 Et

226 709 305 795 quis
324 709 373 775 rei
386 709 508 774 ueritas
523 709 644 796 inquiri
657 731 723 775 non
737 709 859 795 poterit
873 710 943 776 sine
958 709 1112 796 predictis
1131 710 1153 775 J
1155 711 1281 776 ohanne
1296 717 1331 774 et

225 813 391 879 Willelmo
411 813 498 879 inter
520 835 600 899 quos
619 813 719 878 assisa
732 813 790 877 illa
803 820 901 899 capta
914 813 978 878 fuit
992 822 1028 878 εὴ
1043 813 1112 878 sine
1127 813 1332 892 iuratoribus,

226 926 416 1004 preceptum
438 927 489 983 est
510 917 694 983 uicecomiti
714 918 748 983 in
767 918 870 983 banco
890 919 977 1004 qnod
996 919 1171 1006 diligenter
1189 918 1333 1005 inquirat

227 1025 284 1110 qui
299 1025 431 1089 fuerunt
451 1023 666 1110 recognitores
685 1022 773 1088 illius
793 1023 891 1088 assise
912 1031 947 1088 et
966 1023 1038 1089 illos
1059 1023 1171 1088 uenire
1193 1023 1291 1088 faciat
1312 1045 1333 1088 a

226 1127 279 1192 die
308 1136 369 1194 etc.
392 1127 489 1194 simul
519 1149 594 1193 cum
616 1126 771 1212 predictis
792 1127 958 1192 Willelmo
979 1135 1014 1192 et
1036 1127 1195 1206 Johanne,
1217 1136 1252 1193 et
1274 1128 1331 1193 Jo-

226 1231 349 1297 hannes
383 1241 463 1296 tunc
498 1230 617 1296 habeat
649 1231 697 1296 ibi
725 1239 848 1296 cartsrn
878 1254 971 1297 suam
1001 1231 1087 1296 unde
1117 1240 1211 1318 peter
1239 1233 1330 1297 suus¹

226 1335 376 1400 feoffatus
390 1333 430 1400 de
446 1333 561 1399 eadem
576 1342 671 1399 terra.

172 1492 180 1507 .
291 1437 464 1502 'Ricardus
478 1437 519 1502 de
535 1436 676 1524 Wydiho
689 1459 747 1523 pro
767 1459 801 1502 se
822 1445 857 1502 et
875 1436 1006 1524 Agnete
1026 1459 1125 1502 uxore
1146 1437 1218 1502 eius
1239 1438 1332 1503 cuins
1363 1455 1476 1496 sunm

226 1543 294 1608 loco
323 1548 383 1606 etc.
405 1549 526 1628 petunt
555 1563 668 1606 uersus
698 1541 874 1607 Ricardum
903 1541 944 1606 de
967 1540 1174 1606 Wadefordia
1198 1541 1332 1606 terciam

225 1653 351 1732 partem
362 1644 386 1731 j.
403 1644 483 1732 uirg.
499 1653 585 1710 terre
599 1667 673 1708 cum
688 1652 769 1730 pert.
782 1645 817 1709 in
832 1643 1040 1709 Wadcfordia
1053 1653 1092 1709 nt
1106 1643 1215 1710 dotem
1230 1645 1333 1731 ipsius

226 1751 514 1919 AgnlilfflRiiirdus
533 1853 575 1918 de
590 1851 797 1918 Wsdefordia
816 1852 875 1939 qui
893 1851 1120 1917 infirmabatur
1139 1852 1228 1939 apud
1247 1852 1331 1917 Lon·

227 1957 356 2023 doniam
385 1957 538 2044 cognouit
566 1978 673 2022 coram
705 1956 800 2022 Dom.
830 1955 973 2021 Roberto
1007 1956 1048 2021 de
1083 1956 1265 2021 Lexintona
1298 1965 1496 2069 etppnspmsposp¹¹¹¹

226 2061 363 2127 Ricardo
385 2060 426 2126 de
450 2060 652 2126 Sherdelawe
675 2059 869 2136 iusticiariis,
887 2057 974 2144 quod
995 2082 1060 2123 non
1081 2059 1191 2145 potuit
1213 2067 1332 2124 terram
1344 2075 1496 2171 mo

226 2165 316 2230 illam
345 2165 462 2230 lucrari
491 2187 550 2230 nec
579 2163 721 2251 perdere,
744 2187 782 2229 eo
806 2164 893 2251 quod
921 2163 1063 2229 uillanus
1085 2171 1191 2229 estet
1213 2169 1488 2263 mmmmm

1345 2264 1391 2303 ldeo
1399 2263 1443 2302 dne
1450 2263 1490 2311 dle,

226 2266 316 2335 illam
350 2278 443 2334 tenet
477 2269 512 2333 in
546 2268 710 2356 uilensgio
742 2267 782 2332 de
813 2268 970 2355 Magistro
999 2266 1141 2332 Henrico
1170 2266 1333 2353 preposito
1346 2315 1366 2350 ‚t
1388 2310 1430 2349 Μ
1438 2314 1482 2349 m.

227 2374 358 2440 ecclesie
373 2374 546 2439 Wellensis
561 2381 595 2439 et
610 2373 667 2460 qni
681 2395 812 2458 presens
827 2381 878 2437 est
892 2380 927 2436 εὴ
942 2371 1003 2436 hoc
1021 2372 1184 2458 cognoscit
1205 2382 1240 2437 et
1259 2373 1332 2438 ideo
1344 2358 1397 2454 ξι.
1409 2357 1496 2397 ὼ*

227 2477 295 2544 sine
325 2477 378 2543 die
407 2486 442 2542 et
472 2477 629 2543 Ricardus
659 2484 693 2541 et
715 2477 826 2563 Agnes
851 2475 1041 2561 perquirant
1062 2497 1097 2539 se
1119 2475 1147 2540 si
1169 2475 1332 2541 noluerint

227 2604 340 2648 uersus
354 2581 549 2669 Magistrum
566 2581 753 2646 Henricum.

170 2733 177 2748 .
291 2683 491 2749 ‘Willelmus
505 2684 546 2749 de
562 2681 794 2769 Luddingtona
807 2682 894 2768 petit
909 2683 1332 2748 uersusWalterumfilium
1385 2705 1456 2745 wan.

227 2785 357 2853 Radulfi
380 2808 477 2872 quem
500 2785 637 2872 Egidius
657 2785 698 2850 de
719 2785 922 2872 Erdingtons
941 2785 1073 2850 uocauit
1092 2786 1134 2850 ad
1154 2794 1333 2859 warantum

227 2897 262 2954 et
284 2890 341 2976 qui
360 2889 392 2954 ei
406 2888 629 2954 warentizauit
649 2887 730 2954 duas
750 2887 833 2975 uirg.
850 2897 936 2953 terre
957 2911 1031 2953 cum
1051 2888 1183 2974 pertin
1205 2889 1334 2983 Hunes-

227 3002 402 3060 tanestuna
424 3003 463 3060 ut
485 2994 536 3058 ius
556 3015 652 3058 suum
675 2992 761 3058 unde
783 2992 915 3078 quidam
936 2993 1097 3058 Radulfns
1119 3002 1153 3058 et
1175 2993 1336 3081 Margaria

225 3118 306 3161 uxor
320 3095 390 3161 eius
405 3103 621 3161 antecessores
635 3095 687 3160 sui
704 3095 838 3160 fuerunt
858 3095 961 3160 seisiti
981 3095 1016 3159 in
1035 3095 1196 3160 dominico
1218 3116 1276 3159 suo
1296 3102 1336 3158 ut

225 3199 266 3264 de
289 3199 382 3264 feodo
402 3208 437 3264 et
459 3199 529 3264 iure
551 3207 698 3284 tempore
719 3199 761 3264 H.
778 3199 879 3286 Regis
900 3199 956 3264 sui
978 3199 1036 3285 qui
1055 3199 1119 3264 fuit
1139 3221 1220 3264 auus
1240 3199 1335 3265 Dom.

226 3301 326 3389 Regis
346 3324 431 3367 anno
451 3311 486 3367 et
505 3301 558 3367 die
579 3325 644 3388 quo
664 3301 762 3367 uiuus
781 3310 816 3367 et
831 3311 989 3379 mortuus,
1004 3301 1160 3388 capiendo
1174 3302 1250 3368 inde
1265 3310 1335 3381 etc,

226 3413 261 3471 et
290 3405 331 3471 de
360 3406 439 3492 ipsis
469 3406 609 3472 Rodulfo
631 3415 666 3472 et
692 3406 855 3493 Margcria
876 3405 1046 3472 descendit
1067 3406 1120 3472 ius
1141 3415 1226 3472 terre
1247 3407 1336 3472 illius

224 3508 355 3574 cuidam
384 3509 523 3575 Ricardo
552 3519 592 3574 ut
622 3509 688 3574 filio
718 3517 753 3574 et
782 3509 895 3573 heredi
924 3508 1022 3574 etde
1045 3508 1184 3574 Ricardo
1206 3509 1336 3574 cuidam

225 3613 362 3702 Hugoni
387 3623 427 3680 ut
448 3614 541 3678 fratri
563 3621 598 3678 et
620 3612 732 3678 heredi
754 3621 789 3678 et
811 3613 852 3678 de
874 3613 1021 3699 predicto
1043 3614 1184 3701 Hugone
1206 3613 1335 3679 cuidam

225 3719 350 3784 Thome
371 3726 410 3783 ut
431 3717 498 3781 filio
513 3726 548 3782 et
566 3716 679 3782 heredi
693 3726 727 3783 et
743 3717 784 3782 de
799 3718 945 3804 predicto
960 3717 1087 3784 Thoma
1100 3719 1157 3783 isti
1171 3719 1336 3784 Willelmo

224 3831 264 3888 ut
279 3822 345 3887 filio
360 3829 395 3887 et
410 3819 523 3886 heredi
537 3830 572 3886 et
586 3822 673 3908 quod
688 3822 737 3887 ita
751 3822 794 3887 sit
810 3823 905 3888 offert
919 3831 978 3888 eta

292 3927 335 3992 Et
349 3927 513 3992 Walterus
528 3927 622 3992 uenit
637 3935 672 3992 et
687 3927 833 3993 defendit
848 3928 900 3992 ius
914 3950 1010 3992 suum
1027 3936 1061 3992 et
1076 3929 1159 3994 bene
1174 3929 1338 4015 cognoscit

223 4031 377 4099 seisinom
392 4030 611 4118 predictorum
627 4030 756 4096 deulfi
773 4039 807 4096 et
823 4030 993 4118 Mergens,
1009 4039 1044 4096 et
1057 4031 1141 4096 bene
1155 4031 1235 4096 dicit
1251 4033 1338 4118 quod

224 4133 327 4200 nichil
342 4141 450 4220 potest
465 4133 508 4199 ad
523 4155 601 4200 eum
616 4132 809 4199 descendere
824 4154 885 4198 nec
899 4132 999 4198 debet
1013 4133 1045 4198 ei
1058 4133 1134 4198 inde
1144 4134 1337 4220 respondere

358 4290 368 4322 ¹
387 4290 450 4353 Sup.
457 4292 522 4355 fnit,
534 4291 565 4345 A.
941 4289 953 4323 ⁸
969 4290 1071 4340 SoeBr.
1083 4290 1101 4339 t.
1114 4289 1198 4340 2001).

358 4353 370 4387 ⁸
388 4357 420 4405 A.
432 4369 468 4408 m.
482 4356 514 4406 le
525 4355 551 4405 d.
943 4357 955 4389 ⁴
974 4356 1004 4405 Δ.
1016 4369 1052 4405 m.
1065 4356 1097 4404 18
1107 4354 1133 4404 d.
