3342 5217
338 151 508 238 Nigasiam
534 151 673 229 nomine,
702 173 765 236 que
791 150 909 215 habuit
935 149 1106 236 quemdam
1136 151 1238 216 filium
1269 152 1450 217 Henricum

338 255 476 332 nomine,
497 263 531 320 et
553 254 716 319 Henricus
737 251 902 339 quandam
924 252 1026 317 filiam
1048 253 1233 319 Johannam
1254 256 1392 333 nomine,
1414 267 1450 319 et

337 357 489 422 Johanna
503 358 566 421 fnit
581 365 687 422 mater
700 355 797 420 istius
811 355 969 421 Willslmi
984 354 1025 420 de
1045 355 1200 443 Ouingos‚
1216 364 1250 421 et
1265 357 1351 423 unde
1367 357 1450 447 dicit

336 462 423 547 quod
444 463 514 548 ipse
535 470 586 526 est
607 461 701 526 heres
722 460 825 545 ipsius
848 459 1000 539 Gaurani,
1020 459 1098 545 quia
1118 460 1234 525 Petrus
1253 483 1318 525 non
1338 460 1452 547 potuit

336 587 405 631 esse
421 565 513 630 heres
528 573 562 630 et
577 564 736 629 dominus.

402 669 445 732 Et
460 670 537 754 quia
551 667 736 732 Willelmus
751 668 915 754 cognoscit
929 669 1130 753 parentelam
1146 669 1233 735 inter
1253 693 1307 736 eos
1326 680 1361 735 et
1381 694 1449 735 non

336 781 386 836 est
408 781 477 837 tam
499 772 699 858 propinquus
721 769 815 845 heres
835 770 921 835 sicut
943 771 993 836 et¹
1014 772 1109 850 Petr’‚
1124 781 1159 837 ct
1178 782 1326 859 preterea
1347 774 1452 839 habet

336 898 456 940 sorores
476 898 539 961 que
559 885 637 940 snut
656 874 901 961 propinquiores
924 876 1118 963 Geruagano
1138 900 1237 963 quam
1257 877 1343 943 idem
1365 877 1450 942 Wil-

336 977 462 1054 lelmus,
471 978 720 1044 Consideratum
732 986 782 1043 est
795 978 882 1064 quod
898 978 1014 1043 Petrus
1029 979 1161 1064 quietus
1174 980 1215 1045 de
1230 981 1291 1046 hcc
1304 979 1398 1045 breui
1413 989 1451 1045 et

336 1083 520 1148 Willelmus
543 1083 571 1147 si
595 1082 705 1147 credat
728 1104 762 1147 se
787 1082 839 1148 ius
859 1082 978 1148 habere
999 1084 1166 1170 perquirat
1187 1084 1250 1149 sibi
1269 1107 1327 1171 per
1345 1086 1449 1151 breue

335 1186 377 1252 de
390 1197 479 1252 recto
493 1188 521 1252 si
536 1188 685 1265 uoluerit,
700 1196 735 1253 et
749 1187 794 1252 sit
808 1187 844 1253 in
858 1188 1076 1253 misericordia
1089 1211 1147 1275 pro
1162 1189 1241 1254 falso
1256 1189 1402 1255 clamore.

279 1352 285 1365 ,
401 1291 463 1355 Ela
477 1290 650 1357 Comitissa
670 1290 868 1356 Sarrisburie
880 1292 1083 1356 ‘summonita
1103 1292 1167 1356 suit
1188 1292 1231 1356 ad
1252 1292 1449 1378 responden-

233 1403 238 1413 '
270 1413 291 1442 ι
335 1395 414 1459 dnm
444 1395 599 1460 Matillidi
628 1393 802 1460 Abbatisse
832 1395 991 1481 Romesye
1018 1394 1058 1460 de
1084 1395 1205 1481 placito
1231 1418 1331 1481 quare
1358 1395 1449 1481 cepit

335 1500 446 1565 aueria
464 1500 566 1586 ipsius
585 1499 760 1564 Abbatisse
781 1508 816 1564 et
836 1500 957 1564 iniuste
977 1498 1122 1565 detinuit
1139 1510 1210 1577 etc,
1224 1509 1259 1564 et
1273 1499 1360 1565 unde
1375 1500 1448 1587 ipsa

335 1604 511 1669 Abbatissa
532 1603 680 1689 queritur
704 1625 763 1689 per
784 1611 987 1668 attornatum
1013 1625 1109 1667 suum
1136 1604 1318 1689 quodcum
1345 1604 1447 1669 habet

335 1707 540 1772 hundredum
570 1705 611 1771 de
640 1705 839 1771 Weresdona
865 1728 923 1791 per
952 1706 1056 1770 carta¹
1082 1714 1320 1771 antecessorum
1350 1707 1447 1772 Dom.

335 1809 435 1896 Regis
471 1808 634 1874 reddendo
670 1808 746 1872 inde
776 1831 835 1894 per
863 1830 986 1872 annum
1016 1808 1201 1874 uicecomiti
1230 1810 1270 1874 xl
1302 1809 1356 1874 sol.
1387 1832 1449 1896 pro

335 1914 485 1979 omnibns
506 1921 541 1978 et
563 1936 621 1999 pro
643 1912 796 1999 predictis
818 1912 860 1977 xl.
876 1912 930 1977 sol.
952 1912 1108 1998 placitare
1130 1911 1248 1977 debeat
1270 1922 1305 1977 et
1327 1913 1447 1979 habore

336 2018 444 2081 omnia
469 2016 591 2103 placita
619 2016 660 2081 de
686 2016 799 2081 eodem
826 2015 995 2080 hundredo
1018 2038 1081 2101 qne
1105 2016 1272 2101 pertinent
1295 2014 1337 2079 ad
1360 2016 1450 2081 uice·

334 2118 485 2183 comitem
500 2119 647 2204 predicta
661 2118 835 2184 comitissa
849 2119 906 2182 wlt
926 2117 1080 2203 placitare
1102 2117 1224 2203 placita
1243 2118 1300 2183 illa
1320 2127 1356 2183 et
1371 2119 1449 2205 plus

335 2221 438 2308 exigit
453 2244 552 2307 quam
566 2221 727 2307 predictos
742 2220 957 2307 quadraginta
972 2220 1036 2298 sol,
1051 2229 1086 2284 et
1104 2230 1236 2306 propter
1255 2220 1316 2285 hoc
1335 2222 1450 2286 aueria

335 2348 395 2389 sua
415 2325 487 2411 capi
509 2326 587 2390 facit
609 2326 658 2391 ita
679 2326 765 2412 quod
787 2325 983 2389 deteriorata
1007 2332 1057 2389 cst
1083 2333 1118 2389 et
1141 2324 1318 2411 dampnum
1346 2326 1448 2391 habet

334 2426 376 2492 ad
391 2429 572 2492 nalenciam
586 2452 660 2493 xxx.
675 2451 770 2493 marc
787 2437 821 2493 et
837 2428 913 2493 inde
928 2428 1078 2514 producit
1093 2437 1153 2494 etc.

400 2531 445 2596 Et
461 2531 635 2597 Comitissa
648 2554 707 2617 per
716 2539 918 2596 attornatum
934 2554 1030 2597 suurn
1046 2532 1139 2597 uenit
1154 2540 1189 2597 et
1204 2532 1348 2598 defendit
1359 2534 1449 2619 quod

334 2654 502 2719 nunquam
516 2634 603 2719 cepit
618 2635 729 2699 aueria
743 2658 802 2699 sua
817 2657 876 2721 pro
889 2635 1018 2721 placitis
1038 2658 1097 2701 nec
1118 2636 1181 2700 alio
1201 2635 1295 2700 modo
1314 2635 1451 2713 iniuste,

334 2756 394 2799 nec
407 2736 528 2801 iniuste
543 2736 688 2801 detinuit
702 2745 814 2801 contra
828 2737 963 2801 uadium
984 2744 1018 2801 et
1038 2737 1184 2824 plegium
1203 2744 1337 2823 propter
1358 2739 1447 2823 quod

334 2841 476 2927 aliquam
506 2842 625 2907 habere
655 2841 805 2906 deberet³
834 2840 1129 2920 deterioracionem,
1154 2850 1204 2905 set
1230 2862 1344 2905 uarum
1371 2841 1451 2907 nult

335 2943 448 3023 dicere,
478 2967 604 3031 semper
632 2968 653 3009 a
682 2953 827 3031 tempore
858 2945 957 3031 Regis
988 2946 1123 3010 Hem-ici
1152 2945 1208 3010 aui
1237 2953 1272 3010 et
1298 2954 1448 3031 tempore

335 3048 463 3134 Regum
494 3047 624 3112 Ricardi
651 3058 686 3113 et
712 3048 873 3113 Johannis
896 3057 931 3112 et
957 3048 1050 3113 Dom.
1075 3048 1176 3135 Regis
1201 3048 1258 3134 qui
1283 3070 1370 3112 nunc
1396 3060 1452 3114 est

335 3172 462 3235 semper
487 3150 698 3215 reddiderunt
723 3150 899 3215 Abbatisse
926 3150 1105 3237 Berkinge⁴
1126 3152 1131 3237 Ι
1149 3152 1190 3215 de
1217 3150 1331 3216 eodem
1361 3152 1450 3217 hun-

216 3324 220 3331 ,
333 3252 433 3318 dredo
455 3253 591 3338 singulis
613 3252 706 3317 annis
728 3253 975 3319 uicecomitibns
996 3254 1053 3339 qui
1073 3254 1238 3340 percipere
1260 3254 1395 3320 suerunt
1417 3280 1448 3321 x.

335 3378 429 3420 marc.
444 3355 572 3441 argenti
593 3378 651 3441 pro
671 3355 799 3441 placito,
814 3364 1021 3442 preterquam
1043 3355 1078 3419 in
1101 3363 1246 3441 tempore
1268 3377 1332 3441 qno
1355 3355 1450 3421 Wal-

335 3466 423 3522 terus
453 3458 493 3523 de
523 3459 682 3545 Romesye
712 3460 775 3523 luit
812 3459 990 3523 uicecomes
1022 3458 1176 3523 Wiltonie
1214 3470 1248 3523 ct
1285 3459 1342 3544 qni
1382 3460 1449 3525 suit

334 3561 527 3625 senescallus
541 3560 685 3626 eiusdem
702 3561 816 3625 domus
831 3561 872 3625 de
894 3563 1063 3647 Romesye,
1078 3569 1113 3625 et
1128 3561 1214 3647 quod
1229 3562 1278 3625 ita
1292 3561 1337 3625 sit
1352 3564 1449 3648 ponit

334 3689 368 3729 se
383 3689 480 3752 super
493 3666 641 3752 patriam.

367 3844 374 3875 ¹
393 3843 521 3907 Probably
531 3844 576 3893 the
586 3858 694 3906 passage
705 3842 798 3893 should
810 3858 860 3893 run
912 3844 973 3906 they
985 3859 1028 3894 are
1040 3858 1130 3893 nearer
1141 3840 1206 3892 than
1218 3841 1344 3891 william.

334 3910 399 3957 sicut
410 3910 500 3958 Petras
512 3918 537 3958 et
550 3917 665 3973 pretereo
676 3910 768 3959 Petrus
785 3911 860 3959 habel
944 3910 954 3940 ¹
971 3910 1042 3959 Oorr.
1055 3916 1147 3958 corros.

333 3988 435 4022 sorores.
463 3974 490 4022 1r
498 3974 772 4023 Paterisexcludedas
783 3974 861 4035 being
944 3974 954 4005 ³
971 3976 1074 4024 baberet
1086 3975 1192 4031 deberet,
1202 3974 1257 4022 MS.

333 4038 397 4100 lord,
405 4038 594 4088 Peter'ssisters
603 4038 696 4088 should
705 4038 811 4103 inberit,
820 4041 861 4088 lor
944 4040 954 4071 ⁴
972 4040 1042 4088 Corr.
1056 4041 1184 4102 Romerye.
