3342 5217
95 551 243 616 667.

89 1795 235 1857 668.

101 3541 244 3603 669.

445 227 567 291 DE
626 228 1044 294 TERMINO
1104 211 1459 294 PAS'OHE
1518 228 1782 293 ANNO
1844 227 2130 293 REGNI
2192 228 2458 292 REGIS

1124 332 1784 398 SEXTODECIMO.

480 533 805 598 Robertus
835 534 1058 599 Abbas
1091 534 1423 598 Glastonie
1455 534 1627 619 petit
1658 557 1883 598 uersus
1914 535 2269 599 Radulfum
2292 534 2373 598 de
2406 534 2559 597 Alre

349 636 740 725 quingentas
780 662 900 704 acr.
933 648 1102 703 terre
1145 662 1293 703 cum
1339 648 1499 725 pert.
1548 640 1616 703 in
1663 662 1843 704 mora
1885 639 1966 705 de
2009 640 2279 705 Dodene
2329 650 2406 705 ut
2458 641 2560 705 ius

348 740 611 805 ecclesie
642 764 756 806 sue
790 751 907 806 etc.

481 845 570 908 Et,
614 845 934 910 Radulfus
978 868 1108 910 non
1153 846 1338 911 uenit
1385 855 1487 911 set
1533 870 1602 911 se
1651 847 2004 912 essoniauit
2056 847 2137 912 de
2190 849 2360 913 malo
2407 849 2561 913 lecti

347 947 524 1032 apud
572 948 728 1012 Alre
777 949 875 1012 ita
917 949 1090 1034 quod
1133 949 1545 1014 adiudicatus
1588 950 1719 1013 fuit
1770 949 1832 1014 ei
1885 951 2158 1036 languor
2207 959 2275 1015 et
2327 951 2559 1016 habuit

349 1052 701 1116 terminum
754 1053 950 1116 unius
1000 1052 1156 1115 anni
1204 1061 1273 1115 et
1324 1054 1517 1117 unius
1569 1052 1714 1117 diei.
1825 1053 1912 1117 Et
1959 1075 2153 1138 super
2203 1054 2321 1118 hoc
2373 1055 2561 1119 uenit

346 1154 679 1220 ,Iohannes
723 1156 896 1220 filius
940 1156 1143 1242 ipsius
1188 1156 1449 1220 Radulfi
1497 1165 1566 1221 et.
1611 1157 1771 1220 dicit
1816 1157 1989 1242 quod
2028 1157 2165 1242 ipse
2198 1157 2376 1222 misit
2407 1181 2557 1222 eum

347 1270 425 1325 ut
456 1262 886 1348 responsalem
917 1284 1109 1325 suum
1141 1269 1209 1324 et
1240 1262 1409 1347 petit,
1440 1284 1554 1348 pro
1586 1285 1660 1325 eo
1702 1260 1918 1327 uisum
1964 1262 2132 1326 sicut.
2176 1263 2559 1349 responsalis

345 1387 503 1428 suus
532 1372 601 1427 et
630 1364 871 1428 habeat
901 1372 1020 1428 etc.
1054 1371 1122 1426 et,
1153 1362 1415 1427 int-erim
1447 1374 1564 1427 etc.
1659 1364 1746 1428 Et
1776 1364 2133 1429 uicecomes
2176 1365 2403 1430 mittat,
2444 1365 2557 1452 iiij.

344 1468 589 1533 milites
617 1469 700 1532 ad
730 1468 945 1555 ipsum
978 1467 1328 1531 Radulfum
1364 1468 1446 1532 ad
1487 1467 1884 1533 audiendum
1925 1468 1982 1532 si
2021 1468 2194 1534 idem
2240 1470 2559 1534 Radulfus

345 1571 527 1634 misit
571 1572 783 1656 ipsum
827 1572 873 1635 J
876 1571 1198 1635 ohannem
1245 1579 1321 1635 ut
1361 1572 1791 1656 responsalem
1831 1593 2022 1635 suum
2058 1572 2142 1636 ad
2171 1572 2558 1658 responden-

345 1674 506 1739 dum
538 1696 652 1759 pro
682 1697 757 1737 eo
787 1684 855 1738 ct,
886 1673 1018 1738 sint,
1050 1674 1132 1738 ad
1174 1674 1539 1760 predictum
1571 1674 1744 1738 diem
1775 1674 1859 1738 ad
1899 1676 2380 1741 testificandum
2413 1676 2556 1742 etc.¹

478 1780 678 1866 Hugo
751 1780 924 1844 filius
998 1780 1177 1843 Petri
1241 1778 1653 1843 athachiatus
1714 1780 1839 1843 fuit
1898 1780 1982 1844 ad
2039 1782 2556 1868 respondendum

348 1884 586 1948 Briano
633 1884 764 1949 filio
810 1885 989 1948 Petri
1034 1907 1231 1970 quare
1273 1883 1581 1948 deforciat
1613 1884 1675 1948 ei
1705 1884 1827 1969 xvj.
1861 1908 1984 1950 acr.
2016 1893 2184 1950 terre
2216 1910 2363 1951 curn
2394 1897 2555 1973 pert.

345 1988 416 2052 in
471 1989 767 2052 Hecham
821 2011 944 2074 que
1000 1988 1060 2052 ei
1119 2011 1450 2052 remanere
1503 1987 1746 2052 debent
1798 2012 1913 2074 per
1963 1990 2159 2054 finem
2218 1991 2393 2056 inter
2450 2016 2557 2057 eos

347 2093 592 2156 sactum
663 2100 811 2177 post
880 2100 1154 2155 mortem
1224 2092 1271 2155 J
1273 2101 1513 2155 uwette
1573 2091 1800 2155 matris
1859 2092 2145 2177 ipsorum
2206 2094 2428 2158 Briani
2488 2105 2556 2159 et

345 2195 651 2282 Hugonis
695 2218 819 2281 que
869 2204 1106 2258 terram
1147 2195 1326 2258 illam
1370 2195 1586 2259 tenuit
1617 2195 1686 2258 in
1715 2194 1934 2259 dotem
1968 2204 2035 2260 61,
2066 2219 2191 2281 que
2226 2206 2396 2262 terra
2424 2198 2554 2263 iam

343 2299 597 2384 pridem
628 2299 985 2364 deliberata
1017 2297 1140 2361 fuit
1171 2320 1286 2383 per
1314 2306 1589 2361 mortem
1621 2297 1825 2383 ipsius
1851 2299 1897 2362 J
1905 2306 2143 2362 uwet-te
2175 2306 2292 2363 etc.

479 2402 566 2465 Et
597 2402 796 2488 Hugo
826 2402 1011 2465 uenit
1042 2410 1110 2464 et
1145 2401 1471 2487 cognoscit
1518 2402 1715 2466 finem
1756 2411 1824 2466 et
1854 2402 2254 2466 concordiam
2286 2413 2354 2467 et,
2385 2405 2557 2489 quod

344 2504 641 2590 predicta.
713 2513 884 2567 terra
953 2504 1015 2567 ei
1073 2497 1404 2567 remanere
1475 2502 1743 2567 deberet>
1814 2511 1960 2588 post
2018 2513 2294 2568 mortem
2353 2504 2557 2590 ipsius

2676 249 2735 297 [9⁶
2752 249 2806 298 b.]

2676 1814 2793 1855 Non-f.

342 2608 656 2685 Juwette,
698 2615 766 2671 et
811 2614 1075 2692 paratus
1121 2606 1246 2669 fuit
1295 2606 1357 2669 ei
1407 2604 1673 2669 reddere
1727 2614 1965 2668 terram
2011 2605 2210 2683 illam,
2256 2616 2356 2670 set>
2406 2609 2561 2693 quia
2683 2662 2690 2666 .

345 2719 726 2799 preceptum
774 2710 899 2775 fuit
945 2709 1156 2774 eidem
1203 2697 1440 2773 Briano
1486 2718 1830 2795 postquam
1882 2710 2249 2774 concordati
2298 2712 2561 2775 fuerunt

346 2815 523 2902 quod
567 2814 865 2879 redderet
910 2814 1121 2878 eidem
1168 2814 1438 2899 Hugoni
1481 2837 1682 2877 unam
1727 2823 1969 2877 cartam
2013 2822 2080 2878 61,
2120 2837 2247 2878 non
2279 2815 2564 2880 reddidib

347 2921 497 2985 ideo
549 2940 678 2982 non
730 2916 1014 2981 reddidit
1067 2916 1128 2979 ei
1181 2924 1418 2994 terram
1473 2916 1650 2979 illam
1705 2924 1773 2980 et
1826 2925 2121 3001 preterea
2178 2916 2338 2981 dicit
2390 2918 2563 3003 quod

349 3031 618 3109 paratus
640 3020 768 3085 fuit
790 3020 1056 3084 reddere
1088 3028 1341 3105 partem
1371 3019 1452 3083 de
1485 3019 1736 3082 meliori
1766 3028 1834 3083 et
1864 3028 2116 3105 partem
2148 3020 2227 3083 de
2259 3021 2564 3086 mediocri

349 3135 420 3191 eb
465 3134 720 3212 partem
761 3124 841 3188 de
871 3125 1086 3209 peiore
1119 3123 1198 3187 de
1229 3123 1490 3208 quadr’²
1517 3145 1638 3186 acr.
1674 3131 1842 3186 terre
1884 3145 2044 3207 quas
2088 3122 2229 3207 ipsa
2271 3124 2566 3188 Juwetta

353 3231 571 3295 tenuit
611 3230 680 3293 in
721 3229 942 3293 dotem
973 3228 1208 3312 etipse
1251 3251 1328 3292 ea
1368 3227 1649 3313 recipere
1696 3227 1908 3291 noluit
1948 3236 2016 3291 et,
2056 3227 2269 3291 adhuc
2299 3237 2566 3313 paratus

351 3343 452 3399 est
483 3334 544 3399 ei
573 3332 857 3397 reddere.
949 3333 1035 3396 Et
1066 3331 1211 3396 ideo
1241 3332 1482 3396 faciant
1512 3331 1936 3417 particionem
1968 3338 2035 3395 et
2076 3331 2362 3396 habeant
2406 3333 2564 3396 ciro-

349 3436 689 3525 graphum.

485 3540 815 3604 Walterus
864 3539 969 3604 del
1025 3539 1180 3604 Frid
1228 3539 1398 3625 petit
1446 3560 1671 3602 uersus
1718 3538 1904 3601 Elam
1951 3538 2055 3602 del
2108 3538 2264 3603 Frid
2315 3540 2395 3604 xl.
2444 3563 2563 3605 acr.

355 3654 526 3710 terre
551 3667 698 3709 cum
719 3654 880 3730 pert.
900 3645 969 3708 in
996 3642 1336 3709 Estwemz⁸
1365 3652 1442 3707 ut
1473 3643 1574 3707 ius
1597 3665 1789 3706 suum
1822 3651 1889 3705 et
1921 3641 1989 3706 in
2020 3664 2178 3727 quas
2208 3665 2336 3706 non
2368 3644 2568 3708 habet

352 3751 719 3835 ingressum
767 3749 892 3814 nisi
939 3772 1054 3835 per
1097 3749 1310 3835 ipsum
1355 3747 1722 3812 Walterum
1770 3746 1884 3832 qui
1928 3768 2035 3811 eas
2080 3747 2140 3810 ei
2186 3747 2433 3812 dimisit
2485 3749 2569 3813 ad

420 3888 434 3919 ¹
473 3889 561 3938 Br.
592 3887 628 3936 f.
653 3887 746 3936 361
766 3887 815 3936 b.
1143 3901 1149 3907 ·
1576 3883 1597 3916 ³
1630 3884 1761 3933 East
1783 3882 1972 3933 Winch
1999 3884 2079 3948 (?).

419 3954 441 3985 ²
474 3954 818 4016 quadrayinta
847 3952 925 4016 (2²).

2182 4036 2395 4097 33—2

2688 3551 2803 3591 Non-t
