3342 5217
478 421 620 524 armni,
640 449 706 511 nn,
732 449 824 522 1230,
847 460 909 510 mr
935 449 982 510 14.
1212 451 1272 512 321

173 640 323 704 seisinam
353 637 393 704 de
423 637 535 703 eadem
563 657 735 702 communa
756 635 835 700 dum
858 635 951 712 uixit,
973 643 1008 700 et
1029 633 1169 702 Thomas
1190 635 1276 700 filius

172 744 302 810 Ricardi
331 745 388 831 qui
413 753 463 809 est
488 749 650 808 warantus
676 763 754 805 suus
783 739 823 805 de
848 738 924 804 dote
947 762 1007 804 sua
1028 747 1079 805 est
1101 739 1186 804 infra
1208 747 1276 804 eta-

173 853 249 924 tem,
272 855 307 912 et
331 869 395 912 non
419 846 493 911 uult
517 845 586 910 sine
613 865 651 909 eo
680 842 871 929 respondere
897 843 960 908 nisi
985 843 1075 908 curia
1098 843 1276 909 considera-

172 950 265 1015 uerit

236 1055 281 1120 Et
303 1053 461 1121 Ricardus
482 1053 576 1118 uenit
606 1061 640 1118 et
670 1051 750 1118 dicit
779 1052 866 1139 quod
895 1075 1022 1139 semper
1050 1076 1071 1118 a
1098 1061 1275 1140 conquestu

171 1158 291 1247 Anglie
317 1159 639 1224 communicauerunt
664 1165 880 1222 antecessores
909 1156 960 1221 sui
988 1156 1023 1220 in
1052 1156 1146 1221 terris
1174 1157 1276 1243 ipsius

171 1261 329 1326 Willelmi
355 1269 389 1327 et
418 1269 656 1326 antecessorum
680 1279 827 1326 suorum·
842 1267 876 1324 et
906 1259 993 1324 idem
1023 1259 1205 1326 Willelmus
1233 1261 1275 1326 si-

170 1366 294 1431 militer
313 1375 348 1430 et
368 1374 584 1431 antecessores
606 1364 657 1429 sui
681 1363 715 1428 in
738 1363 832 1428 terris
854 1363 956 1449 ipsius
976 1364 1107 1430 Ricardi
1128 1375 1163 1431 et
1184 1375 1275 1432 ante-

169 1491 330 1534 cessorum
346 1491 476 1533 suorum
492 1467 565 1532 uice
580 1489 675 1532 uersa
689 1476 724 1531 et
744 1466 851 1532 adhuc
864 1466 989 1532 faciunt
1009 1467 1156 1533 homines
1175 1468 1276 1556 ipsius

170 1571 303 1638 Ricardi
316 1572 359 1636 de
374 1569 536 1658 Wylegha
549 1569 723 1636 seruicium
738 1569 844 1635 eidem
856 1569 1019 1635 Willelmo
1034 1593 1091 1657 pro
1106 1594 1277 1638 communa

169 1677 228 1742 illa
241 1683 276 1742 et
291 1698 355 1741 oua
368 1674 448 1740 dant
462 1683 497 1740 et
510 1673 648 1762 gallinas
662 1681 697 1739 et
712 1672 815 1738 eciam
830 1671 891 1738 hoc
905 1695 991 1738 anno
1005 1673 1088 1739 illud
1102 1675 1276 1741 seruieium

170 1781 202 1847 ei
217 1782 370 1846 fecerunt.

237 1887 281 1952 Et
290 1885 474 1951 Willelmus
483 1883 564 1950 dicit
573 1883 659 1970 quod
669 1884 753 1949 bene
764 1883 1051 1971 potestessequod
1062 1893 1276 1952 antecessores

171 1993 223 2058 sui
248 1989 423 2077 aliquando
448 1988 771 2054 communicauerunt
796 2011 871 2054 eum
896 1990 1150 2056 antecessoribus
1175 1992 1276 2078 ipsius

171 2094 305 2162 Ricardi
326 2103 361 2159 et
386 2093 455 2180 ipse
485 2091 642 2170 similiter,
664 2100 714 2157 set
739 2091 808 2178 ipse
838 2092 995 2158 Ricardus
1025 2117 1111 2160 nunc
1139 2095 1278 2162 includit

171 2207 340 2287 poeturam
369 2196 459 2262 illam
489 2203 524 2261 et
546 2217 618 2260 eam
640 2195 762 2261 errauit
784 2203 819 2261 et
841 2196 876 2260 in
898 2197 1059 2262 culturam
1082 2197 1209 2286 redegit
1229 2199 1279 2266 ita

173 2301 261 2390 quod
276 2323 335 2366 nec
354 2299 424 2386 ipse
444 2320 504 2364 nec
525 2297 673 2362 homines
694 2297 745 2363 sui
767 2298 910 2384 aliquam
931 2321 1137 2368 eommunam
1159 2302 1277 2369 habere

173 2411 311 2492 possunt
325 2403 360 2468 in
375 2411 462 2468 terra
475 2400 578 2487 ipsius
593 2398 730 2466 Ricardi

241 2509 286 2573 Et
314 2507 392 2595 quia
419 2505 603 2571 Willalmus
636 2505 799 2594 cognoscit
828 2506 915 2593 quod
943 2507 1044 2573 habet
1072 2531 1277 2578 communem

173 2619 472 2698 quantamcumque
494 2609 570 2675 licet
588 2632 720 2696 paruam
742 2609 980 2676 consideratum
1000 2613 1157 2699 estquod
1176 2615 1275 2681 nichil
1323 2653 1326 2658 ·

170 2714 280 2802 capiat
294 2736 353 2800 per
367 2712 466 2777 breue
481 2712 571 2778 istud
586 2720 620 2778 et
634 2713 678 2778 sit
693 2713 728 2778 in
742 2712 960 2779 misericordia
973 2736 1031 2800 pro
1045 2715 1125 2780 falso
1139 2717 1276 2783 clamore

170 2830 205 2886 et
220 2817 388 2906 perquirat
403 2815 465 2882 sibi
480 2838 538 2902 per
552 2815 641 2882 aliud
657 2817 756 2883 breue
771 2817 857 2883 sieut
871 2840 930 2904 per
943 2818 1043 2885 breue
1058 2821 1144 2906 quod
1161 2821 1277 2888 reddat

171 2927 202 2992 ei
217 2932 346 2992 tantam
362 2929 528 3008 pasturam
543 2929 603 2989 etc.
622 2921 628 3011 Ι

119 3083 125 3098 .
237 3027 416 3094 ¹Ranulfus
428 3025 544 3093 Comes
556 3026 681 3093 Cestrie
693 3036 727 3093 et
743 3027 908 3094 Lincolnie
923 3029 1010 3116 petit
1024 3052 1136 3096 uersus
1151 3031 1276 3097 Willel-

62 3195 64 3206 ,
171 3155 264 3199 mum
279 3131 422 3196 Priorem
437 3131 478 3196 de
489 3128 595 3195 Pratis
606 3153 634 3196 v.
646 3130 739 3196 hidas
754 3140 929 3197 terrerum
943 3141 1024 3220 pert
1037 3133 1073 3198 in
1088 3133 1277 3202 Stiuintona

173 3246 210 3302 ut
225 3237 279 3302 ius
293 3256 390 3300 suum
404 3239 465 3299 etc.
476 3232 563 3298 unde
576 3231 691 3300 Comes
706 3235 867 3300 Ranulfus
880 3258 962 3301 auus
977 3259 1055 3302 suus
1069 3237 1133 3302 fuit
1147 3238 1277 3306 saisitus

172 3342 206 3406 in
221 3340 383 3406 dominico
398 3360 456 3402 suo
471 3344 510 3402 ut
524 3336 565 3402 de
580 3337 672 3402 feodo
687 3346 746 3404 etc
760 3346 793 3403 et
808 3337 879 3404 iure
894 3347 1039 3425 tempore
1051 3341 1094 3405 H.
1106 3341 1207 3429 Regis
1221 3344 1277 3408 aui

172 3447 266 3512 Dom.
277 3443 378 3532 Regis
392 3441 547 3529 capiendo
562 3441 638 3508 inde
653 3451 723 3522 etc,
734 3451 769 3508 et
783 3443 824 3509 de
839 3444 984 3530 predicto
995 3445 1135 3511 Ranulfo
1146 3446 1277 3512 deseen-

171 3551 221 3618 dit
241 3552 295 3617 ius
315 3559 400 3616 terre
418 3549 506 3614 illius
527 3549 661 3636 Hugoni
680 3549 747 3614 filio
766 3572 824 3614 suo
846 3558 881 3614 et
901 3550 1013 3616 heredi
1028 3551 1118 3618 etde
1133 3553 1277 3639 predicto

172 3654 360 3745 Hugnone¹
382 3655 439 3721 isti
458 3655 600 3720 Ranulfo
622 3662 660 3720 ut
674 3654 741 3719 filio
762 3663 796 3720 et
816 3653 928 3720 heredi
944 3678 1011 3734 suo,
1026 3664 1061 3722 et
1080 3658 1167 3723 unde
1190 3658 1277 3723 idem

171 3761 336 3828 Ranulfus
350 3758 430 3825 dicit
445 3758 531 3845 quod
546 3767 691 3846 tempore
706 3781 769 3847 quo
785 3760 885 3848 Hugo
905 3769 999 3846 pater
1019 3783 1097 3826 suus
1112 3762 1176 3828 fuit
1194 3763 1279 3828 infra

171 3873 298 3932 etatem
320 3871 355 3929 et
376 3862 411 3928 in
433 3861 581 3928 custodia
602 3861 701 3950 Regis
724 3862 859 3929 Henriei
880 3887 956 3929 cum
978 3865 1071 3931 terris
1096 3866 1163 3931 suis
1191 3867 1279 3932 unde

173 3967 336 4034 Ranulfirs
357 3975 452 4053 pater
473 3989 552 4032 suus
574 3965 655 4031 obiit
677 3966 806 4032 seisitus
827 3968 961 4034 fuerunt
981 3968 1126 4055 predicte
1147 3992 1175 4034 v.
1195 3970 1280 4057 hyde

72 4057 74 4100 ³
171 4073 315 4138 alienate
345 4069 470 4136 desicut
491 4069 579 4135 idem
601 4068 762 4134 Ranulfus
787 4078 881 4156 pater
902 4070 1004 4158 ipsius
1026 4071 1177 4158 Hugonis
1198 4073 1280 4140 obiit

74 4225 76 4291 i

73 4167 75 4220 ἕ
171 4172 305 4238 seisitus
326 4170 367 4235 de
390 4178 476 4235 terra
497 4169 555 4234 illa
575 4169 660 4234 sicut
682 4176 717 4234 et
738 4169 779 4234 de
801 4169 874 4235 aliis
896 4179 930 4235 et
950 4170 1037 4258 quod
1055 4172 1104 4237 ita
1122 4172 1166 4238 sit
1186 4173 1281 4240 offert

75 4331 78 4386 ἱ
172 4275 268 4343 Dom.
285 4275 434 4364 Reginis
450 4297 545 4342 marc
560 4296 618 4362 pro
633 4273 783 4341 habenda
796 4275 874 4342 inde
887 4276 1099 4363 inquisicione
1118 4286 1153 4344 et
1173 4279 1202 4346 si
1221 4280 1281 4346 hoc

200 4513 391 4568 mnata.
425 4513 1102 4580 ffisreeordhasalrwoocurrsdseecasat‘tt.
1168 4519 1247 4570 ’Sic

262 4631 298 4680 n
1153 4623 1192 4685 21
