3342 5217
520 432 671 493 ramur,
694 430 758 481 nn.
784 418 878 494 1231,
900 432 962 481 ru.
988 421 1037 481 15.
1265 422 1330 487 459

224 606 311 689 ann]
322 606 346 691 j.
363 605 442 693 uirg.
459 614 543 671 terre
559 606 592 671 in
610 606 752 671 manerio
767 606 807 670 dc
824 606 1019 670 Radefordia
1033 628 1131 692 quam
1147 607 1331 673 Willelmus

224 708 375 773 Decanus
399 709 433 773 in
460 709 531 773 uita
552 708 687 774 Henrici
713 709 753 773 de
781 709 920 795 Symilly
945 717 979 773 et
1002 710 1103 795 ipsius
1128 710 1330 776 concessione

223 821 258 877 et
277 814 479 879 concessione
500 814 615 878 Emme
638 812 746 877 uxoris
769 834 826 877 sue
849 821 883 877 et
905 812 1020 877 matris
1041 812 1143 898 ipsius
1161 813 1330 879 Willelmi¹

222 914 339 979 habuit
354 916 465 1001 quiete
480 914 658 980 secundum
674 913 761 1001 quod
780 914 963 1001 predictum
982 921 1032 979 est
1046 914 1214 979 distrinxit
1233 914 1331 980 eum¹

221 1041 279 1104 pro
294 1020 449 1085 forinseco
464 1019 607 1085 seruicio.

288 1122 331 1187 Et
356 1121 520 1187 Galfiidus
543 1122 636 1187 uenit
667 1130 701 1186 et
730 1121 883 1207 cognouit
912 1129 1035 1185 cartam
1064 1121 1186 1186 donum
1215 1122 1329 1187 confir-

221 1225 399 1291 macionem
423 1234 474 1292 set
503 1225 583 1291 dicit
613 1225 699 1312 quod
728 1226 797 1311 ipse
827 1247 956 1311 semper
984 1225 1048 1289 fuit
1076 1226 1112 1289 in
1141 1226 1259 1291 seisina
1287 1227 1327 1291 de

219 1329 356 1395 seruicio
376 1330 479 1415 ipsius
501 1330 642 1395 Simonis
657 1329 721 1395 scil.
738 1329 778 1393 da
794 1329 818 1415 j.
835 1329 908 1395 libr.
922 1329 1042 1415 piperis
1062 1338 1097 1394 et
1117 1330 1157 1395 de
1172 1330 1328 1397 forinseco

219 1432 356 1498 seruicio
377 1442 412 1499 et
438 1434 539 1499 eciam
564 1442 781 1499 antecessores
806 1433 858 1497 sui
883 1456 1011 1519 semper
1036 1435 1168 1498 fuerunt
1192 1435 1269 1500 inde
1292 1435 1327 1500 in

215 1534 345 1615 -seisina,
360 1544 411 1602 set
425 1538 508 1601 bene
524 1536 671 1601 concedit
687 1536 773 1622 quod
793 1544 881 1600 terra
899 1536 957 1601 illa
977 1560 1075 1623 quam
1098 1537 1212 1602 Simon
1234 1544 1328 1602 tenet

218 1647 270 1703 est
283 1638 324 1703 de
340 1640 485 1725 predicta
499 1640 579 1726 uirg.
595 1648 680 1703 terre
695 1647 730 1703 et
745 1639 856 1704 dimid.
902 1640 946 1703 Et
963 1641 1040 1725 quia
1059 1640 1146 1705 idem
1162 1638 1327 1705 Galil-idus

218 1743 381 1829 cognoscit
399 1752 522 1809 cartam
537 1745 657 1809 donum
677 1752 711 1808 et
731 1744 1010 1809 confirmacionem
1032 1744 1122 1809 etin
1142 1752 1231 1809 carta
1252 1767 1326 1809 con-

219 1848 345 1913 tinetur
358 1849 444 1934 quod
465 1848 619 1914 Priorissa
633 1849 732 1915 debet
752 1857 864 1914 tenere
886 1849 920 1912 in
941 1848 1077 1913 liberam
1098 1856 1159 1913 etc.
1174 1848 1216 1913 ab
1238 1848 1327 1913 omni

218 1951 355 2016 seculari
378 1952 514 2017 seruicio
538 1961 572 2018 ct
596 1953 774 2028 exaccione,
797 1952 1045 2019 consideratum
1070 1952 1227 2037 estquod
1249 1950 1325 2017 Gal·

217 2048 319 2119 fridus
334 2057 521 2122 warentizet
536 2065 571 2121 et
586 2056 672 2143 quod
687 2056 842 2121 Priorissa
861 2064 975 2121 teneat
992 2057 1029 2120 in
1047 2080 1128 2143 pace
1147 2055 1324 2121 secundum

216 2157 303 2243 quod
333 2165 420 2223 terra
448 2159 480 2223 ei
508 2159 586 2224 data
614 2158 688 2235 fuit,
717 2168 752 2224 ct
782 2160 947 2224 Galfridus
976 2159 1011 2224 in
1040 2158 1266 2235 misericordia,
1290 2166 1325 2223 et

216 2260 393 2327 satisfaciat
408 2263 560 2327 Priorisse
576 2262 616 2328 de
631 2262 782 2349 dampnis
790 2263 811 2335 ³,
826 2271 860 2327 et
876 2262 946 2349 ipse
961 2263 1141 2328 uicecomes
1156 2261 1197 2326 de
1217 2269 1325 2327 cetero

216 2390 281 2433 non
295 2368 466 2454 permittat
480 2366 566 2452 quod
581 2365 668 2431 idem
684 2366 849 2431 Galfiidus
864 2388 937 2430 eam
951 2366 1127 2451 distringat
1141 2373 1202 2429 etc.

156 2524 163 2537 .
281 2470 495 2556 ‘Preceptum
521 2469 585 2533 fuit
614 2468 798 2533 uicecomiti
828 2468 914 2554 quod
939 2468 1052 2533 uenire
1075 2469 1194 2533 faceret
1216 2490 1323 2533 coram
1382 2486 1442 2526 sorr.

214 2573 400 2639 iusticiariis
429 2572 517 2659 apud
546 2572 873 2637 westmonasterium
902 2572 1105 2638 Willelmum
1134 2573 1175 2638 de
1202 2573 1323 2637 Harin·

214 2698 297 2763 geye
334 2676 538 2742 seruientem·
561 2674 723 2739 hundredi
751 2675 793 2740 de
823 2674 908 2761 Fleg
936 2684 971 2740 et
1000 2676 1151 2740 similiter
1179 2699 1254 2741 cum
1284 2700 1322 2742 eo
1352 2698 1371 2741 t

214 2781 395 2845 Robertum
426 2780 488 2855 Bit,
512 2779 654 2843 Alauum
685 2778 725 2844 de
757 2779 904 2865 Stokeby
929 2789 964 2844 et
987 2780 1170 2845 Galbidum
1195 2780 1322 2866 lagard

213 2986 433 3051 interfuerunt
455 3008 552 3072 quem
575 2986 760 3051 Willelmus
782 2987 823 3051 de
846 2986 1004 3052 Lairtuna
1025 2995 1210 3052 attomatus
1232 2988 1321 3053 Wal-

213 3088 278 3152 teri
292 3088 333 3153 de
349 3088 540 3153 Euarmuwe
556 3088 633 3153 fecit
648 3089 789 3153 Reinero
803 3089 844 3153 de
860 3089 970 3177 Burgo
985 3089 1026 3153 de
1040 3096 1135 3175 prato
1149 3112 1224 3153 cum
1239 3098 1320 3175 pert.

212 3190 248 3255 in
271 3191 380 3276 Burgo
397 3189 484 3277 quod
505 3199 636 3277 pratum
659 3212 733 3255 cum
753 3200 833 3276 pert
850 3190 938 3256 idem
954 3191 1119 3255 Walterus
1141 3191 1260 3256 clamat
1282 3199 1321 3256 ut

211 3292 264 3358 ius
279 3316 375 3359 suum
389 3314 502 3358 uersus
517 3292 657 3357 eundem
673 3293 851 3357 Reinerom
866 3292 908 3358 ad
926 3293 1171 3358 certificandum
1191 3294 1319 3359 eosdem

210 3396 405 3461 iusticiarios
426 3396 507 3482 quid
530 3404 564 3460 et
588 3404 748 3481 quantum
774 3397 862 3482 prati
887 3395 975 3462 idem
1001 3395 1186 3461 Willelmus
1211 3398 1322 3482 posuit

209 3500 246 3565 in
268 3501 342 3564 uisu
365 3523 423 3564 suo
445 3499 532 3564 unde
555 3500 642 3565 idam
667 3500 827 3565 Reinarus
853 3500 934 3565 dicit
956 3500 1042 3585 quod
1063 3523 1129 3565 non
1150 3502 1260 3586 posuit
1285 3502 1320 3566 in

208 3603 284 3667 uisu
300 3626 358 3667 suo
373 3602 436 3667 nisi
451 3611 581 3667 tantum
597 3603 622 3688 j.
640 3603 750 3668 rodam
771 3604 858 3689 prati
876 3612 911 3668 et
931 3604 1017 3668 unde
1033 3604 1120 3669 idem
1135 3604 1320 3671 Willelmus

207 3709 250 3775 de
280 3708 480 3773 Lethertona
500 3715 684 3773 attomatus
706 3708 808 3794 ipsius
830 3707 969 3773 Walteri
993 3708 1074 3772 dicit
1098 3708 1184 3793 quod
1209 3708 1319 3794 posuit

206 3814 244 3879 in
260 3813 333 3878 uisu
348 3834 407 3877 suo
421 3820 488 3877 tres
502 3834 591 3876 acras
606 3812 692 3897 prati
707 3821 741 3877 et
751 3812 776 3897 j.
791 3812 904 3876 rodam
918 3811 954 3876 in
968 3811 1105 3877 diuersis
1125 3811 1203 3875 locis
1217 3833 1276 3897 per
1289 3835 1318 3877 v.

206 3917 393 4005 particulas.
439 3917 483 3981 Et
510 3916 553 3981 ad
576 3916 662 3981 diem
689 3916 789 3980 istum
818 3916 911 3981 uenit
933 3915 1099 4002 predictus
1120 3914 1262 3980 balliuus
1283 3912 1352 3980 et*

205 4042 320 4086 omnes
349 4017 487 4105 predicti
510 4027 544 4084 et
566 4042 677 4084 omnes
700 4018 830 4095 uisores,
852 4027 887 4083 et
909 4026 1057 4104 preterea
1079 4016 1255 4082 Godwinus
1276 4017 1318 4083 de

207 4126 314 4191 Nesse
343 4123 545 4210 Reginaldus
566 4122 606 4187 da
631 4123 794 4210 Stockeby
816 4123 958 4188 Jacobus
980 4122 1021 4187 de
1044 4122 1240 4187 Sumertona
1261 4122 1318 4208 qui

241 4324 251 4357 ¹
268 4324 291 4374 B
302 4324 351 4374 has
362 4324 423 4375 here
435 4340 469 4376 an
487 4334 532 4376 etc.
550 4325 602 4376 oud
618 4340 652 4376 no
669 4340 739 4375 more
822 4324 833 4357 ⁸
849 4323 871 4372 B
883 4328 964 4387 stopa,

206 4389 399 4441 orthiaoount.
820 4389 878 4439 4Β.
891 4405 926 4438 m.
938 4392 961 4439 9.
992 4390 1042 4438 For
1050 4389 1142 4439 earlier
1150 4388 1316 4451 prooeadings

242 4456 252 4487 ¹
269 4455 387 4517 Geoffrey
399 4456 520 4507 distrains
533 4456 629 4508 Simon.
789 4471 829 4505 sec
842 4455 922 4505 above
934 4455 998 4505 Casa
1009 4456 1065 4504 456.
