3342 5217
457 428 692 493 monimum,
713 426 779 479 an.
803 415 898 493 1224,
920 430 991 481 aa·
1007 417 1102 483 8-9.
1270 416 1334 486 ⁷01

225 603 267 670 ds
287 602 518 670 Scaudefordia'
535 604 680 670 Johanni
700 602 742 669 de
762 603 988 683 Geudefordis,
1002 604 1117 670 dicunt
1136 604 1223 691 q'uod
1242 606 1336 671 Dom.

224 708 296 775 Rex
311 707 476 774 Ricardus
512 707 642 789 Quanti
656 708 759 773 eciam
770 707 1026 775 siantecossores
1037 708 1169 776 Radulfi
1181 733 1337 798 umquam

223 811 386 879 dederunt
404 810 573 877 ecclesiam
592 809 634 877 de
654 811 892 893 Scandofordia,
907 812 1021 878 dicunt
1043 811 1130 899 quod
1151 835 1217 880 non
1238 814 1338 880 immo

223 938 353 1003 semper
365 924 582 981 antecessores
596 916 690 982 Dorn
705 916 814 1003 Regis

140 1098 143 1102 ¹
292 1019 336 1084 Et
350 1018 429 1105 quia
446 1018 611 1105 predictus
631 1018 795 1084 Henricus
812 1040 880 1083 nou
899 1018 964 1085 fuit
983 1027 1189 1105 presentatus
1207 1020 1341 1107 abipsa

225 1123 389 1189 Beatricia
409 1123 464 1189 nel
485 1122 628 1189 Radulfo
651 1122 694 1188 de
717 1124 788 1210 Tay
811 1124 867 1189 uel
892 1124 1148 1191 antecessoribus
1173 1125 1241 1191 suis
1265 1146 1339 1190 oon-

225 1228 404 1295 sideratum
418 1234 470 1293 est
487 1227 574 1315 quod
594 1227 758 1293 Bestrioia
776 1227 880 1292 nichil
898 1228 1007 1313 capiat
1026 1228 1188 1313 perhanc
1207 1228 1340 1294 assisam

226 1342 261 1399 et
275 1334 370 1412 sitin
390 1333 608 1401 misericordia
626 1355 685 1419 pro
705 1333 785 1398 falso
804 1334 943 1398 clamore
963 1341 999 1398 et
1018 1333 1112 1399 Dom.
1130 1334 1200 1399 Rex
1220 1333 1341 1399 habeat

225 1435 377 1502 saisinam
391 1458 485 1502 suam
498 1434 540 1501 de
554 1434 769 1502 aduocaoione
783 1435 872 1501 illius
886 1435 1009 1521 capelle
1025 1442 1084 1501 etc

292 1539 337 1605 Et
359 1537 527 1606 Johannes
552 1537 594 1605 da
619 1539 652 1603 la
675 1540 782 1604 Heroe
805 1538 1024 1605 summonitus
1049 1560 1114 1625 quo
1138 1547 1281 1605 waranto
1305 1562 1340 1605 se

226 1650 320 1708 tenet
340 1642 376 1707 in
397 1642 534 1708 ecclesia
558 1641 600 1707 de
626 1642 865 1721 Scaudefordia,
888 1643 983 1709 uenit
1008 1650 1043 1710 et
1068 1642 1149 1708 dicit
1174 1643 1260 1731 quod
1283 1667 1342 1731 per

226 1744 404 1811 Radnlfum
429 1745 460 1809 le
484 1745 554 1831 Tay
574 1744 633 1833 qni
651 1745 742 1810 illam
763 1745 795 1811 ei
813 1745 955 1811 contulit
975 1752 1121 1831 tempore
1144 1745 1204 1810 Th'
1219 1746 1340 1813 Veire¹.

228 1848 273 1913 Et
297 1847 376 1934 quia
399 1846 602 1934 recognitum
628 1856 680 1913 est
704 1870 763 1934 per
783 1848 964 1935 predictam
986 1848 1119 1915 assisam
1141 1847 1229 1935 quod
1249 1856 1341 1915 ante-

226 1973 366 2017 cemores
394 1950 490 2017 Dom.
515 1951 616 2037 Regis
644 1972 774 2038 semper
799 1950 962 2017 dederunt
989 1951 1080 2016 illam
1110 1952 1276 2017 ecclesiam
1306 1961 1342 2017 et

226 2076 407 2141 numquam
420 2052 582 2119 Radulfus
590 2053 633 2120 de
643 2053 714 2139 Tay
723 2054 778 2119 uel
788 2062 1006 2119 antecessores
1016 2054 1068 2119 sui
1079 2053 1169 2119 illam
1180 2054 1342 2121 dederunt

226 2158 291 2224 nisi
311 2166 459 2245 tempore
483 2180 599 2245 guerre
622 2156 862 2225 consideratum
888 2164 938 2223 est
964 2157 1050 2244 quod
1079 2158 1174 2225 Dom.
1197 2158 1268 2223 Rex
1291 2162 1341 2223 re-

227 2263 398 2349 cuperauit
419 2262 571 2329 seisinam
592 2261 635 2327 de
655 2261 714 2327 illa
733 2260 949 2327 adnocacioue
971 2268 1031 2327 etc
1053 2260 1151 2327 simul
1172 2284 1248 2327 oum
1269 2283 1341 2348 pre-

227 2365 316 2431 dicta
330 2366 454 2453 capella
467 2373 503 2431 et
516 2365 590 2435 aliis
604 2372 665 2431 eto
683 2362 690 2452 Ι
770 2370 775 2375 “

172 2520 179 2536 .
292 2468 451 2535 'Thomas
488 2469 608 2535 Tuscat
644 2468 865 2535 summonitus
901 2469 966 2535 fuit
1002 2467 1045 2534 ad
1081 2467 1340 2555 respondendum
1432 2544 1443 2574 r
1470 2524 1473 2533 .

227 2572 353 2639 Abbati
379 2573 422 2639 de
451 2573 598 2639 Burtona
620 2594 684 2659 qno
705 2572 777 2639 iure
798 2578 1005 2638 communem
1027 2572 1131 2661 exigit
1152 2580 1284 2659 pastura
1305 2573 1342 2638 in

227 2682 315 2741 tens
334 2675 437 2762 ipsius
458 2674 578 2741 Prioris
591 2675 627 2740 in
643 2674 731 2742 Oure
745 2674 873 2741 desicut
887 2674 975 2740 idem
989 2675 1102 2741 Abbas
1116 2676 1241 2742 nullam
1255 2696 1342 2741 oom-

227 2802 362 2849 munam
377 2778 479 2845 habet
492 2778 529 2844 in
543 2786 631 2845 terra
644 2778 748 2865 ipsius
761 2778 885 2845 Thome
900 2786 961 2845 eto
976 2801 1037 2845 neo
1050 2779 1225 2845 seruioium
1240 2787 1300 2845 etc

237 2932 242 2939 -
294 2884 339 2949 Et
352 2883 493 2951 Thomas
506 2883 601 2949 uenit
614 2891 649 2948 et
662 2882 744 2949 dicit
758 2882 846 2970 quod
859 2883 984 2949 nullam
998 2905 1203 2949 communem
1222 2884 1342 2949 clamat

229 2987 265 3057 in
293 2987 400 3065 Oure,‘
420 2996 472 3052 set
499 3010 617 3053 uerum
649 2987 724 3052 uult
752 2985 868 3053 disere.
928 2986 1026 3053 Certe
1055 2986 1160 3052 diuise
1189 2994 1225 3051 et
1252 2995 1347 3052 mete

229 3088 438 3161 confinentur
460 3088 547 3154 inter
569 3095 699 3157 terram,
716 3088 837 3153 Prioris
861 3087 903 3155 de
930 3087 1019 3153 Oura
1041 3094 1076 3155 et
1098 3096 1217 3154 tanam
1238 3088 1343 3174 ipsius

230 3192 357 3259 Thome
385 3191 428 3259 de
457 3190 671 3258 Merkwrthe⁸
699 3200 735 3259 et
763 3192 920 3279 quamdiu
949 3191 1074 3278 placuit
1103 3191 1209 3257 eidem
1239 3191 1343 3258 Priori

231 3298 350 3364 habere
365 3297 503 3363 aesiam‘
517 3297 553 3363 in
573 3306 660 3364 terra
678 3298 782 3384 ipsius
801 3297 925 3365 Thome
947 3297 984 3361 in
1005 3296 1202 3363 Markwrthe
1225 3296 1342 3363 habuit

230 3401 300 3487 ipse
322 3398 462 3465 Thomas
483 3399 620 3465 aesiam³
641 3399 787 3466 interra
809 3399 912 3484 ipsius
933 3398 1053 3465 Prioris
1073 3398 1114 3463 de
1137 3398 1235 3477 Oure,
1256 3406 1292 3464 et
1313 3398 1341 3463 si

231 3502 322 3568 Prior
336 3501 411 3566 uult
425 3500 617 3566 subtrahere
631 3522 666 3566 se
681 3500 750 3587 ipse
764 3500 906 3565 libenter
919 3500 1091 3567 subtrahet
1105 3522 1148 3578 se,
1163 3508 1214 3567 set
1228 3522 1342 3566 reuera

229 3605 272 3674 do
286 3604 427 3692 quadam
441 3602 557 3690 graua⁸
577 3626 641 3691 que
661 3612 798 3670 uocatur
816 3603 878 3669 sio'
897 3626 995 3690 quam
1015 3602 1103 3669 idem
1123 3602 1214 3669 Prior
1232 3604 1341 3689 posuit

230 3709 266 3778 in
294 3708 369 3775 uisu
400 3730 459 3773 suo
488 3707 570 3773 dicit
597 3707 685 3795 quod
713 3707 873 3773 medietas
901 3707 990 3773 illius
1018 3729 1118 3794 graue
1146 3720 1207 3773 sua
1231 3716 1282 3773 est
1306 3716 1346 3773 et,

229 3809 399 3875 hominum
412 3809 595 3882 ‚liberorum
614 3832 747 3876 suorum
767 3819 802 3875 et
821 3810 988 3876 residuum
1008 3818 1059 3875 est
1078 3810 1180 3897 ipsius
1201 3808 1342 3877 Abbatis

229 3920 265 3977 et
293 3911 381 3977 idem
410 3912 524 3978 Abbas
553 3912 661 3979 uoluit
690 3912 856 3979 attrahere
880 3913 944 3979 sibi
966 3921 1071 3979 totam
1093 3935 1228 4001 granam
1250 3914 1341 3979 illam

229 4014 362 4092 iniuste,
383 4022 435 4079 set
456 4014 486 4079 si
508 4014 620 4080 Abbas
644 4016 719 4081 uult
743 4022 856 4082 tenere
879 4038 914 4081 se
937 4015 980 4082 ad
1001 4022 1129 4102 partem
1153 4038 1247 4082 susm
1271 4017 1341 4104 ipse

230 4118 372 4183 Thomas
385 4117 525 4183 libenter
537 4140 573 4183 se
587 4117 715 4185 tenebit
729 4119 772 4186 ad
785 4141 879 4186 suam
893 4119 963 4185 sine
978 4138 1151 4185 commune
1164 4127 1224 4187 etc
1302 4136 1306 4143 ’
1342 4190 1344 4196 ,

264 4263 274 4296 ¹
290 4263 362 4313 Oorr.
375 4269 480 4377 temporo
490 4278 585 4325 puerrc,
600 4262 630 4322 Δ,
642 4264 674 4313 Β.
843 4262 854 4295 ⁴
870 4266 974 4341 terioris
986 4264 1024 4324 A;
1041 4264 1157 4323 Maiam,
1169 4264 1202 4314 B.
1282 4324 1283 4327 Ἴ

264 4327 414 4379 ’ΔΛΜθ
445 4327 626 4387 ;B.m.lld.
843 4329 1037 4391 ‘brumum
1055 4330 1171 4393 habmus,
1185 4330 1216 4381 B.

264 4393 275 4428 ⁸
291 4392 347 4443 Tho
356 4391 445 4455 plsoas
456 4406 525 4444 soom
537 4392 696 4447 bisohworth
708 4393 760 4443 and
843 4395 854 4427 ⁶
869 4394 988 4456 Agrove.
1275 4454 1278 4461 ‚

232 4458 393 4510 Miokloorsr.
843 4460 853 4493 ⁷
870 4466 975 4510 sorano
986 4460 1160 4523 smarnos,
1174 4460 1204 4520 A,
1217 4460 1247 4511 Β.
