3342 5217
496 439 637 502 fimum,
659 440 723 490 eo.
749 427 841 504 1230,
864 441 929 491 me.
955 429 1003 492 14.
1232 431 1296 494 323

194 613 308 681 Postea
330 614 495 702 prouisum
519 621 569 680 est
592 637 699 680 coram
723 614 816 680 Dom
845 615 959 702 Rege¹
983 615 1069 703 quod
1092 617 1182 682 Prior
1209 616 1298 684 diuet

193 719 287 786 eliud
332 721 378 785 Et
408 718 500 784 Prior
528 727 641 806 postea
669 719 750 786 dicio
779 719 867 806 quod
896 742 961 785 non
990 720 1124 786 uidetur
1151 721 1183 786 ei
1211 721 1298 808 quod

192 822 308 890 debeat
328 823 434 888 eidem
455 822 577 889 comiti
598 823 790 910 respondere
805 824 884 909 quie
904 823 992 888 idem
1013 824 1131 891 Comes
1152 824 1298 910 loquitur

194 924 231 990 de
245 924 364 990 seisine
383 932 621 990 antecessorum
641 947 773 990 suorum
794 935 940 1012 tempore
955 926 997 991 Η
1013 926 1115 1014 Regis
1133 928 1190 992 eui
1203 928 1296 992 Dom

194 1027 293 1116 Regis
306 1027 365 1114 qui
379 1050 467 1093 nunc
481 1035 532 1092 est
547 1035 582 1093 et
601 1027 665 1114 ipsi
679 1027 812 1093 fuerunt
832 1029 868 1094 in
885 1028 1004 1095 saisina
1017 1029 1059 1096 de
1077 1029 1191 1096 eadem
1211 1039 1299 1096 terra
1340 1031 1345 1042 '

193 1136 273 1202 bene
295 1158 354 1222 per
374 1157 424 1200 xv.
440 1155 540 1200 annos
559 1142 637 1200 ente
654 1144 792 1200 mortem
812 1135 913 1222 Regis
933 1137 975 1202 Η
991 1137 1048 1201 eui
1062 1137 1119 1223 qui
1133 1137 1197 1201 fuit
1216 1159 1298 1204 auus

193 1238 265 1304 oui¹
279 1238 403 1304 domini
418 1238 518 1326 Regis
533 1237 598 1303 soii
615 1246 691 1303 ente
706 1261 830 1304 annum
851 1248 886 1304 et
900 1239 988 1304 diem
1004 1262 1068 1325 quo
1087 1238 1170 1304 obiit
1187 1247 1222 1305 et
1241 1263 1299 1326 per

192 1349 312 1407 oeream
335 1341 437 1429 ipsius
459 1342 502 1407 H.
525 1341 566 1407 de
588 1340 784 1406 feofemento
805 1365 832 1408 a
856 1365 879 1407 r.
902 1341 955 1406 sui
976 1341 1039 1428 xxj.
1063 1341 1241 1408 oonfectem
1264 1351 1299 1407 et

192 1468 317 1532 semper
331 1452 444 1532 postea
458 1445 592 1510 fuerunt
612 1445 648 1509 in
665 1444 785 1509 seisine
802 1444 844 1509 de
862 1444 976 1510 eedem
999 1453 1086 1510 teme
1107 1445 1177 1510 sine
1198 1445 1298 1511 inter-

193 1551 343 1638 rupeione
369 1559 404 1616 et
425 1550 502 1615 inde
532 1548 654 1616 hebent
683 1549 963 1614 confirmacionem
992 1549 1139 1614 omnium
1168 1550 1317 1638 Regum,

192 1656 461 1744 subsequeneium
484 1655 569 1721 sieut
591 1654 739 1739 superius
760 1655 885 1720 dietum
907 1662 959 1719 est
983 1653 1025 1720 de
1054 1654 1145 1742 Rege
1174 1654 1210 1719 in
1234 1655 1299 1720 Re

192 1785 264 1850 gem
288 1785 390 1849 usque
412 1784 498 1826 nunc
520 1762 569 1827 ita
588 1761 676 1848 quod
697 1783 865 1847 uunquam
885 1761 1018 1824 fuerunt
1035 1769 1128 1825 extra
1148 1759 1299 1826 seisinem

192 1875 263 1952 poet
289 1866 431 1952 primum
458 1865 690 1930 feofemeutum
717 1873 752 1930 et
779 1864 906 1929 deeieut
931 1862 1054 1929 hebent
1080 1872 1203 1929 certem
1228 1886 1299 1950 pre·

191 1969 270 2034 dieti
301 1969 343 2034 H.
374 1968 474 2056 Regis
504 1991 587 2034 auus
612 1969 691 2034 euui
716 1969 809 2034 Dom.
841 1968 942 2056 Regis
969 1968 1011 2033 de
1040 1968 1235 2033 feofamento
1265 1976 1300 2033 et

194 2075 269 2162 per⁸
299 2084 405 2142 certas
434 2075 571 2140 eliorum
600 2075 728 2162 Regum
758 2073 1029 2160 subsequeneium
1058 2072 1100 2138 de
1132 2073 1300 2138 confirme-

192 2179 281 2245 eione
303 2202 368 2245 non
389 2180 464 2244 uult
484 2201 581 2265 super
600 2187 705 2244 certes
724 2177 797 2243 illes
818 2176 1010 2263 respondere
1031 2176 1096 2242 nisi
1116 2176 1206 2242 curie
1226 2199 1301 2242 con·

191 2283 390 2361 eidemuerit,
409 2291 443 2348 et
465 2283 492 2348 si
514 2283 604 2348 curia
625 2280 878 2348 oonsidereuerit
900 2278 987 2365 quod
1008 2279 1150 2344 debeant
1170 2303 1299 2367 respon·

191 2388 265 2454 dere
292 2411 390 2474 super
418 2397 522 2456 certus
554 2389 627 2454 illue
663 2387 733 2453 eine
763 2387 861 2451 Dom.
890 2386 982 2473 Rege
1017 2384 1106 2450 dicet
1141 2385 1230 2451 eliud
1267 2394 1302 2450 et

191 2491 384 2558 monstrabit
413 2493 610 2558 sufficienter
639 2491 725 2577 quod
755 2489 872 2556 Comes
901 2488 1000 2554 nichil
1030 2488 1110 2554 iuris
1139 2488 1239 2554 hebet
1265 2489 1301 2554 in

190 2597 303 2664 eedem
319 2605 412 2662 terre

254 2703 299 2767 Et
315 2701 432 2768 Comes
453 2724 514 2788 per
533 2709 734 2767 automatum
755 2724 852 2765 suum
872 2699 966 2764 uenit
983 2706 1018 2764 et
1032 2698 1112 2764 dicit
1127 2697 1213 2785 quod
1232 2699 1302 2786 ipse

190 2805 335 2892 loquitur
364 2805 405 2870 de
436 2805 554 2870 seisine
574 2803 706 2882 Reuulfi
728 2805 784 2869 eui
809 2804 861 2868 sui
883 2805 941 2889 qui
966 2812 1040 2890 post
1068 2804 1301 2869 feofamentum

189 2910 271 2976 illud
299 2909 362 2975 fuit
385 2909 420 2974 in
442 2910 560 2975 seieine
581 2909 622 2974 de
645 2907 759 2974 eedem
789 2917 823 2973 et
847 2909 909 2973 hoe
938 2908 1023 2994 petit
1052 2931 1111 2995 per
1138 2909 1238 2974 breue
1268 2917 1302 2974 et

189 3037 247 3100 per
261 3013 332 3081 σου*
346 3021 381 3078 et
396 3013 456 3078 hoe
471 3013 566 3078 offert
580 3011 795 3078 disreeionere
810 3033 869 3098 per
883 3034 999 3098 corpus
1019 3012 1187 3077 cuiusdam
1207 3013 1301 3077 liberi

190 3115 331 3180 hominis
344 3115 397 3180 sui
411 3114 550 3180 Gulfridi
565 3114 694 3180 nomine
710 3121 744 3178 et
759 3114 787 3178 ei
802 3113 862 3179 hoo
877 3136 943 3179 non
956 3114 1077 3179 sufficit
1097 3115 1191 3180 offert
1205 3114 1299 3182 Dom.

189 3221 275 3309 Regi
295 3243 369 3285 xxx.
385 3241 479 3285 mmo.
496 3241 554 3306 pro
575 3218 725 3285 habende
746 3217 959 3305 inquisicione
981 3226 1016 3283 et
1037 3218 1123 3305 petit
1144 3217 1301 3284 iudicium

189 3325 318 3391 desicut
334 3325 426 3390 Prior
440 3347 504 3390 non
521 3325 594 3389 uult
608 3324 698 3389 eliud
713 3322 913 3410 respondere.

256 3431 301 3496 Ee
313 3430 405 3496 Prior
417 3429 498 3496 dicit
513 3430 599 3516 quod
614 3429 757 3495 ostendit
772 3430 1004 3494 feoiiementum
1018 3451 1115 3494 suum
1129 3437 1164 3494 et
1179 3437 1300 3495 comem

190 3536 232 3601 H.
249 3533 350 3622 Regis
369 3533 456 3600 uenis
473 3541 508 3598 et
525 3541 631 3598 certes
652 3533 788 3598 eliorum
803 3534 932 3618 Regum
952 3533 1222 3620 subsequencium
1236 3557 1300 3620 que

189 3647 356 3705 testentur
372 3639 494 3704 donum
515 3638 598 3704 illud
620 3647 654 3704 et
674 3639 789 3705 Comes
805 3637 907 3703 nichil
925 3637 1069 3704 ostendit
1083 3638 1169 3725 quod
1189 3647 1302 3725 postea

189 3743 330 3809 seofetue
356 3750 442 3808 esset
462 3741 539 3808 inde
569 3741 655 3808 unde
677 3741 810 3808 uidetur
831 3741 918 3827 quod
947 3741 1026 3807 setis
1047 3742 1220 3828 respondet
1243 3765 1300 3829 pro

187 3871 223 3914 se
249 3856 286 3914 eb
309 3847 403 3913 Dom.
427 3848 517 3934 Rege
540 3846 597 3932 qui
618 3845 718 3913 debet
748 3846 778 3910 ei
801 3845 1008 3910 warentizare
1037 3845 1066 3910 si
1088 3867 1186 3910 ausus
1214 3855 1301 3911 esset

186 3953 283 4019 illum
298 3973 413 4018 uocare
428 3951 470 4016 ad
485 3958 663 4016 warantum
683 3949 768 4014 sicut
786 3949 887 4015 elium
907 3949 1092 4014 hominem⁶
1107 3958 1142 4014 et
1164 3949 1192 4015 si
1210 3951 1301 4016 eun'o

185 4057 443 4125 eoneidereuerit
469 4056 555 4143 quod
580 4055 699 4122 debeat
724 4055 793 4120 sine
819 4056 913 4121 Dom.
936 4055 1028 4143 Rege
1055 4053 1144 4120 uliud
1170 4069 1310 4142 respom

219 4295 230 4330 ¹
250 4296 343 4346 Geram
353 4296 451 4346 domino
465 4295 532 4357 Reae
543 4295 567 4344 ie
583 4293 721 4346 interlined
803 4294 815 4328 ⁸
832 4294 891 4345 Om
898 4310 954 4358 per.

184 4377 223 4413 on
254 4361 300 4411 the
321 4360 380 4420 rou,
405 4360 459 4412 and
485 4359 598 4425 perhaps
610 4418 613 4425 ,
626 4359 721 4412 should
804 4360 816 4394 ⁴
831 4361 904 4411 Gerr.
917 4375 964 4424 per
980 4375 1015 4422 ot,
1033 4360 1082 4411 but
1096 4360 1127 4410 in
1142 4361 1166 4410 A
1181 4360 1237 4412 eleo
1254 4360 1299 4412 the

183 4427 277 4480 follow
286 4427 360 4477 dieat
370 4427 452 4476 aliud.
771 4424 1077 4478 wordseemetobeeon.

220 4491 305 4556 'sie
318 4492 354 4551 Δ;
371 4490 698 4556 butHenryI.iumeent.
803 4491 879 4544 'See
889 4492 935 4545 Bt.
947 4491 1035 4542 8821).

1106 4595 1214 4657 21-2
