3342 5217
376 443 437 506 146
688 455 823 516 nisum,
847 457 912 504 sn.
937 441 1028 518 1222,
1052 456 1115 506 nn
1139 446 1168 506 6.

373 624 408 690 in
429 624 588 689 dominico
616 630 759 709 tempore
783 623 825 687 H„
850 622 950 710 Regis
975 623 1031 688 oui
1054 623 1177 689 domini
1199 625 1299 713 Regis
1320 628 1478 714 capiendo

373 728 449 794 inde
464 728 594 814 expleta
607 726 649 791 ad
664 725 845 791 uelenciam
859 749 888 790 x„
904 726 959 790 sol.
975 725 1065 790 etde
1080 727 1151 811 ipsa
1173 727 1289 792 Emma
1310 729 1478 796 descondit

373 830 425 896 ius
446 839 530 895 terre
552 829 640 894 illius
653 827 817 892 Willelmo
838 827 879 892 de
894 828 1097 892 Mentemoro
1111 828 1178 893 filio
1193 839 1227 894 et
1242 831 1355 896 heredi
1368 854 1428 898 suo
1441 842 1478 897 et

373 935 413 1000 de
428 935 497 1021 ipso
512 934 676 998 Willelmo
691 939 749 996 etc.
764 931 827 1017 ipsi
848 931 1002 996 Mutillidi
1021 940 1061 995 ut
1082 932 1148 996 filie
1170 941 1205 996 et
1226 933 1339 998 heredi
1360 957 1427 1012 sue,
1441 945 1478 1000 et

373 1038 459 1125 quod
481 1039 552 1125 ipse
574 1039 691 1102 Emms
713 1035 777 1100 fuit
801 1035 877 1099 inde
900 1035 1011 1099 scisita
1035 1043 1070 1099 et
1089 1036 1177 1122 quod
1199 1037 1250 1101 ius
1275 1045 1361 1102 terre
1386 1039 1477 1103 illius

372 1141 512 1207 debebat
544 1139 735 1208 descendere
771 1139 877 1204 eidem
906 1137 1062 1202 Metillidi
1097 1139 1182 1203 sicut
1213 1141 1396 1225 predictum
1425 1150 1476 1206 est

373 1245 466 1310 offert
495 1244 630 1330 probare
659 1264 772 1308 uersus
801 1264 876 1306 eum
906 1241 990 1306 sicut
1019 1241 1109 1306 curis
1138 1243 1389 1309 considerauerit
1418 1267 1476 1331 pcr

372 1371 487 1436 corpus
508 1347 675 1413 cuiusdam
697 1345 791 1410 liberi
813 1344 954 1409 hominis
974 1345 1026 1409 sui
1048 1345 1199 1410 Nicholei
1219 1347 1277 1433 qui
1298 1348 1359 1412 hoc
1381 1349 1476 1413 offert

371 1453 506 1539 probare
521 1474 579 1538 per
593 1473 707 1536 corpus
724 1471 819 1514 suum
835 1448 919 1512 sicut
933 1448 1023 1513 curie
1036 1449 1287 1515 considersuerit
1301 1458 1363 1516 etc.

438 1557 481 1620 Et
496 1554 658 1620 Heuricus
673 1552 766 1617 uenit
781 1559 816 1615 ct
830 1550 977 1615 defendit
990 1551 1042 1616 ius
1056 1574 1152 1616 suum
1164 1561 1199 1618 et
1207 1553 1358 1617 seisinsm
1373 1552 1476 1638 ipsius

372 1659 486 1724 Emme
502 1667 536 1723 et
555 1665 662 1722 totum
683 1656 723 1720 de
746 1655 846 1720 uerbo
867 1654 909 1719 ad
932 1654 1069 1720 uerbum
1090 1677 1149 1741 per
1171 1677 1285 1740 corpus
1306 1655 1474 1720 cuiusdam

370 1763 463 1829 liberi
482 1763 486 1847 Ι
507 1760 646 1827 hominis
674 1759 804 1824 nomine
834 1758 982 1824 Godwini
1012 1759 1069 1844 qui
1094 1758 1155 1823 hoc
1180 1759 1274 1824 offert
1302 1758 1474 1824 defendere

369 1889 427 1953 per
441 1889 555 1952 corpus
570 1887 665 1930 suum
681 1864 765 1929 sicut
779 1863 869 1928 curio
883 1862 1140 1927 considerauen't

436 1972 480 2036 Et
496 1970 656 2035 Henricus
671 1969 711 2033 de
727 1967 896 2032 Nsffordia
909 1989 967 2053 pro
987 1990 1021 2032 se
1042 1975 1076 2032 ct
1098 1967 1259 2032 Matillidc
1282 1990 1381 2033 uxore
1404 1969 1474 2034 eius

372 2075 465 2140 cuius
485 2075 554 2140 loco
574 2073 706 2160 ponitur
725 2072 818 2136 uenit
833 2080 868 2136 ct
883 2071 1062 2156 dicitquod
1077 2072 1146 2158 ipse
1161 2094 1225 2136 non
1247 2071 1346 2137 debet
1367 2071 1473 2137 eidem

373 2177 508 2263 Hugoni
523 2185 641 2241 tenum
657 2176 747 2240 illem
762 2174 968 2240 warentizcre
984 2174 1061 2260 quis
1079 2175 1251 2260 aliquando
1266 2175 1302 2238 in
1315 2175 1474 2239 comitatu

371 2277 412 2343 de
427 2279 619 2344 Bedefordio
633 2279 697 2342 fuit
711 2278 869 2363 placitum
888 2277 976 2341 inter
996 2277 1103 2362 ipsum
1126 2277 1305 2342 Henricum
1327 2279 1368 2343 de
1391 2279 1473 2343 Naf-

370 2383 472 2448 fordia
504 2391 539 2448 et
568 2382 762 2448 Motillidem
800 2403 933 2445 uxorem
966 2380 1036 2446 eius
1065 2389 1215 2467 petentes
1244 2390 1280 2446 et
1309 2380 1473 2469 quendem

370 2485 545 2551 Ricardum
567 2485 607 2550 de
630 2484 802 2550 Glanwills
823 2491 991 2549 tenentem
1013 2484 1054 2549 de
1074 2485 1145 2571 ipse
1159 2493 1193 2548 et
1208 2484 1322 2549 codem
1337 2492 1424 2549 term
1437 2485 1474 2550 in

370 2590 450 2655 uilla
479 2590 519 2654 de
547 2589 667 2675 Aspele
692 2589 740 2654 ita
766 2588 853 2674 quod
879 2589 949 2674 ipse
973 2588 1130 2653 Ricardus
1152 2589 1341 2675 recognouit
1366 2589 1472 2654 eidem

371 2693 513 2758 Henrico
539 2701 658 2758 terrum
684 2691 788 2758 illsm¹
815 2715 883 2757 esse
907 2692 959 2756 ius
982 2691 1084 2777 ipsius
1108 2692 1243 2757 Henrici
1267 2702 1302 2757 et
1326 2693 1358 2758 ei
1382 2694 1472 2758 illem
1534 2757 1541 2769 ,

370 2796 495 2862 remisit
510 2803 569 2863 etc.
585 2804 619 2860 et
638 2795 714 2860 inde
734 2795 828 2859 offert
843 2817 961 2880 ponere
977 2817 1011 2859 se
1026 2817 1123 2881 super
1135 2796 1284 2881 patriam.
1321 2797 1474 2861 Preterea

370 2899 451 2965 dicit
479 2900 565 2986 quod
594 2900 683 2964 nullo
712 2899 807 2963 modo
837 2898 934 2963 debet
963 2899 1125 2964 Henricus
1153 2922 1222 2965 esse
1251 2900 1346 2965 heres
1369 2899 1474 2985 ipsius

369 3005 500 3070 Ricsrdi
510 3005 551 3070 dc
563 3004 727 3070 Glonuilla
738 3003 815 3090 quis
825 3003 888 3068 iste
903 3004 1065 3069 Henricus
1079 3006 1170 3070 nulle
1183 3005 1342 3071 affinitate
1356 3028 1472 3092 poren-

370 3109 435 3174 telc
457 3109 593 3197 attingit
614 3108 721 3194 ipsum
743 3107 918 3172 Ricardum
936 3115 971 3171 et
986 3107 1112 3171 nullum
1127 3107 1307 3195 ingressum
1322 3110 1422 3174 habet
1437 3110 1472 3174 in

370 3219 489 3277 terram
511 3211 600 3276 illum
623 3210 686 3276 nisi
707 3233 765 3296 per
785 3211 998 3275 intrusionem
1019 3232 1134 3295 guerre
1157 3219 1191 3275 et
1211 3211 1271 3277 hoc
1285 3220 1379 3298 patet
1393 3213 1474 3299 quia

329 3385 331 3390 ,
370 3338 475 3402 neque
489 3315 558 3402 ipse
574 3339 678 3403 neque
694 3315 856 3381 Henricue
870 3317 1003 3379 fuerunt
1017 3314 1093 3379 inde
1107 3315 1211 3381 scisiti
1224 3316 1288 3380 nisi
1298 3340 1357 3403 per
1366 3319 1471 3404 ipsam

369 3441 519 3506 guonem
548 3429 607 3486 etc.
635 3429 670 3486 et
698 3420 783 3506 petit
812 3418 969 3484 iudicium
995 3419 1023 3482 si
1047 3426 1180 3504 prepter
1207 3420 1307 3485 telem
1336 3421 1471 3487 modum
1546 3441 1549 3446 ·

369 3523 541 3609 guerancie
564 3525 681 3589 debeat
703 3523 754 3588 ius
774 3545 870 3588 suum
885 3522 1043 3587 amittere.
1089 3523 1133 3586 Et
1147 3530 1295 3608 preterea
1309 3525 1394 3610 petit
1408 3526 1472 3591 sibi

370 3626 498 3691 slloccn'
527 3626 613 3713 quod
642 3627 711 3712 ipse
740 3627 864 3692 nullem
893 3635 1016 3691 certem
1041 3627 1162 3712 profert
1187 3650 1255 3713 per·
1273 3651 1372 3715 quom
1400 3629 1472 3716 ipse

371 3729 533 3794 Henricus
554 3729 672 3796 debeat
692 3730 797 3796 cidem
813 3730 948 3817 Hugoni
962 3729 1167 3794 warentizsre
1183 3740 1217 3794 et
1231 3731 1326 3795 offert
1340 3731 1472 3799 domino
1533 3789 1539 3800 .

371 3833 454 3918 Regi
466 3833 491 3919 j.
507 3855 548 3898 m.
563 3855 621 3919 pro
641 3833 686 3898 sic
708 3832 794 3919 quod
816 3833 999 3918 inquiretur
1020 3841 1132 3898 utrum
1153 3835 1223 3919 ipse
1245 3836 1345 3922 Hugo
1368 3837 1472 3903 ulium

370 3935 549 4020 ingressum
571 3936 691 4001 habeat
710 3936 745 4002 in
764 3946 885 4001 tenum
899 3935 989 4000 illam
1003 3936 1066 4000 nisi
1080 3958 1138 4022 por
1151 3958 1301 4022 guerram
1316 3945 1351 4002 et
1365 3938 1471 4004 intru-

369 4039 491 4104 sionem
506 4039 607 4124 ipsius
620 4062 735 4126 guerre
747 4049 806 4106 eto.
841 4041 885 4105 Et
897 4040 1059 4104 Hernicus
1070 4040 1110 4105 de
1122 4039 1287 4105 Glanuills
1300 4064 1358 4127 per
1369 4052 1472 4109 ottor-

369 4151 484 4206 notum
506 4163 600 4206 suum
622 4142 703 4208 dicit
723 4143 809 4229 quod
823 4143 892 4230 ipse
908 4154 958 4208 cst
973 4143 1065 4208 heres
1080 4141 1217 4229 predicti
1231 4143 1361 4208 Ricardi
1382 4153 1417 4209 et
1431 4155 1472 4211 ut

369 4268 468 4331 nepos
482 4254 516 4309 et
531 4245 623 4310 heres
637 4267 714 4310 suus
728 4247 837 4332 posuit
851 4268 885 4310 se
900 4247 935 4310 in
950 4246 1164 4310 hereditatem
1180 4267 1272 4310 suem
1286 4254 1321 4310 et
1332 4267 1396 4310 non
1411 4270 1473 4333 per

367 4349 586 4414 intrusionem.
624 4348 702 4412 Post
716 4350 808 4414 uenit
824 4350 985 4414 Henricus
1000 4350 1041 4415 de
1056 4349 1225 4414 Naffordia
1239 4358 1273 4414 et
1288 4348 1368 4414 dicit
1384 4352 1471 4436 quod

530 4477 539 4508 ¹
556 4478 699 4538 recognovit
710 4475 762 4528 and
775 4480 957 4535 terramillam,
968 4479 1107 4528 interlinsd
1118 4479 1150 4540 by
1161 4479 1308 4528 annotator.
