3342 5217
212 1053 268 1092 Nota
275 1053 346 1091 utrum

212 1103 274 1138 natus
310 1103 330 1138 tc

212 1147 315 1195 sponsalia
323 1149 358 1188 uel

211 1197 258 1242 post
268 1194 317 1241 quis

213 1251 313 1289 prognen!

211 1291 265 1326 anta

215 2187 268 2226 Item
277 2185 333 2236 quod

215 2239 261 2282 post
270 2237 291 2272 et
299 2233 355 2281 quod

215 2285 275 2328 pater
283 2280 356 2318 habuit

214 2337 262 2366 cum
267 2337 306 2375 prc
314 2327 362 2367 fllia.

372 453 433 515 184
681 467 821 529 nrnnar,
843 465 909 517 an.
934 455 1027 528 1224,
1049 467 1111 516 aa
1135 457 1164 517 8.

371 635 457 723 qnod
477 637 642 723 predictus
663 639 877 724 Herlewynus
899 637 940 702 de
959 638 1052 703 cuius
1072 638 1190 703 seisina
1212 639 1311 726 Hogo
1335 639 1478 726 loquitur

373 739 436 803 fuit
460 762 543 804 auus
572 761 649 803 suus
679 748 713 803 et
742 739 830 804 idem
861 741 1069 805 Hermannus
1092 741 1156 806 fuit
1179 740 1267 805 filius
1290 741 1480 827 Herlewyni

374 852 408 907 et
429 843 522 908 heres
544 865 630 918 suus,
652 852 702 908 set
724 866 839 909 reuera
859 844 942 908 bene
964 845 1127 931 cognoscit
1150 844 1237 930 quod
1259 845 1329 930 ipse
1350 854 1386 910 et
1407 867 1479 932 pre·

374 947 480 1011 dictus
510 948 682 1034 Aylmarus
711 949 844 1013 fuerunt
870 949 985 1012 fratres
1014 958 1048 1013 et
1077 949 1138 1013 filii
1161 948 1258 1013 unius
1281 949 1404 1026 matris,
1426 959 1478 1014 set

282 1111 309 1138 m
373 1048 460 1114 idem
479 1050 652 1135 Aylmarus
671 1073 735 1115 non
756 1051 819 1115 fuit
837 1051 923 1115 filius
942 1052 1137 1138 Herlewyni,
1152 1053 1231 1137 quia
1250 1052 1357 1116 Edina
1373 1061 1479 1116 mater

374 1153 518 1218 eiusdem
548 1153 728 1218 Hermanni
759 1154 948 1240 priusquam
977 1163 1062 1219 esset
1098 1155 1293 1240 desponsata
1331 1154 1478 1240 predicto

375 1253 567 1340 Herlewyno
597 1254 689 1318 uenit
717 1277 878 1341 pregnans
907 1255 948 1319 de
978 1255 1047 1341 ipso
1076 1256 1231 1341 Aylmaro
1260 1257 1296 1320 in
1326 1255 1407 1320 uilla
1436 1255 1478 1321 de

374 1359 619 1424 Wathamstcde
635 1369 670 1425 et
684 1369 781 1425 natus
796 1361 859 1425 fuit
878 1361 966 1425 idem
980 1361 1154 1446 Aylmarus
1169 1371 1346 1448 antequam
1362 1363 1479 1427 Herle-

376 1487 488 1550 wynus
503 1465 726 1550 desponsasset
746 1465 883 1530 eandem
898 1465 1047 1543 Edinam
1061 1475 1096 1530 et
1115 1476 1229 1552 postea
1249 1490 1322 1532 eam
1342 1467 1478 1552 despon-

373 1567 459 1631 sauit
481 1574 516 1632 et
538 1567 653 1632 habuit
675 1567 716 1632 de
738 1568 795 1632 illa
816 1568 924 1654 ipsum
946 1569 1173 1633 Hermannum
1195 1577 1230 1634 ct
1252 1569 1341 1655 quod
1366 1571 1415 1635 ita
1435 1571 1479 1635 sit

373 1670 465 1755 ponit
480 1692 513 1734 se
529 1693 626 1755 super
639 1670 786 1755 patriam.

439 1775 484 1838 Et
513 1774 612 1859 Hugo
642 1773 721 1837 dicit
751 1771 838 1858 quod
863 1772 1038 1859 Aylmarus
1065 1784 1159 1860 pater
1188 1797 1267 1839 suus
1297 1775 1362 1840 fuit
1391 1775 1480 1840 filius

374 1876 511 1963 predicti
526 1877 704 1941 Herlewini
718 1885 753 1941 et
767 1877 808 1941 de
823 1877 894 1962 ipsa
909 1878 1016 1942 Edina
1030 1887 1064 1942 at
1083 1879 1321 1964 primogenitus
1339 1888 1374 1943 et
1392 1889 1480 1965 post·

375 2003 472 2066 quam
502 1980 707 2045 Herlewinus
736 1979 945 2064 desponsauit
975 1980 1113 2044 Edinam
1136 1980 1316 2065 predictam
1345 1981 1480 2046 atinde

376 2084 469 2169 ponit
498 2105 532 2148 se
562 2105 659 2168 super
687 2083 826 2147 iuratam
851 2092 886 2147 et
915 2083 1124 2149 Hermannus
1152 2085 1303 2150 similiter
1331 2094 1366 2150 et
1395 2085 1481 2150 Her·

376 2210 513 2252 mannus
542 2187 688 2251 concedit
715 2187 814 2272 quod¹
837 2187 946 2252 iurata
966 2188 1054 2253 dicat
1076 2190 1162 2275 quod
1184 2191 1359 2276 Aylmarus
1383 2198 1481 2254 natus

377 2290 439 2354 fuit
468 2298 638 2375 postquam
668 2289 873 2354 Herlewinus
902 2289 1113 2376 desponsauit
1144 2293 1282 2358 Edinam
1312 2293 1361 2358 ita
1395 2292 1481 2378 quod

376 2389 589 2475 Herlewynus
604 2411 679 2452 eum
700 2388 816 2454 habuit
837 2411 895 2474 pro
910 2389 986 2467 filio,
1003 2400 1082 2455 tunc
1100 2391 1221 2456 habeat
1240 2392 1340 2479 Hugo
1361 2401 1481 2456 terram

377 2493 466 2557 illam
493 2501 531 2557 ut
552 2501 659 2557 rectus
681 2492 773 2557 heres
800 2493 986 2558 Herlewini
1033 2493 1077 2557 Et
1100 2494 1174 2559 ideo
1195 2495 1254 2560 fiat
1276 2495 1352 2560 inde
1374 2495 1483 2559 iurata

378 2605 411 2660 et
426 2595 538 2659 ueniat
552 2617 573 2659 a
586 2595 639 2659 die
655 2595 775 2660 Pascha
790 2594 825 2659 in
841 2603 907 2660 tres
918 2596 1116 2681 septimanas
1130 2596 1172 2661 ad
1187 2599 1480 2684 recognoscendum

377 2701 404 2765 si
433 2700 597 2786 predictus
625 2700 799 2784 Aylmarus
827 2708 923 2787 pater
951 2701 1089 2784 predicti
1120 2701 1270 2787 Hugonis
1294 2709 1391 2766 natus
1416 2701 1481 2765 fuit

377 2815 547 2893 postquam
563 2805 767 2870 Herlewinus
785 2804 996 2890 desponsauit
1019 2805 1158 2870 Edinam
1176 2814 1314 2870 matrem
1334 2805 1480 2870 eiusdem

378 2908 524 2994 Aylmari
538 2908 623 2972 sicut
637 2908 724 2972 idem
745 2909 846 2994 Hugo
860 2907 949 2984 dicit,
964 2908 1017 2971 uel
1039 2907 1067 2971 si
1085 2908 1173 2973 idem
1189 2909 1363 2994 Aylmarus
1383 2915 1481 2972 natus

378 3011 441 3075 fuit
456 3019 630 3096 antequam
647 3018 704 3074 etc.
721 3010 805 3074 sicut
824 3010 911 3074 idem
932 3010 1141 3075 Hermannus
1161 3009 1249 3077 dicit.
1294 3008 1397 3074 Item'
1410 3009 1481 3074 dies

378 3116 474 3180 datus
489 3124 538 3180 est
552 3115 705 3201 partibus.

442 3219 595 3283 Warinus
609 3218 758 3282 Boistard
776 3219 862 3303 petit
885 3241 997 3282 uersus
1012 3217 1214 3282 Willclmum
1232 3217 1337 3281 filium
1355 3216 1481 3282 Leticie

286 3348 328 3376 rs
378 3324 422 3389 de
453 3323 703 3390 Cheueleswelle
733 3323 819 3408 quod
843 3322 1001 3386 deliberet
1031 3323 1062 3386 θί
1086 3322 1220 3386 terciam
1244 3329 1371 3406 partem
1400 3322 1481 3386 uille

378 3429 418 3492 de
436 3426 685 3494 Cheueleswelle
701 3449 798 3512 quam
814 3426 977 3490 Henricus
991 3425 1032 3490 de
1048 3423 1213 3490 Scaccario
1227 3430 1321 3488 tenet
1338 3432 1373 3488 et
1393 3423 1480 3489 idem

378 3533 561 3597 Willelmus
575 3530 730 3595 concessit
745 3529 835 3614 prius
850 3528 955 3593 eidem
971 3527 1103 3591 Warino
1118 3549 1176 3612 per
1197 3535 1320 3590 cartam
1338 3535 1482 3592 suamet

379 3637 465 3701 unde
487 3634 574 3699 idem
592 3633 774 3698 Willelmus
794 3632 916 3717 recepit
935 3632 977 3697 ab
998 3631 1112 3696 eodem
1130 3629 1263 3694 Warino
1281 3629 1481 3695 escambium

379 3737 419 3801 de
435 3735 580 3822 predicta
594 3735 694 3798 tercia
708 3742 800 3819 parte
815 3734 851 3797 in
868 3732 1055 3798 Garefordia
1068 3741 1107 3797 ut
1121 3732 1208 3797 idem
1223 3732 1377 3797 Warinus
1391 3732 1481 3810 dicit,

380 3841 432 3904 uel
455 3839 541 3926 qnod
562 3839 677 3903 reddat
699 3838 804 3904 eidem
820 3839 952 3902 Warino
974 3848 1093 3902 terram
1113 3837 1148 3901 in
1169 3837 1359 3902 Garefcrdia
1382 3859 1481 3923 quam

379 3945 466 4009 idem
489 3944 672 4008 Willclmus
701 3943 823 4028 recepit
852 3943 887 4006 in
911 3942 1108 4007 escambium
1131 3963 1189 4028 pro
1212 3940 1358 4026 predicta
1380 3941 1483 4006 tercia

381 4059 479 4133 parte.

447 4153 491 4217 Et
505 4151 795 4216 Willelmusuenit
810 4159 845 4216 et
865 4152 899 4215 in
916 4151 1021 4237 primo
1039 4149 1201 4236 cognoscit
1219 4148 1305 4234 quod
1325 4151 1482 4215 concessit

383 4255 472 4342 prius
488 4255 622 4320 eandem
638 4255 771 4319 terciam
787 4263 913 4340 partem
928 4254 1072 4340 predicte
1088 4252 1165 4317 uille
1181 4251 1286 4316 eidem
1300 4252 1433 4316 Warino
1448 4263 1482 4317 et

380 4361 465 4446 quod
489 4358 610 4445 recepit
637 4359 833 4424 escambium
864 4359 905 4424 ab
936 4358 1048 4424 eodem
1072 4356 1205 4421 Warino
1228 4356 1263 4420 in
1295 4356 1483 4422 Garefordia

625 4481 634 4512 ¹
653 4480 749 4544 Supply
759 4483 790 4531 ai.
1053 4477 1063 4510 ²
1080 4477 1150 4527 corr.
1162 4478 1235 4526 idem
