3342 5217
410 448 540 498 nisrsn
562 446 636 495 iun
658 444 810 506 narium,
833 442 898 492 nn.
923 432 1018 506 1219,
1039 442 1103 493 aa
1129 430 1159 495 3.
1302 432 1344 493 15

235 616 424 683 tholoneum
440 617 526 703 quod
541 624 742 703 parauerunt
756 614 879 681 scilicet
894 615 981 701 xviij.
994 638 1019 681 s.
1028 614 1086 701 iiij.
1098 614 1128 680 d
1140 636 1199 701 per
1212 636 1347 679 manum

235 720 387 807 Hugonis
403 720 464 785 filii
483 720 640 785 Leofwini
662 719 718 806 qui
740 719 812 784 illos
834 718 881 783 eis
903 718 1045 784 reddidit
1067 727 1102 784 et
1124 720 1184 783 hoo
1206 720 1347 784 offerunt

235 826 372 909 probare
387 834 448 889 etc

303 926 346 990 Et
361 926 501 990 Thomas
517 926 547 991 le
562 925 702 991 Paumer
716 926 819 989 maior
833 923 970 989 Eboraci
987 933 1023 989 et
1037 924 1144 989 Adam
1164 923 1349 1010 prepositus

234 1036 271 1095 et
285 1028 401 1094 balliui
416 1030 551 1094 Eboraci
567 1036 729 1093 uenerunt
743 1036 779 1093 et
794 1028 974 1093 defendunt
993 1028 1062 1093 uim
1083 1036 1119 1093 et
1137 1028 1290 1093 iniuriam
1311 1038 1347 1093 et

235 1133 351 1198 dicunt
380 1133 466 1219 quod
495 1142 583 1227 carte
612 1132 757 1218 predicte
786 1154 852 1196 non
881 1131 1003 1197 debent
1035 1131 1083 1196 eis
1119 1155 1233 1197 nocere
1270 1131 1349 1219 quia

235 1247 413 1324 antequam
442 1248 530 1303 carte
559 1238 614 1303 ille
645 1240 730 1303 facte
767 1246 876 1301 essent
912 1245 948 1301 et
983 1245 1159 1323 antequam
1189 1237 1270 1301 uilla
1305 1235 1347 1301 de

237 1341 461 1428 Scardeburgo
484 1340 621 1405 fundata
645 1348 740 1417 esset,
763 1340 827 1404 fuit
850 1340 932 1404 uilla
956 1339 998 1404 de
1025 1340 1168 1405 Eboraco
1197 1340 1348 1426 capitalis

236 1443 353 1508 ciuitas
371 1444 494 1508 domini
514 1443 623 1530 Regis,
638 1450 672 1508 et
692 1442 809 1507 habuit
831 1442 1000 1507 libertates
1022 1466 1081 1528 per
1102 1451 1225 1508 cartam
1247 1444 1349 1531 Regis

238 1548 373 1613 Henrici
387 1548 490 1633 patris
505 1548 605 1634 Regis
619 1548 642 1611 J
642 1547 779 1612 ohannis
793 1568 892 1633 quam
906 1548 1075 1632 profemnt
1085 1556 1121 1612 et
1131 1570 1196 1634 que
1207 1556 1350 1613 testatur

237 1650 324 1736 quod
346 1650 502 1717 concessit
523 1650 650 1715 ciuibus
671 1650 738 1714 suis
760 1649 800 1714 de
824 1649 967 1713 Eboraco
988 1672 1100 1715 omnes
1121 1649 1290 1715 libertates
1311 1659 1347 1715 et

237 1752 327 1839 leges
355 1760 391 1817 et
419 1752 669 1817 eonsuetudines
698 1772 772 1816 suas
802 1758 836 1815 et
865 1750 1059 1815 nominatim
1093 1752 1226 1838 gyldsm
1255 1775 1347 1819 suam

237 1854 462 1919 mercatoriam
491 1862 526 1919 et
554 1854 672 1919 hansas
701 1876 775 1919 suas
803 1852 840 1917 in
868 1852 991 1940 Anglia
1019 1861 1054 1917 et
1083 1853 1285 1919 Normannia
1313 1863 1348 1919 et

238 1958 376 2045 lest-agia
405 1980 464 2023 sua
493 1956 606 2043 quieta
634 1956 719 2023 sieut
748 1978 788 2021 ea
816 1978 973 2042 umquam
1002 1956 1120 2021 melius
1148 1966 1184 2021 et
1215 1958 1349 2023 liberius

238 2062 424 2127 habuerimt
446 2070 591 2147 tempore
614 2062 714 2148 Regis
737 2060 874 2126 Henrici
895 2061 951 2125 aui
973 2059 1073 2149 Regis
1093 2061 1229 2127 Henrioi
1246 2062 1350 2148 patris

238 2164 339 2252 Regis
375 2165 543 2229 Johannis.
601 2164 773 2229 Proferunt
802 2163 905 2229 eciam
934 2172 1058 2229 cartam
1087 2164 1188 2252 Regis
1217 2166 1349 2231 Ricardi

238 2269 407 2333 libertates
421 2268 493 2333 illas
507 2277 543 2333 et
558 2268 808 2333 eonsuetudines
828 2268 876 2333 eis
895 2268 1140 2333 confirmantem
1161 2293 1220 2356 per
1234 2272 1348 2336 eadem

238 2373 347 2437 uerba
405 2373 578 2438 Proferunt
609 2372 712 2437 eciam
741 2371 879 2437 cartam¹
910 2372 1010 2459 Regis
1038 2373 1199 2438 Johannis
1233 2375 1348 2440 eodem

238 2474 335 2539 modo
364 2484 398 2539 et
426 2498 486 2561 per
515 2476 629 2541 eadem
653 2475 755 2540 uerba
777 2475 824 2540 eis
848 2474 1017 2540 libertates
1040 2484 1076 2539 et
1098 2478 1349 2542 consuetudines

239 2578 493 2643 confirmantem.
559 2576 732 2642 Proferunt
772 2576 875 2641 eciam
915 2576 1134 2662 quietanciam
1174 2578 1347 2644 cuiuslibet

240 2680 386 2745 tholonei
407 2687 442 2745 et
468 2679 598 2767 lestagii
618 2680 658 2745 de
681 2703 783 2745 ureco
805 2688 840 2745 et
861 2680 1010 2768 pontagii
1031 2689 1067 2746 et
1088 2682 1228 2769 passagii
1249 2691 1285 2748 et
1306 2682 1347 2748 de

239 2792 365 2870 trespas
386 2793 422 2849 et
445 2783 485 2849 de
506 2784 657 2849 omuibus
678 2785 831 2849 custumis
854 2808 912 2871 per
932 2794 1037 2849 totam
1058 2786 1213 2872 Angliam
1236 2795 1296 2851 etc.
1313 2795 1349 2852 et

240 2889 326 2953 facta
347 2887 411 2951 fuit
433 2887 493 2952 hec
515 2895 605 2951 carta
626 2887 714 2973 apud
736 2887 918 2952 Eboracum
941 2890 1019 2951 xrv⁰
1043 2886 1096 2952 die
1123 2888 1237 2953 Marcii
1263 2911 1349 2954 anno

240 2990 333 3077 regni
355 2990 455 3077 Regis
476 2990 500 3054 J
501 2989 636 3054 ohannis
655 2990 766 3075 primo,
782 2989 869 3055 unde
887 2989 1001 3055 dicunt
1016 2991 1102 3075 quod
1116 3014 1175 3077 per
1188 2993 1349 3078 predictas

240 3102 345 3159 cartas
370 3094 502 3158 fuerunt
527 3093 592 3179 ipsi
617 3094 651 3157 in
677 3094 795 3159 saisina
818 3094 859 3159 de
882 3095 1034 3159 theloneo
1059 3095 1100 3161 de
1127 3096 1349 3184 Soardeburgo

240 3220 369 3283 semper
390 3220 492 3283 usque
513 3198 556 3262 ad
577 3198 664 3263 hunc
685 3198 781 3275 diem,
804 3220 824 3262 a
847 3198 900 3263 die
923 3221 987 3284 quo
1011 3198 1161 3263 dominus
1182 3200 1205 3263 J
1206 3200 1349 3265 ohannes

240 3305 312 3369 Rex
326 3303 410 3369 obiit
425 3303 509 3368 sicut
524 3302 565 3367 de
584 3301 640 3366 illo
663 3301 749 3387 quod
769 3302 913 3387 pertinet
932 3302 975 3366 ad
994 3302 1119 3366 firmam
1140 3302 1218 3368 uille
1233 3326 1300 3381 sue,
1314 3312 1350 3369 et

240 3408 327 3472 unde
357 3406 471 3471 dicunt
500 3405 587 3491 quod
615 3404 685 3469 sine
714 3404 845 3469 domino
874 3406 966 3491 Rege
1000 3428 1065 3470 non
1101 3416 1237 3490 possunt
1272 3407 1349 3472 inde

240 3510 404 3595 placitare,
427 3504 499 3594 qui'
520 3508 548 3572 si
569 3506 760 3572 amitterent
786 3506 976 3572 tholoneum
999 3506 1082 3572 illud
1104 3506 1254 3572 dominus
1277 3508 1349 3574 Rex

242 3616 409 3681 amitteret
423 3614 464 3679 de
479 3613 572 3677 firma
586 3633 645 3675 sua
658 3609 780 3699 uiginti
793 3634 917 3675 marcas
931 3632 1135 3696 perannum,
1151 3620 1186 3676 et
1200 3621 1349 3697 preterea

155 3789 159 3797 ,
243 3720 355 3785 dieunt
375 3717 462 3805 quod
481 3716 534 3781 die
555 3737 619 3802 quo
639 3724 728 3781 carta
747 3714 848 3803 Regis
867 3714 1027 3780 «lobannis
1047 3714 1087 3780 de
1103 3715 1288 3801 quietancia
1302 3717 1349 3782 eis

244 3826 327 3889 sacta
356 3824 419 3888 fuit
449 3830 484 3887 et
512 3843 576 3907 quo
605 3819 781 3907 burgenses
807 3820 993 3884 habuerunt
1019 3828 1141 3885 cartam
1167 3842 1259 3884 suam
1285 3843 1350 3885 non

243 3926 428 3991 habuerunt
448 3924 511 4011 ipsi
533 3924 621 3989 ciues
643 3922 861 4008 quietanciam
877 3920 924 3986 de
947 3921 1097 3987 tholoneo
1119 3931 1154 3986 et
1175 3921 1248 3987 ideo
1274 3922 1351 4008 quia

244 4050 305 4092 non
328 4030 461 4093 fuerumt
482 4026 517 4091 in
539 4024 657 4091 seisina
679 4048 717 4091 eo
737 4025 799 4103 die,
814 4047 880 4089 non
899 4025 1021 4090 debent
1041 4026 1217 4112 burgenses
1231 4025 1352 4096 habere

245 4132 290 4197 ibi
304 4132 522 4218 quietanciam
537 4130 577 4195 de
594 4131 754 4196 theloneo.
795 4186 798 4193 .

309 4236 352 4301 Et
371 4235 486 4302 balliui
506 4234 627 4321 quesiti
646 4236 673 4299 si
694 4235 880 4301 habuerunt
897 4234 1114 4321 quietanciam
1136 4235 1179 4302 de
1199 4236 1353 4301 theloneo

415 4466 418 4473 ’
450 4452 459 4484 ¹
477 4450 537 4504 Rot.
552 4452 621 4503 Cart.
636 4450 654 4501 i.
668 4452 708 4502 40.
944 4452 1044 4504 ’Cora
1056 4456 1128 4517 qnia.
