3342 5217
172 414 316 463 ιιιιιιιιι
330 413 423 466 ιοιιι
437 413 509 463 iso
525 411 725 464 monceaux
741 398 1172 474 ιιιιι,1.ο.1229,ι.ι.13.
1214 399 1279 466 287

172 585 318 670 predicta
346 593 441 663 terra,
465 584 513 650 ita
537 581 623 670 quod
649 582 814 669 predictus
844 581 1005 648 Radulfus
1033 582 1086 648 uir
1113 605 1192 650 suus
1217 585 1282 650 fuit

171 689 302 754 seisitus
321 688 362 754 de
378 689 505 754 duabus
525 687 674 773 partibus
689 687 834 754 eiusdem
850 694 935 752 terre
951 694 985 752 et
1004 686 1046 753 de
1066 687 1168 755 tercia
1189 696 1282 774 perte

171 799 212 854 ut
234 791 274 856 de
297 813 451 877 ecquam
472 790 614 855 Isabella
635 812 716 855 uxor
737 789 880 854 Baldrici
900 789 1008 854 fratris
1029 789 1131 876 ipsius
1150 791 1283 856 Radulfi

171 893 383 981 primogeniti
397 893 506 959 tenuit
521 893 561 957 de
582 914 620 957 eo
640 892 675 957 in
690 891 808 956 dotem.
854 891 898 955 Et
913 891 991 978 quia
1012 891 1158 978 predicta
1171 893 1283 958 Alesia

172 996 297 1060 nullam
319 1004 443 1062 sectam
465 994 615 1081 producit
630 993 716 1080 quod
738 993 851 1058 taliter
871 1002 956 1058 esset
976 994 1097 1071 dotata,
1113 994 1282 1060 Consider-

170 1105 265 1164 atum
288 1106 338 1164 est
356 1098 443 1184 quod
459 1097 644 1164 Willelmus
661 1097 737 1162 inde
755 1097 824 1162 sine
843 1095 896 1162 die
917 1105 952 1162 et
973 1097 1084 1162 Alesia
1101 1097 1136 1162 in
1157 1098 1281 1164 miseri-

171 1201 287 1268 cordia

112 1348 118 1360 ·
239 1305 402 1370 Robertus
417 1304 457 1368 de
474 1303 613 1369 Camere
626 1303 747 1389 optulit
762 1325 796 1367 se
811 1301 891 1388 iiijr.
906 1301 960 1367 die
974 1325 1088 1368 uersus
1102 1303 1280 1369 Radulfum
1335 1323 1403 1364 mne

170 1407 213 1474 de
244 1409 357 1474 Monte
387 1407 516 1472 Ficheti
540 1406 581 1470 de
606 1405 727 1491 placito
751 1405 838 1491 quod
861 1405 1108 1491 respondeat
1078 1430 1110 1472 e1
1135 1408 1175 1472 de
1201 1431 1280 1495 pace
1293 1428 1437 1468 οοιιιωιοιι

170 1511 267 1578 Dom.
285 1511 386 1598 Regis
407 1510 545 1576 infracta
566 1517 601 1574 et
623 1508 664 1573 de
685 1509 848 1574 mahemio
869 1509 957 1574 unde
978 1531 1054 1574 eum
1075 1511 1197 1596 apellat
1219 1520 1278 1577 etc
1292 1479 1382 1562 Ἠῶ
1373 1476 1435 1609 :¹12⁰

170 1614 267 1680 Et
235 1636 413 1680 moecomes
433 1612 604 1680 mandauit
619 1611 705 1698 quod
722 1634 787 1676 non
807 1611 901 1678 fuit
891 1622 1046 1678 inuentus
1068 1613 1103 1678 in
1122 1570 1347 1679 comitatuiiit
1292 1621 1392 1702 mg„
1394 1627 1439 1702 ⁸32

170 1725 207 1781 et
230 1716 303 1782 ideo
327 1715 493 1782 distrinxit
519 1737 594 1780 eum
619 1736 678 1800 per
706 1721 809 1780 terras
838 1721 873 1777 et
902 1713 1019 1780 catalla
1047 1736 1104 1799 pro
1132 1710 1387 1800 pluribusffit'

169 1819 302 1884 defaltis
324 1841 404 1906 quas
429 1819 519 1904 prius
542 1819 662 1884 fecerat
685 1817 734 1882 ita
756 1817 844 1903 quod
866 1817 954 1903 cepit
979 1825 1099 1884 tanam
1120 1843 1213 1885 suam
1238 1812 1346 1886 (ιοωφι
1292 1814 1359 1888 eum⁰
1356 1803 1437 1889 titt
1424 1813 1445 1841 '

169 1924 292 1990 Lesues
307 1931 342 1987 et
355 1921 507 1988 similiter
520 1921 637 1988 catalla
651 1942 711 1985 sua
721 1941 784 2005 que
799 1920 929 1986 inuenit
941 1920 978 1986 in
987 1920 1102 1986 eodem
1112 1922 1277 1988 comitatu.
1292 1896 1407 1982 iffi·

169 2027 217 2092 Et
246 2025 324 2112 quia
345 2025 433 2092 idem
455 2025 615 2090 Radulfus
644 2047 709 2088 non
738 2023 831 2088 uenit
854 2025 897 2090 ad
919 2047 1032 2110 pacem
1056 2026 1149 2092 Dom
1180 2027 1280 2113 Regis
1292 1989 1429 2075 dietum

168 2130 212 2196 ad
233 2130 387 2196 standum
409 2129 486 2194 inde
508 2136 605 2205 recto,
619 2135 809 2214 preceptum
831 2136 882 2192 est
903 2127 1088 2194 uiceeomiti
1107 2130 1193 2216 quod
1215 2131 1278 2196 cla·
1292 2098 1443 2194 iiiiii&

168 2255 259 2300 mare
274 2256 350 2324 eum
362 2231 460 2298 faciat
474 2239 510 2296 et
525 2231 654 2317 exigere
668 2230 704 2296 in
720 2229 878 2296 comitatu
889 2252 948 2295 suo
959 2253 1018 2316 per
1029 2239 1095 2296 tres
1106 2233 1311 2324 comitatusG
1292 2239 1355 2332 epu
1344 2197 1443 2324 ¹³⁶⁰:

169 2336 317 2423 proximo
338 2342 511 2421 sequentes
533 2341 606 2419 post
625 2331 865 2417 suscepcionem
885 2332 982 2400 istius
998 2333 1117 2410 breuis,
1131 2345 1166 2399 et
1188 2335 1216 2400 si
1236 2336 1279 2400 ad
1292 2287 1438 2420 ΞἋἙἛΜΪ

169 2440 305 2506 terciam
321 2439 512 2506 comitatum
527 2460 592 2504 non
606 2437 735 2502 uenerit
749 2444 829 2501 tunc
844 2435 1001 2501 mandet
992 2437 1177 2502 msticiariis
1191 2438 1279 2524 apud

169 2543 498 2612 Wcstmonasterium
512 2541 592 2628 quid
606 2541 682 2606 inde
699 2540 811 2606 fecerit
826 2548 862 2606 et
875 2540 905 2606 si
924 2540 1054 2606 uenerit
1070 2541 1113 2606 ad
1135 2543 1279 2629 aliquem

169 2648 272 2714 trium
287 2646 503 2714 comitatuum
517 2644 561 2710 ad
574 2643 727 2708 standum
742 2650 831 2708 recto
850 2642 891 2707 de
910 2643 1056 2728 predicto
1077 2646 1183 2730 apello
1200 2654 1280 2714 tunc

168 2751 279 2837 capiat
294 2771 408 2836 corpus
422 2769 518 2814 suum
534 2756 569 2814 et
584 2748 665 2814 illud
683 2748 802 2813 habeat
820 2769 927 2812 eoram
946 2748 1081 2834 prefatis
1095 2749 1280 2815 iusticiariis

168 2853 212 2920 ad
234 2854 398 2939 prefatum
424 2851 601 2918 terminum
627 2857 662 2914 et
686 2849 819 2916 interim
848 2857 952 2914 totam
981 2858 1101 2916 terram
1126 2875 1219 2917 sciam
1245 2854 1280 2918 in

168 2957 329 3026 comitatu
356 2978 415 3022 suo
440 2963 475 3022 et
501 2955 610 3020 omnia
632 2954 751 3020 catalla
775 2977 835 3019 sua
859 2953 908 3020 ita
935 2954 1027 3020 saluo
1055 2956 1217 3022 custodiat
1243 2957 1280 3022 in

168 3085 271 3128 manu
294 3061 389 3126 Dom
414 3059 514 3146 Regis
536 3058 623 3152 qpod
645 3059 732 3123 idem
754 3059 915 3124 Radulfirs
935 3059 978 3124 ad
999 3082 1040 3124 ea
1060 3083 1192 3126 manum
1215 3083 1280 3128 non

167 3171 322 3252 apponat

83 3321 115 3338 ..
236 3265 400 3334 Beatricia
428 3288 492 3352 que
517 3265 582 3332 fuit
606 3287 687 3331 uxor
709 3265 843 3332 Unfridi
866 3265 909 3331 de
933 3267 1034 3332 Bosco
1059 3268 1145 3353 petit
1167 3291 1281 3335 uersus

167 3370 352 3438 Ramrlfum
373 3369 415 3436 de
438 3369 611 3456 Hurlegha
633 3369 767 3434 terciam
793 3377 921 3455 partem
940 3370 964 3456 j.
991 3370 1068 3436 hide
1091 3380 1176 3438 terre
1205 3397 1280 3439 cum

167 3473 287 3560 pertin
304 3472 339 3536 in
355 3473 628 3560 Hingelescomba
644 3481 682 3539 ut
695 3472 806 3538 dotem
820 3495 915 3537 suam
936 3482 996 3538 etc
1011 3473 1099 3540 unde
1115 3476 1281 3561 predictus

168 3579 331 3648 Unfridus
346 3587 407 3645 etc.

237 3683 282 3748 Et
297 3681 458 3748 Ranulfirs
473 3681 566 3746 uenit
581 3689 616 3745 et
629 3680 710 3745 dicit
725 3680 811 3766 quod
826 3680 1037 3767 inplacitatus
1052 3691 1102 3747 est
1119 3706 1177 3770 per
1191 3685 1281 3752 aliud

167 3789 272 3852 breue
293 3785 334 3850 de
356 3785 469 3850 eadem
490 3793 578 3850 tana
592 3787 665 3871 [per
682 3785 820 3850 eandem
842 3807 901 3870 per
921 3786 1021 3851 breue
1043 3787 1083 3852 de
1106 3787 1213 3872 dote2]
1233 3789 1281 3854 ita

167 3889 259 3977 quod
273 3889 381 3956 uisum
395 3890 493 3976 petiit
508 3891 542 3955 in
557 3890 659 3954 banco
674 3897 709 3954 et
723 3889 824 3957 habet
839 3889 926 3954 diem
947 3898 1006 3954 ete
1051 3891 1096 3955 Et
1119 3892 1282 3959 Beatn’cia

168 3995 232 4060 hoc
246 3993 334 4059 idem
349 3994 512 4081 cognoscit
533 4002 568 4059 et
583 3994 712 4080 quesita
728 3995 769 4060 ad
784 3995 872 4080 quod
890 3995 991 4061 breue
1012 3996 1094 4060 uelit
1115 4018 1150 4061 se
1168 4004 1280 4064 tenere

203 4159 326 4210 1Anote
337 4173 372 4209 on
384 4159 454 4209 the
446 4175 523 4210 mner
537 4159 650 4224 margin.
684 4160 698 4210 1
749 4159 857 4210 Geneal.
869 4161 919 4211 vol.
932 4161 956 4219 1
968 4176 994 4226 p.
1010 4163 1050 4214 71.

167 4239 221 4278 een
231 4229 280 4277 not
290 4229 319 4274 at
329 4227 433 4286 present
444 4225 547 4288 explain
564 4227 618 4275 this
634 4225 698 4275 ellu·
780 4225 866 4275 ’The
886 4198 972 4276 words
990 4226 1085 4276 within
1101 4226 1220 4278 brackets
1236 4243 1281 4279 are

168 4293 244 4348 sion;
262 4289 425 4340 butinlaot
436 4289 510 4340 there
521 4290 699 4354 irpiesaBalh
750 4289 821 4340 inser
807 4291 864 4341 rted
892 4291 925 4354 by
951 4291 996 4342 the
1023 4293 1171 4344 occasional
1197 4309 1280 4344 anno·

168 4358 200 4406 ot
217 4328 288 4417 Giirg
287 4369 349 4404 eeu
326 4353 385 4404 ho
395 4355 449 4405 had
460 4355 572 4406 married
583 4355 650 4406 Eleu
632 4370 699 4405 naa
751 4359 829 4406 tator.

167 4370 299 4483 daughter
307 4419 337 4470 ol
346 4420 392 4469 Iro
401 4421 429 4470 ol
439 4421 565 4471 Morerill
591 4420 697 4471 calend.
