3342 5217
348 377 368 442 8
653 389 804 453 rmurrr,
826 388 892 439 sn.
916 377 1009 451 1218,
1032 390 1096 441 nu.
1120 378 1148 440 2.

346 559 423 645 quia
437 568 514 625 sunt
529 559 569 624 de
585 560 724 624 Beronia
739 560 779 624 de
796 560 1046 625 Berchamstcdc
1068 571 1102 626 et
1121 584 1186 626 non
1206 572 1284 628 sunt
1304 563 1344 630 de
1362 563 1454 629 feodo

181 656 318 754 {2⁸30ss
346 661 483 726 Comitis
498 662 654 727 Willelmi
669 686 728 727 nec
743 662 867 749 aliquid
887 663 987 727 habet
1008 663 1125 729 Comes
1145 664 1179 728 in
1199 666 1335 730 seruicio
1350 666 1404 730 uel
1418 666 1453 729 in

345 764 504 831 dominico
527 789 587 831 nec
613 766 736 853 aliquid
761 767 838 831 inde
864 767 1008 853 pertinet
1033 769 1075 833 ad
1103 771 1285 834 manerium
1315 771 1356 835 de
1385 772 1452 858 Ag-

344 868 531 933 modcsham
546 877 581 933 et
595 870 668 934 ideo
683 870 816 934 uidetur
830 870 861 935 ei
876 870 963 955 quod
977 871 1075 935 debet
1090 873 1291 958 respondere.

411 975 454 1038 Et
473 974 589 1040 Comes
608 975 687 1039 dicit
706 976 791 1061 quod
809 984 894 1039 terre
916 975 972 1039 ille
994 984 1071 1039 sunt
1093 975 1128 1039 in
1150 976 1400 1063 Agmodesham,
1418 986 1453 1041 et

346 1075 432 1161 petit
456 1076 531 1141 inde
558 1076 667 1141 uisum
693 1078 813 1143 habeut.
867 1077 947 1141 Dies
973 1077 1069 1141 datus
1099 1087 1150 1142 est
1176 1080 1223 1143 eis
1252 1079 1287 1143 in
1315 1080 1454 1144 crastino

343 1177 537 1243 Animarum
566 1187 601 1243 et
630 1179 762 1243 interim
791 1178 984 1264 respondeat
1020 1178 1060 1243 de
1097 1180 1338 1267 Agmodeshem
1376 1182 1453 1267 quia

344 1290 502 1347 testatum
518 1290 567 1346 est
583 1281 669 1367 quod
683 1289 768 1347 terre
784 1282 839 1346 ille
851 1304 915 1345 non
927 1290 1004 1345 sunt
1016 1281 1056 1346 de
1067 1283 1148 1347 uilla
1159 1284 1199 1348 de
1211 1284 1451 1371 Agmodesham

343 1408 403 1450 nec
419 1386 458 1449 de
473 1384 692 1471 pertinenciis,
707 1385 799 1449 uenit
814 1393 850 1449 et
864 1386 1056 1470 respondeat
1071 1395 1106 1451 et
1121 1387 1191 1473 ipse
1206 1388 1298 1452 uenit
1313 1397 1348 1452 et
1367 1388 1453 1474 petit

344 1486 452 1550 uisum
467 1486 587 1551 habeat
602 1485 685 1550 sicut
700 1486 770 1551 dies
789 1486 886 1551 datus
907 1495 957 1551 est
978 1487 1025 1552 eis
1044 1487 1080 1551 in
1100 1489 1239 1553 crastino
1258 1490 1451 1554 Animarum

345 1598 405 1655 etc.
420 1598 455 1655 et
470 1589 601 1654 interim
617 1590 692 1655 οιο.ι

245 1698 274 1763 9.
409 1691 543 1757 'durata
557 1692 650 1757 uenit
665 1692 870 1779 recognitum
884 1716 924 1757 ex
944 1715 1100 1759 consensu
1120 1695 1265 1780 parcium
1286 1696 1314 1761 si
1335 1695 1453 1760 mulier

181 1875 202 1914 D
217 1780 282 1915 ἴω
344 1820 407 1884 que
422 1798 569 1883 nupserit
583 1796 681 1861 alicui
695 1805 769 1883 post
784 1798 951 1863 decessum
967 1799 1064 1884 primi
1078 1799 1143 1863 uiri
1157 1800 1211 1864 sui
1226 1823 1285 1884 per
1299 1801 1405 1887 legem
1417 1809 1452 1864 et

203 1886 213 1914 fl
226 1886 309 1917 emm

181 1923 304 1963 seruus
343 1902 610 1967 consuetudinem
646 1901 769 1967 Kantie
806 1902 932 1967 amittit
969 1902 1079 1967 dotem
1116 1905 1157 1968 de
1193 1913 1381 1968 tenemento
1411 1905 1451 1969 de

344 2006 566 2073 Geuelekinde
581 2007 668 2093 quod
682 2006 745 2071 fuit
760 2006 858 2093 primi
872 2006 936 2071 uiri
951 2007 1011 2085 sui,
1025 2008 1095 2073 siue
1110 2008 1182 2094 ipsa
1201 2008 1353 2073 habuerit
1375 2008 1451 2073 inde
1640 2055 1643 2089 ἦ

343 2112 494 2180 seisinam
508 2122 582 2199 post
597 2114 762 2177 decessum
778 2111 875 2197 primi
889 2111 953 2176 uiri
967 2112 1018 2176 sui
1032 2112 1102 2177 siue
1117 2135 1191 2177 non.
1557 2102 1562 2107 ’

407 2217 577 2281 «iuratores
603 2215 717 2280 dicunt
739 2215 824 2301 quod
847 2214 896 2279 ita
917 2237 976 2300 per
997 2215 1104 2303 legem
1126 2224 1161 2280 et
1183 2214 1450 2280 consuetudinem

344 2320 467 2385 Kantie
482 2319 608 2384 amittit
623 2318 741 2383 mulier
755 2317 865 2382 dotem
881 2317 921 2382 de
944 2326 1133 2382 tenemento
1153 2319 1194 2382 de
1218 2318 1451 2393 Gauelekinde,

342 2421 412 2487 siue
427 2422 498 2507 ipse
511 2420 663 2485 habuerit
678 2420 828 2485 seisinam
844 2420 914 2485 siue
929 2443 993 2484 non
1008 2429 1043 2485 et
1058 2421 1159 2485 eciam
1175 2420 1203 2485 si
1214 2421 1351 2485 inuenta
1365 2429 1451 2485 esset

343 2548 417 2589 cum
447 2524 585 2611 quodam
616 2523 694 2601 uiro,
724 2532 759 2588 et
789 2523 925 2588 haberet
954 2523 994 2588 de
1024 2546 1062 2589 co
1084 2524 1252 2600 infantem,
1282 2523 1450 2589 amitteret

181 1973 237 2009 Arra.
247 1971 290 2010 eod.
296 1970 330 2018 θ’.

342 2625 460 2690 dotem.

408 2728 654 2795 Consideratum
674 2737 723 2793 est
746 2728 830 2814 quod
855 2728 930 2793 Sab'
950 2728 1050 2793 nichil
1071 2728 1187 2814 capiat,
1202 2737 1238 2815 et
1255 2728 1395 2793 Thomas
1415 2737 1450 2800 ct

342 2834 365 2899 J
366 2834 508 2898 ohannes
522 2832 597 2897 inde
612 2833 681 2897 sine
696 2832 757 2897 die.

235 2946 283 3007 10.
406 2936 614 3024 'Preceptum
630 2938 692 3002 fuit
704 2937 888 3002 uicecomiti
900 2938 985 3023 quod
998 2936 1133 3003 baberet
1144 2961 1250 3003 coram
1264 2939 1449 3004 iusticiariis

229 3028 288 3069 ⁵⁰¹¹·
341 3040 427 3125 apud
450 3040 774 3104 westmonasterium
805 3039 997 3103 Gaufridum
1027 3040 1237 3105 Aurifabrum
1260 3042 1448 3105 auditurum

340 3141 629 3207 consideracionem
659 3140 746 3206 curie
777 3142 817 3205 de
848 3142 908 3205 hoc
930 3141 1014 3227 quod
1037 3142 1107 3227 ipse
1133 3164 1192 3226 por
1220 3142 1383 3207 maliciam
1413 3149 1448 3206 et

340 3242 516 3308 falsitatem
539 3252 684 3329 apertam
705 3243 782 3307 fecit
804 3243 958 3307 disseisiri
980 3244 1160 3308 Robertum
1183 3244 1223 3309 de
1246 3245 1389 3332 Basingh
1407 3245 1447 3309 dc

341 3347 445 3411 tribus
459 3347 544 3411 hidis
559 3355 644 3411 terre
660 3356 694 3411 et
709 3346 845 3411 dimidio
859 3369 933 3411 cum
954 3347 1163 3432 pertinenciis
1183 3347 1217 3411 in
1238 3348 1448 3435 Baggeshec'‚

341 3451 426 3517 unde
441 3451 528 3517 idem
544 3451 719 3517 Gaufridus
734 3451 910 3516 Aurisaber
924 3452 1003 3516 tulit
1023 3452 1123 3517 breue
1144 3452 1267 3516 domini
1287 3452 1387 3540 Regis
1407 3452 1450 3517 de

372 3688 382 3721 ²
399 3687 482 3737 There
498 3687 521 3736 is
537 3687 661 3750 probably
675 3702 745 3737 some
758 3687 869 3738 mistake
920 3686 1088 3736 Michaelmss
1106 3687 1136 3735 Δ.
1154 3684 1186 3735 R.
1204 3687 1278 3736 a-4.
1313 3685 1367 3735 The
1383 3685 1447 3735 land

340 3754 400 3805 here
410 3753 460 3802 due
472 3757 498 3801 ιο
509 3752 560 3802 bed
571 3752 687 3815 copying.
919 3752 968 3801 has
984 3753 1047 3801 been
1063 3751 1195 3801 recovered
1211 3752 1244 3813 by
1261 3752 1364 3813 Geoffry
1380 3752 1447 3799 from

373 3818 384 3850 ⁹
401 3817 464 3867 This
485 3832 543 3867 case
564 3817 665 3866 decides
687 3817 727 3865 lor
748 3817 785 3866 cll
806 3816 869 3867 time
918 3816 1015 3866 Bobert
1034 3818 1063 3864 in
1080 3831 1097 3865 s
1114 3815 1172 3865 vrit
1191 3818 1221 3864 of
1239 3816 1317 3876 right,
1335 3816 1382 3865 but
1401 3816 1446 3865 the

342 3884 400 3933 thet
422 3883 450 3932 in
472 3882 608 3944 gavelkind
629 3881 691 3931 land
713 3882 758 3931 the
779 3882 869 3931 widow
918 3882 1053 3943 julgment
1066 3880 1090 3929 is
1104 3881 1219 3929 reversed
1235 3896 1269 3929 on
1286 3880 1331 3930 the
1346 3881 1446 3943 ground

341 3951 408 3998 loses
426 3948 511 3996 dower
532 3947 599 4009 bys
618 3946 712 3995 second
734 3948 867 4007 marriage
919 3946 1084 3995 thatRobert
1096 3960 1148 3994 vves
1160 3945 1445 4007 notdulysummoned.

342 4012 397 4062 The
413 4013 503 4061 earlier
519 4011 684 4073 proceedings
698 4011 726 4060 in
742 4012 764 4061 it
775 4010 826 4059 will
838 4012 870 4060 be
919 4011 984 4060 This
995 4012 1017 4059 is
1027 4010 1123 4073 proved
1137 4011 1169 4071 by
1180 4025 1215 4059 sn
1231 4010 1406 4058 examination
1418 4012 1446 4059 oi

341 4078 423 4127 lound
434 4078 513 4125 below
521 4091 616 4138 among
624 4076 668 4125 the
679 4080 790 4126 extracts
802 4077 869 4126 irem
918 4075 964 4125 the
980 4076 1075 4125 several
1091 4089 1200 4137 persons
1212 4074 1269 4123 who
1286 4090 1329 4123 cre
1345 4074 1402 4123 seid
1418 4079 1445 4123 to

342 4142 386 4191 the
394 4143 441 4191 roll
449 4143 477 4191 of
484 4140 650 4190 Michaelmcs
659 4143 730 4191 1217.
754 4142 868 4190 Bracton
918 4140 984 4191 have
1005 4139 1158 4189 summoned
1179 4139 1249 4198 him;
1267 4140 1328 4201 they
1347 4139 1379 4187 do
1398 4143 1446 4188 not

342 4206 405 4257 cites
416 4207 437 4255 it
448 4207 511 4255 onf.
521 4207 568 4255 308
579 4206 604 4263 b,
614 4206 667 4254 and
678 4208 869 4269 anonymously
915 4221 992 4268 ,agree
1010 4220 1040 4255 as
1056 4210 1084 4254 ιο
1100 4205 1145 4253 the
1161 4204 1234 4254 facts.
1269 4204 1331 4252 Part
1347 4204 1376 4252 of
1393 4204 1447 4252 this

342 4287 376 4321 on
388 4273 406 4321 f.
418 4274 474 4321 313.
508 4271 543 4319 As
555 4274 581 4319 ιο
594 4270 637 4319 the
648 4271 770 4333 meaning
781 4272 810 4321 of
824 4271 868 4321 the
917 4270 1051 4320 extractis
1065 4271 1135 4330 quite
1152 4268 1277 4331 illegible:
1295 4268 1348 4317 this
1364 4284 1447 4316 seems

341 4337 474 4451 mangot}i
480 4340 550 4450 bonit
553 4336 565 4383 1
576 4350 619 4450 am
632 4339 678 4449 nol
687 4336 812 4451 dilemur
918 4336 968 4386 due
980 4341 1007 4385 ιο
1018 4334 1154 4385 deliberate
1161 4334 1325 4383 undwanton
1335 4348 1445 4383 erasme.

421 4418 430 4450 r
501 4416 682 4465 yreeom.
740 4416 868 4463 ‚esrom
