3342 5217
184 467 326 516 rnnurr
340 465 434 515 rann
448 465 521 515 arn
536 465 737 514 monemur
753 463 855 526 rrsn,
868 463 934 514 nn.
948 450 1042 525 1229,
1056 464 1119 514 nn
1133 451 1183 514 13.
1226 451 1287 513 281

183 647 277 704 tenet
313 639 536 705 molendinum
572 638 654 703 illud
691 639 726 702 in
756 637 849 703 feodo
878 645 1063 702 attornatus
1091 637 1156 702 fuit
1184 637 1291 702 eidem

184 742 340 808 (lanfrido
360 743 402 807 ad
422 742 622 807 reddendum
645 741 676 806 ei
698 741 881 827 predictum
903 740 1068 805 redditum
1083 741 1161 826 quia
1181 741 1292 805 tenuit

183 847 406 912 molendinum
435 846 517 911 illud
546 846 589 911 ad
617 846 703 912 feodi
732 847 858 910 firmam
887 868 946 931 per
974 846 1135 931 predictos
1164 847 1205 910 lx,
1235 846 1290 911 sol.

184 949 229 1015 Et
251 959 366 1036 postea
387 959 517 1016 coactus
540 951 604 1016 fuit
626 974 684 1038 per
705 949 887 1036 predictum
911 949 1019 1014 Adam
1041 950 1082 1014 de
1104 950 1185 1014 Alta
1206 949 1293 1034 Ripa

183 1052 270 1139 quod
295 1077 361 1120 non
386 1054 496 1140 potuit
524 1053 630 1118 eidem
660 1052 815 1118 Gaufrido
844 1051 979 1117 reddere
1007 1052 1191 1137 predictum
1219 1052 1291 1116 red·

182 1157 291 1222 ditum
309 1166 344 1222 et
362 1157 503 1222 libenter
524 1156 555 1222 ei
576 1155 768 1221 reddidisset
790 1155 818 1220 si
840 1178 938 1220 ausus
960 1163 1045 1220 esset
1067 1177 1124 1240 pro
1146 1154 1291 1240 predicto

181 1260 264 1336 Ada,
279 1259 366 1326 unde
381 1259 496 1324 dicunt
511 1259 596 1346 quod
610 1258 775 1344 predictus
789 1258 865 1322 Ada
878 1256 1055 1322 disseisiuit
1073 1279 1149 1322 eum
1170 1263 1205 1321 ct
1225 1279 1290 1320 non

182 1363 348 1448 predictus
376 1364 550 1429 «lohannes
595 1362 640 1426 Et
668 1362 741 1428 ideo
763 1362 1001 1428 consideratum
1023 1370 1074 1426 est
1096 1361 1182 1448 qnod
1204 1361 1291 1426 Gau·

182 1466 285 1530 fridus
305 1466 511 1552 recuperauit
531 1465 682 1529 saisinam
702 1487 795 1530 suam
816 1473 851 1530 et
865 1465 940 1530 Ada
959 1465 994 1529 in
1016 1464 1240 1540 misericordia,
1255 1471 1290 1529 et

184 1569 360 1635 Gauhidus
382 1570 481 1635 sitin
504 1568 721 1634 misericordia
742 1592 799 1655 pro
822 1570 902 1634 falso
924 1570 1061 1634 clamore
1084 1591 1196 1634 uersus
1218 1590 1290 1654 pre-

182 1675 307 1739 dictum
338 1675 532 1742 dohannem.
576 1673 636 1739 Est
669 1674 704 1738 in
733 1674 881 1760 partibus
910 1673 1132 1739 transmarinis
1161 1680 1196 1738 et
1226 1694 1290 1736 non

183 1779 284 1844 habet
300 1787 427 1844 terram.

63 1887 70 1908 ⁴
124 1935 132 1948 .
249 1883 361 1948 Assisa
380 1883 473 1947 uenit
492 1882 697 1968 recognitum
718 1882 746 1948 si
768 1882 935 1948 Johannes
955 1882 1064 1949 Cabus
1085 1880 1206 1946 iniuste
1228 1888 1288 1945 etc

182 1987 361 2052 dimeisiuit
384 1986 533 2050 Emmam
555 1985 726 2051 Durodcnt
750 1985 790 2050 de
820 1984 921 2050 libero
950 1991 1138 2050 tenemento
1167 2005 1225 2048 suo
1254 1983 1289 2047 in

182 2088 346 2153 Ilrenham
374 2095 448 2174 post
477 2088 615 2174 primam
645 2096 705 2153 etc.
749 2089 794 2152 Et
819 2088 989 2153 ..lohannes
1017 2110 1083 2152 non
1111 2086 1204 2150 uenit
1237 2095 1415 2150 aaronem

182 2192 350 2258 Johannes
375 2190 484 2256 Blund
509 2190 649 2256 balliuus
673 2190 743 2255 eiua
769 2197 804 2254 et
832 2189 933 2254 nichil
962 2189 1042 2254 dicit
1071 2195 1183 2254 contra
1210 2187 1288 2252 assi·

182 2319 416 2464 sam«iuratores
441 2397 556 2462 dicunt
585 2397 671 2483 quod
700 2397 832 2483 quidam
862 2398 1029 2464 lohannes
1058 2395 1167 2462 Oabus
1195 2401 1290 2480 pater

180 2502 278 2567 istius
299 2502 322 2566 J
323 2501 458 2566 ohannis
479 2493 571 2566 dedit
591 2501 648 2566 isti
669 2502 813 2567 Johanni
835 2526 934 2568 unam
959 2502 1076 2588 uirgat.
1099 2509 1184 2564 terre
1214 2521 1289 2564 curn

180 2615 264 2692 pert
280 2606 315 2670 in
330 2606 489 2670 Ikcnham
505 2627 603 2691 quam
623 2606 646 2670 J
647 2606 789 2671 ohannes
808 2607 839 2671 le
855 2607 964 2673 Blund
981 2607 1090 2672 tenuit
1109 2605 1209 2670 libere
1231 2627 1289 2690 pro

180 2711 240 2796 i1ij.
257 2733 279 2774 s
301 2718 335 2774 et
351 2709 416 2794 viij.
431 2709 460 2774 d
478 2731 538 2794 per
558 2729 689 2786 annum,
704 2709 753 2774 ita
775 2710 861 2795 quod
882 2718 956 2796 post
975 2709 1184 2776 donacionem
1198 2715 1288 2780 illam

180 2815 278 2880 uenit
305 2814 471 2901 predictus
498 2813 665 2878 Johannes
687 2813 774 2878 filius
796 2821 830 2879 et
853 2815 949 2880 eiecit
970 2816 1078 2902 ipsum
1104 2820 1288 2886 Johannem

181 2921 351 2988 Blundum
374 2919 415 2985 de
446 2929 532 2984 terra
560 2918 618 2983 illa
646 2926 680 2982 et
710 2918 819 2983 tenuit
849 2942 921 2984 eam
950 2921 985 2985 in
1014 2945 1114 2988 manu
1143 2949 1203 2991 sua
1230 2949 1289 3012 per

180 3046 287 3090 unum
308 3045 431 3088 annum
451 3029 486 3086 et
507 3030 619 3107 postea
633 3021 725 3087 dedit
747 3045 818 3087 eam
841 3023 898 3088 isti
920 3025 1035 3092 Emme
1049 3029 1098 3093 ita
1111 3030 1197 3115 quod
1218 3031 1289 3117 ipsa

180 3128 247 3192 fuit
265 3125 341 3191 inde
358 3126 394 3190 in
413 3125 530 3190 neieina
548 3148 606 3211 per
625 3125 705 3190 duos
727 3149 835 3191 annos.
881 3129 925 3192 Et
946 3138 1118 3217 postquam
1139 3134 1211 3220 ipsa
1230 3158 1290 3221 per

181 3240 315 3296 tantum
341 3239 471 3316 tempus
492 3231 556 3295 fuit
578 3231 613 3294 in
634 3230 753 3296 saisina
774 3231 868 3297 uenit
896 3233 983 3298 idem
1012 3235 1180 3303 Johannes
1200 3240 1288 3306 filins

180 3343 219 3402 et
237 3335 415 3400 disseisiuit
436 3335 616 3421 predictam
637 3335 788 3399 Emmam
809 3335 813 3421 Ι
832 3343 867 3399 et
889 3342 1008 3400 terram
1030 3337 1120 3405 illam
1141 3343 1288 3409 restituit

180 3438 291 3506 eidem
313 3438 455 3504 Johanni
481 3439 617 3504 Blundo.
662 3439 707 3503 Et
728 3439 885 3504 iuratores
905 3441 1054 3526 requisiti
1075 3444 1103 3508 si
1124 3448 1289 3531 predictus

179 3544 351 3610 Johannes
374 3543 522 3608 Blundus
543 3544 653 3608 tenuit
681 3551 802 3608 terram
825 3543 915 3609 illam
945 3545 980 3609 in
1009 3547 1101 3613 feodo
1130 3572 1189 3635 per
1215 3576 1287 3639 pre·

180 3647 309 3712 dictum
326 3646 499 3712 semicium
519 3647 572 3711 uel
595 3655 634 3710 ut
655 3645 816 3710 firmarius
838 3646 975 3731 predicti
997 3648 1156 3716 Johannis
1178 3656 1288 3739 patris,

179 3753 232 3818 ita
253 3751 340 3838 quod
361 3773 437 3816 eum
458 3773 608 3815 amouere
630 3751 739 3836 potuit
760 3750 803 3815 ad
824 3751 1028 3817 uoluntatem
1051 3775 1152 3832 suam,
1174 3757 1288 3824 dicunt

180 3855 270 3943 quod
290 3855 376 3920 idem
395 3855 419 3920 J
420 3854 562 3919 ohannes
583 3853 732 3919 Blundus
754 3861 873 3919 terram
895 3854 985 3919 illam
1007 3858 1116 3923 tenuit
1138 3859 1173 3924 in
1194 3861 1287 3929 feodo
1298 3869 1406 3957 fflffuffl

214 4107 225 4139 ¹
243 4106 337 4158 Ihavc
353 4111 400 4158 not
415 4110 459 4172 yet
476 4108 557 4159 found
575 4109 618 4160 the
633 4109 707 4173 judg-
758 4111 791 4168 D,
802 4110 856 4160 and
871 4110 934 4160 then
946 4109 1067 4160 disseises
1077 4111 1101 4160 D
1112 4111 1167 4162 and
1178 4115 1286 4168 enreoffs

179 4177 266 4225 ment.
300 4172 421 4230 Bracton‚
433 4173 451 4224 l.
463 4174 519 4234 177,
528 4174 656 4224 discusses
664 4175 708 4225 tho
758 4175 795 4236 0;
812 4175 835 4224 D
851 4175 941 4238 brings
955 4177 1031 4226 novel
1046 4175 1166 4226 dirsdcin
1184 4180 1287 4240 against

178 4253 242 4290 case
252 4241 281 4287 at
290 4237 388 4300 length,
399 4239 481 4302 citing
487 4253 547 4302 cyre
558 4241 586 4289 ol
592 4240 708 4290 William
757 4241 795 4299 B;
813 4243 883 4290 Herc
893 4241 952 4290 that
962 4242 986 4290 D
998 4256 1047 4291 cau
1062 4246 1109 4291 not
1126 4258 1227 4294 recover
1242 4246 1287 4296 the

179 4301 293 4364 Raleigh
309 4303 339 4351 in
356 4303 504 4362 Middlcsex,
522 4303 626 4368 Trinity
643 4311 708 4355 term
760 4309 891 4355 tenement
907 4305 955 4355 but
974 4306 1078 4356 thatin
1095 4307 1139 4357 the
1155 4309 1243 4359 action
1261 4312 1286 4360 D

179 4370 214 4420 A.
236 4368 272 4444 R:
299 4367 338 4428 13,
363 4368 410 4418 but
425 4369 569 4436 judgment‚
587 4369 621 4420 hc
637 4385 705 4434 says,
758 4385 808 4421 can
829 4371 919 4420 obtain
941 4372 1009 4422 from
1030 4372 1053 4420 B
1075 4386 1092 4421 a
1110 4376 1242 4424 tenement
1258 4377 1287 4426 ot

179 4448 236 4484 was
247 4436 474 4496 grvencomrnipro
486 4450 551 4496 repe.
584 4435 708 4486 Theraeo
759 4435 835 4498 equal
858 4436 933 4486 salue
952 4436 980 4485 in
1002 4436 1141 4497 erchangc.
1174 4440 1196 4488 A
1218 4442 1285 4502 good

179 4501 205 4550 is
223 4498 277 4548 this
285 4498 348 4546 :-B
365 4498 483 4550 disseiscs
495 4501 523 4562 Ο,
537 4500 589 4550 and
600 4501 708 4550 onlsofls
759 4502 877 4565 example
887 4503 916 4551 ol
925 4502 998 4564 royal
1007 4502 1124 4565 ‘equiryss
