3342 5217
395 300 457 361 468
689 310 840 367 ramur,
861 309 925 357 ao.
951 294 1045 367 1231,
1066 306 1128 355 aa
1154 295 1202 354 15.

396 481 539 546 Hawisia
568 503 632 545 non
661 480 769 567 potuit
799 480 859 543 hoc
883 478 1039 553 dedicere,
1062 475 1310 541 consideratum
1335 484 1386 539 est
1411 476 1495 561 quod

395 584 512 649 Auicia
526 584 601 648 inde
616 584 684 649 sine
700 584 752 649 die
767 592 802 648 et
817 582 962 648 Hawisia
975 582 1010 646 in
1024 579 1249 645 misericordia

460 688 571 753 ¹Prior
599 689 640 753 de
667 688 837 754 Bradeleia
857 688 1064 752 athachiatus
1085 687 1149 750 fuit
1170 686 1212 750 ad
1238 685 1493 771 respondendum

394 791 557 857 Willelmo
584 791 625 857 de
652 791 849 857 Siffrcwall’¹
870 814 969 876 quare
998 790 1086 875 cepit
1115 788 1313 853 escambium
1342 789 1383 853 de
1413 798 1494 853 terra

393 894 496 980 ipsius
519 895 676 959 Willelmi
704 894 746 959 ad
775 893 955 959 ualenciam
980 894 1006 982 J':
1028 893 1110 979 uirg.
1132 900 1218 957 terre
1248 914 1323 957 cum
1352 902 1434 978 pert
1464 892 1493 955 in

394 998 573 1064 Hamstede
589 1022 686 1085 quam
702 998 860 1063 Ricardus
874 998 914 1063 de
930 998 1084 1083 Hertrug'
1099 997 1240 1062 incuria
1253 996 1378 1061 uost1a⁸
1392 1020 1492 1061 coram

394 1102 534 1185 Hugoue
553 1102 593 1165 de
609 1102 771 1166 Bathonia
791 1110 825 1166 et
840 1101 933 1165 sociis
949 1100 1017 1164 suis
1032 1122 1112 1185 quos
1132 1100 1225 1163 Dom
1241 1100 1320 1164 Rex.
1336 1099 1493 1163 constuit¹

393 1205 585 1271 iusticiarios
599 1206 640 1271 ad
658 1206 719 1271 hoe
738 1206 943 1291 recuperauit
963 1226 1075 1268 uersus
1095 1203 1202 1289 ipsum
1218 1203 1420 1268 Willelmum
1441 1224 1493 1289 per

394 1306 524 1371 assisam
555 1307 667 1371 mortis
697 1306 906 1373 antecessoris
934 1306 1010 1370 iude
1040 1314 1169 1391 captam
1199 1305 1286 1369 iuter
1315 1305 1492 1389 predictum

395 1409 596 1474 Willelmum
626 1419 660 1474 et
694 1410 877 1496 predictum
907 1409 1083 1474 Ricardum
1113 1418 1148 1472 et
1176 1408 1264 1473 unde
1292 1408 1380 1474 idem
1411 1410 1494 1473 Prior

395 1514 526 1580 uocauit
546 1514 727 1601 predictum
744 1514 945 1579 Willelmum
966 1514 1009 1577 ad
1023 1522 1205 1577 warantum
1226 1534 1340 1576 uersus
1359 1512 1492 1577 eundem

396 1619 570 1683 Ricardum
585 1617 642 1703 qui
661 1617 754 1681 uenit
775 1625 809 1681 et
825 1617 856 1681 ei
870 1616 1093 1680 warentizauit
1108 1624 1148 1679 ut
1162 1625 1283 1679 terram
1297 1616 1386 1679 illam
1403 1638 1492 1702 quam

396 1732 490 1808 pater
503 1744 580 1786 sirus
595 1720 728 1785 dederat
743 1720 854 1783 domui
868 1720 909 1784 de
923 1703 1128 1804 ¹Bradelegba
1141 1728 1192 1783 set
1207 1719 1406 1783 escambium
1424 1718 1492 1783 inde

397 1826 500 1890 facere
522 1847 587 1888 non
608 1824 723 1889 debuit
745 1833 784 1887 ut
805 1823 886 1887 dicit
908 1845 947 1887 eo
971 1823 1059 1907 quod
1080 1823 1182 1887 Alina
1208 1822 1334 1887 amica⁵
1362 1821 1493 1909 predict-i

397 1926 527 1992 Ricardi
541 1925 581 1990 de
595 1926 689 1991 cuius
704 1914 806 1990 morte
822 1926 986 2011 predictus
1001 1925 1160 1990 Rieardus
1173 1926 1252 1991 tulit
1265 1926 1400 1991 assisam
1411 1927 1491 1989 illam

398 2030 528 2095 seoffata
542 2030 605 2094 fuit
620 2028 660 2093 de
675 2029 821 2115 predicta
841 2038 928 2093 terra
946 2051 968 2092 a
981 2028 1203 2113 predecessore
1224 2029 1364 2115 predicti
1383 2029 1493 2093 Prioris

397 2142 566 2219 postquam
583 2141 676 2219 pater
690 2132 827 2217 predicti
839 2131 996 2197 Willelmi
1011 2140 1130 2196 terram
1141 2130 1231 2195 illam
1243 2132 1378 2196 dederat
1389 2130 1492 2197 domui

397 2238 540 2324 predicte
555 2246 593 2301 ut
608 2237 694 2301 idern
711 2237 894 2301 Willelmus
908 2236 996 2300 dicit.

463 2343 506 2405 Et
521 2342 611 2407 Prior
626 2342 718 2407 uenit
736 2349 770 2405 et
785 2340 865 2405 dicit
880 2340 966 2425 quod
986 2340 1072 2405 iuste
1090 2341 1177 2426 cepit
1198 2342 1397 2407 escambium
1417 2340 1492 2406 illud

398 2445 475 2531 quia
504 2468 617 2510 reuera
643 2445 774 2531 quidam
799 2444 985 2509 Alnachus⁶
1009 2453 1192 2510 antecessor
1220 2445 1323 2530 ipsius
1346 2444 1492 2509 Willelmi

398 2547 488 2611 dedit
514 2548 686 2634 aliquando
716 2546 845 2611 cuidam
875 2547 972 2610 Aliae
1001 2569 1059 2633 pro
1089 2547 1226 2611 seruicio
1255 2571 1314 2612 suo
1344 2571 1405 2635 que
1433 2549 1492 2612 suit

398 2651 520 2717 amica⁷
540 2652 677 2738 predicti
698 2652 828 2717 Ricardi
848 2651 929 2715 duas
948 2651 1030 2737 uirg.
1045 2660 1130 2716 terre
1150 2673 1225 2716 cum
1245 2662 1326 2737 pert.
1347 2653 1381 2716 in
1396 2652 1492 2716 Ham-

398 2756 488 2821 stede
516 2778 574 2841 per
595 2756 767 2820 seruicium
789 2756 927 2819 duorum
949 2755 1004 2819 sol.
1026 2777 1085 2840 per
1105 2777 1179 2819 aun.
1201 2755 1434 2820 reddendorum
1455 2754 1493 2819 de

398 2859 542 2945 predicta
566 2868 651 2922 terra
673 2866 707 2922 et
728 2858 797 2942 ipse
819 2857 1000 2922 attoruauit
1019 2854 1024 2941 Ι
1043 2856 1215 2921 seruieium
1245 2857 1328 2921 illud
1355 2856 1493 2943 predicte

317 2956 321 2968 ⁵
397 2962 507 3027 domui
529 2962 570 3027 de
591 2962 799 3047 Bradelegha,
816 2970 850 3025 et
871 2969 1000 3025 mortua
1020 2961 1166 3047 predicta
1183 2962 1283 3026 Alina
1304 2964 1389 3048 cepit
1408 2962 1492 3026 idem

396 3066 562 3131 Alnaohus
585 3075 703 3130 terram
732 3066 821 3130 illam
852 3064 886 3129 in
915 3086 1048 3128 manum
1074 3087 1176 3141 suam,
1201 3064 1251 3129 ita
1277 3066 1363 3151 quod
1386 3074 1494 3150 postea

396 3170 530 3235 accessit
559 3170 649 3233 Prior
678 3170 718 3233 de
749 3167 952 3253 Bradelegha
980 3167 1022 3231 ad
1051 3167 1158 3252 ipsum
1188 3168 1371 3232 Aluachum
1397 3176 1433 3232 et
1461 3167 1494 3230 in

396 3280 527 3337 tantum
554 3272 680 3337 locutus
705 3272 769 3336 fuit
798 3292 872 3335 cum
895 3292 933 3334 eo
955 3269 1041 3355 quod
1063 3270 1132 3355 ipse
1155 3270 1246 3334 dedit
1263 3270 1287 3355 j.
1311 3272 1389 3358 uirg.
1410 3278 1494 3335 terre

396 3375 437 3441 de
468 3376 579 3441 eadem
610 3384 696 3440 terra
725 3398 782 3462 pro
811 3375 921 3440 anima
946 3375 1049 3461 ipsius
1074 3375 1172 3439 Aline
1202 3375 1305 3439 Priori
1330 3386 1363 3440 et
1386 3374 1495 3438 domui
1588 3369 1589 3382 ¹

397 3478 436 3543 de
468 3478 670 3566 Bradelegha
699 3486 733 3543 et
754 3478 830 3544 inde
855 3479 976 3564 profert
999 3486 1122 3542 cartam
1147 3478 1249 3563 ipsius
1274 3477 1406 3543 Alnathi
1432 3499 1495 3563 que
1588 3549 1589 3560 χ

398 3589 538 3645 testatur
566 3582 652 3667 quod
681 3580 768 3645 idem
797 3580 962 3646 Alnathus
991 3580 1082 3645 dedit
1112 3587 1147 3645 et·
1178 3581 1335 3645 concessit
1367 3579 1424 3643 deo
1461 3589 1496 3643 et

398 3685 529 3750 ecclesie
553 3686 584 3751 S.
602 3686 703 3751 Maria
726 3686 766 3749 de
789 3684 992 3771 Bradelegha
1014 3707 1112 3748 uuam
1135 3683 1215 3771 uirg.
1232 3692 1318 3749 terre
1339 3684 1373 3747 in
1393 3682 1494 3746 Ham·

431 3874 487 3925 1Β.
504 3890 540 3924 m.
559 3877 597 3925 15.
631 3874 682 3924 For
698 3874 790 3923 earlier
806 3872 922 3937 proceed·
974 3870 1028 3923 thia
1043 3873 1159 3934 dependo
1176 3872 1220 3922 the
1241 3873 1362 3935 question
1382 3870 1496 3921 whether

398 3942 511 3997 inosree
522 3942 654 3990 Oase512.
974 3939 1018 3987 the
1040 3938 1114 3987 Prior
1138 3938 1190 3988 hod
1218 3953 1272 4000 any
1291 3939 1367 3988 claim
1393 3938 1496 3998 agnina
1588 3929 1589 3946 ¹

430 4006 607 4081 ispffreuort,
622 4006 652 4055 B.
973 3998 1089 4053 william
1109 4004 1151 4052 ior
1170 4019 1187 4053 a
1208 4018 1370 4065 recompenso
1388 4003 1430 4050 ior
1451 4002 1496 4050 the

430 4070 441 4101 ³
458 4072 507 4131 Sic,
521 4070 552 4119 B.
974 4069 1036 4117 land
1047 4068 1132 4117 which
1143 4068 1263 4128 Richard,
1277 4068 1397 4129 claiming
1410 4066 1495 4116 under

430 4136 528 4186 ‘Cora
539 4138 678 4193 streitruit,
690 4136 721 4183 Β.
973 4134 1059 4183 Alina.
1069 4133 1118 4183 has
1129 4132 1261 4183 recovered
1272 4134 1339 4183 from
1348 4132 1391 4182 the
1400 4131 1484 4181 Prior.

431 4200 441 4231 ⁰
458 4201 561 4263 Aploin
574 4204 663 4259 amico,
681 4200 726 4251 but
744 4199 765 4248 it
782 4198 877 4248 should
892 4198 923 4247 be
1005 4198 1017 4230 ⁸
1033 4200 1158 4247 Alacrior-r
1168 4198 1335 4257 throughout,
1346 4197 1375 4247 B.

399 4269 483 4314 orn-ito.
519 4266 630 4315 Richard
648 4265 670 4314 is
686 4265 733 4313 her
749 4281 830 4327 nepos.
868 4264 922 4311 The
1005 4264 1103 4312 ‘'Corr.
1115 4266 1204 4313 attrito.
1238 4263 1320 4313 Bhas
1332 4265 1407 4312 aurito
1422 4260 1494 4321 bem,

399 4331 558 4394 questionis
572 4332 629 4379 who
644 4330 767 4379 euieoffed
784 4328 848 4377 her?
881 4330 921 4377 On
973 4329 1019 4377 but
1031 4332 1110 4377 (rostra
1121 4328 1209 4378 above.
