3342 5217
345 381 408 444 360
527 397 785 490 ‘niominis
807 397 872 450 nn.
897 387 990 462 1230,
1011 403 1075 452 ns
1098 389 1235 454 14-15.

181 579 322 677 ffigtpffi
345 567 542 632 escambium
572 575 607 632 et
636 566 721 654 quod
750 567 838 634 idem
867 569 984 637 Comes
1019 595 1188 660 nunquam
1216 572 1308 638 dedit
1327 572 1444 639 'eidem

181 674 325 770 ffiffigtd‘
346 671 511 736 Gileberto
526 671 680 736 fossatum
695 671 775 738 illud
797 673 874 759 quie
893 674 975 740 illud
989 676 1146 742 fossatum
1161 677 1225 743 fuit
1240 677 1397 742 Willelmi
1415 677 1446 742 le

182 769 333 854 mula?
347 774 436 839 Brun
462 774 569 839 fratris
590 774 691 860 ipsius
713 775 852 841 Isnbelle
874 777 931 863 qui
957 777 1039 844 illud
1065 780 1156 845 dedit
1180 781 1215 844 in
1239 779 1446 868 maritagium

180 862 333 954 libuli&
346 877 451 943 eidem
467 877 629 943 Eborsrdo
644 901 717 943 cum
738 879 884 965 predicte
902 882 1043 948 Isebells
1063 891 1098 947 et
1119 883 1206 948 unde
1227 883 1341 950 dicunt
1360 883 1445 971 quod

183 956 310 996 nullsmnlrt
349 983 356 996 .
489 982 495 994 .
814 982 821 996 .
1000 985 1007 997 .
1090 985 1098 998 .
1414 986 1421 998 .

182 1002 296 1051 amputem
347 983 433 1049 idem
456 981 641 1048 Grlebertus
663 981 790 1047 nullum
812 1005 863 1048 1us
884 1006 944 1049 neo
965 985 1067 1050 elium
1089 1008 1269 1072 mgressnm
1291 987 1392 1052 habet
1411 1009 1446 1050 1n

182 1050 333 1184 &illi-”¹⁸
346 1087 507 1175 predictus
528 1095 667 1173 quotuor
686 1109 774 1152 acres
796 1088 859 1153 nisi
879 1089 1056 1155 secundum
1077 1090 1162 1176 quod
1183 1091 1365 1177 predictum
1387 1099 1445 1156 est

182 1189 251 1230 W·
346 1192 391 1257 Et
421 1192 498 1278 quio
526 1191 588 1278 ipsi
624 1191 808 1256 Ebornrdus
845 1200 879 1256 et
917 1193 1058 1258 Isabelle
1085 1202 1207 1259 sectum
1232 1194 1445 1259 sufficientem

345 1296 528 1384 producunt
543 1295 629 1383 quod
644 1296 744 1361 talem
758 1296 876 1362 hebuit
890 1297 1070 1385 ingressum
1084 1298 1127 1363 ad
1141 1297 1317 1363 terminum
1332 1307 1367 1363 et
1380 1320 1444 1363 non
1504 1381 1507 1387 Ι

344 1399 380 1465 in
395 1400 591 1466 escambium
606 1408 645 1464 ut
661 1399 701 1464 de
716 1398 808 1464 feodo
823 1400 908 1465 siout
929 1401 1115 1467 Gilebertus
1130 1400 1218 1478 dicit,
1233 1410 1268 1466 et
1281 1401 1445 1488 predictus

346 1504 531 1571 Gilebertus
545 1504 646 1570 nichil
661 1505 804 1570 ostendit
818 1506 906 1592 quod
925 1507 1021 1572 aliter
1040 1507 1118 1572 dats
1137 1515 1223 1572 esset
1237 1506 1300 1572 nisi
1314 1514 1445 1572 tantum

344 1612 523 1701 simplicem
534 1633 647 1676 uocem
659 1633 760 1688 suem,
769 1610 1018 1678 consideratum
1030 1620 1080 1678 est
1091 1611 1177 1699 quod
1188 1611 1252 1698 ipsi
1263 1611 1445 1678 Eborsrdus

344 1726 378 1783 et
401 1717 542 1783 Isebells
562 1724 838 1802 recupersuerunt
860 1715 1012 1782 seisinam
1033 1739 1126 1781 suem
1148 1725 1183 1781 et
1205 1716 1391 1782 Gilebertus
1409 1715 1445 1780 in

343 1819 568 1886 misericordis.

410 1927 582 1992 ’Fursmus
597 1923 637 1988 de
653 1923 800 1992 Bononia
813 1924 899 2011 petit
913 1946 1026 1990 uersus
1041 1924 1215 1990 Ricardum
1230 1924 1271 1990 de
1282 1924 1447 2012 Wysnille

343 2039 377 2096 et
401 2027 569 2097 Godehut⁸
593 2051 726 2093 uxorem
750 2028 821 2094 eius
844 2051 944 2095 unam
969 2029 1050 2117 uirg.
1080 2037 1166 2094 terre
1195 2052 1270 2095 curn
1298 2038 1379 2116 pert.
1408 2029 1445 2095 in

343 2133 664 2221 Ohepmencscumbe
678 2141 716 2197 ut
730 2132 782 2198 ius
796 2155 892 2199 suum
907 2143 967 2199 etc

406 2239 451 2304 Et
466 2237 623 2304 Ricordus
637 2246 672 2302 et
692 2237 846 2303 Godehut
864 2261 923 2326 per
941 2246 1143 2304 attor-netum
1165 2237 1268 2325 ipsius
1289 2237 1443 2306 Godehut

342 2341 481 2408 ueniunt
495 2350 530 2406 et
550 2340 664 2406 dicunt
685 2341 771 2428 quod
790 2363 856 2408 non
875 2341 996 2408 debent
1018 2341 1049 2406 ei
1068 2341 1260 2429 respondere
1280 2341 1357 2429 quio.
1377 2365 1442 2407 non

342 2457 456 2514 tenent
470 2448 505 2512 in
520 2447 612 2514 feodo
627 2447 690 2513 nisi
704 2446 915 2513 medietatem
936 2446 1081 2512 eiusdem
1099 2454 1183 2512 terre
1204 2469 1267 2534 que
1285 2447 1363 2512 dete
1379 2447 1443 2513 fuit

341 2551 372 2616 ei
386 2551 421 2617 in
436 2550 644 2637 maritagium
659 2573 733 2616 cum
748 2549 895 2636 predicte
909 2549 1071 2629 Godehut,
1085 2558 1120 2614 et
1139 2549 1253 2616 dicunt
1272 2549 1358 2636 quod
1377 2572 1443 2615 non

341 2663 455 2720 tenent
469 2654 567 2720 sliam
581 2653 792 2719 medictatem
807 2653 870 2718 nisi
887 2652 928 2718 de
948 2676 1033 2718 enno
1053 2652 1088 2717 in
1108 2675 1230 2718 annum
1253 2653 1295 2718 ad
1315 2653 1441 2718 firmem

339 2758 380 2824 de
403 2767 507 2823 matre
531 2757 674 2844 predicte
698 2755 860 2822 Godehut.
907 2756 951 2821 Et
972 2755 1143 2821 Fernmus⁴
1164 2778 1229 2820 non
1250 2764 1360 2841 potest
1381 2754 1442 2821 hoc

339 2863 485 2930 dedicere
516 2871 550 2928 et
579 2863 651 2928 ideo
675 2861 833 2927 Ricardus
863 2870 897 2926 et
927 2860 1096 2926 Godehut‘
1124 2861 1201 2926 inde
1230 2860 1376 2936 sinedie
1406 2869 1441 2926 et

340 2965 512 3034 Faromus⁸
528 2975 588 3033 etc.

402 3070 532 3137 'Simon
551 3090 687 3156 persone
705 3067 747 3142 de
769 3067 913 3154 Orundel
934 3068 1141 3133 athnchintus
1162 3068 1227 3133 fuit
1247 3067 1290 3134 ed
1311 3091 1440 3156 respon·

338 3174 480 3240 <lendum
497 3173 663 3260 Stephano
678 3172 719 3238 de
734 3172 939 3260 Ferenbergo
954 3195 1052 3260 quare
1067 3180 1199 3239 secutus
1218 3183 1269 3239 est
1281 3173 1440 3260 placitum

337 3280 372 3346 in
387 3280 476 3346 curie
490 3279 713 3346 cristianitatis
727 3279 767 3345 de
782 3279 997 3345 aduoceoione
1017 3280 1151 3346 ecclesie
1171 3281 1212 3347 de
1235 3280 1440 3371 Farcnbergo

337 3393 448 3451 contre
476 3384 727 3471 prohibicionem
754 3383 841 3449 unde
863 3383 950 3450 idem
974 3385 1162 3472 Stephanus
1183 3385 1331 3472 queritur
1351 3385 1440 3472 quod

337 3486 423 3552 idem
440 3487 552 3553 Simon
566 3486 736 3573 inplacitst
751 3486 903 3551 clericum
914 3509 1011 3551 suum
1022 3486 1063 3552 de
1076 3487 1211 3552 decimis
1221 3495 1256 3552 et
1266 3486 1438 3553 oblacioni-

336 3592 398 3657 bus
413 3600 447 3656 et
467 3591 718 3657 obuencionibus
738 3591 980 3677 pertinentibus
999 3591 1041 3656 ed
1061 3592 1229 3658 ecclesiam
1248 3592 1346 3670 illem,
1361 3593 1439 3658 etsi

336 3694 371 3759 in
385 3694 505 3781 placito
520 3693 683 3760 obtineret
696 3693 745 3758 ita
759 3693 928 3759 emitteret
942 3693 1191 3760 aduoccoionem
1205 3717 1305 3760 suam

171 3809 237 3900 m
238 3811 303 3898 ‹133th
304 3869 316 3899 r
402 3799 445 3863 Et
469 3799 580 3864 Simon
601 3797 694 3862 uenit
714 3806 748 3862 et
770 3797 916 3864 defendit
938 3798 1024 3884 qnod
1045 3821 1213 3885 nunquam
1235 3806 1308 3885 post
1329 3799 1435 3885 prohi-

169 3867 317 3994 gggesspp
335 3900 495 3966 breonem
511 3908 641 3966 secutus
660 3899 724 3964 uu
743 3899 900 3986 placitum
920 3899 1003 3965 urus
1024 3900 1065 3965 de
1085 3900 1219 3966 decimis
1238 3908 1273 3965 et
1292 3899 1364 3965 aus
1384 3909 1437 3966 set

171 4007 311 4094 mm,
335 4026 448 4070 reuera
461 4002 666 4090 inplaciteuit
681 4025 756 4068 eum
771 4002 811 4067 de
825 4003 979 4089 pensione
990 4026 1018 4068 v.
1030 4003 1085 4070 sol.
1096 4003 1132 4068 in
1143 4003 1261 4090 quibus
1270 4003 1437 4089 predictus

169 4091 311 4179 li‘riiellw'
334 4107 467 4172 clericus
493 4115 626 4172 tenetur
651 4105 783 4171 ecclesie
813 4128 872 4172 sue
901 4105 942 4170 de
972 4104 1115 4171 Orrmdel
1144 4107 1207 4172 sub
1236 4105 1372 4193 notique
1400 4118 1436 4173 ct

365 4251 374 4284 ¹
393 4251 439 4302 See
451 4252 495 4300 Br.
507 4251 524 4302 L
540 4252 596 4301 320.
939 4249 951 4282 ⁸
969 4250 1138 4310 <loriam-A.

364 4317 375 4414 ζ
391 4316 569 4433 affidari&
940 4314 952 4412 ξ
967 4331 1000 4431 pr
1008 4318 1189 4431 ἒίεἱῗσοτάία.
1203 4331 1300 4380 pauper
1310 4324 1357 4366 ert.
1369 4317 1400 4366 A.

365 4416 542 4504 ⁴Phoromul,
554 4446 584 4495 Δ.
939 4417 1099 4497 'Soollrli
1114 4447 1169 4498 sou.
