3342 5217
467 422 700 483 MICHAELMAS,
722 424 787 473 an.
813 413 907 487 1219,
929 427 991 475 aa.
1016 414 1109 475 3-4.
1301 416 1343 482 47

301 596 344 660 Et
359 597 498 662 Thomas
512 600 676 684 cognoscit
690 599 776 685 quod
791 622 906 665 reuera
919 602 1044 666 nullam
1058 610 1179 666 terram
1193 602 1294 667 habet
1308 603 1343 666 in

233 698 290 762 illa
304 700 391 775 uilla,
406 708 457 763 set
471 708 687 765 antecessores
701 702 752 765 sni
768 703 900 768 fuerunt
915 704 950 767 in
969 704 1088 769 seisina
1105 704 1193 768 illins
1208 713 1293 769 terre
1308 714 1343 769 et

232 802 383 867 clericum
399 812 670 889 presentauerunt
685 806 726 870 ad
742 807 909 871 ecclesiam
924 808 1024 885 illam,
1039 831 1176 893 quorum
1191 809 1342 873 saisinam

231 906 317 991 petit
338 929 397 993 per
418 908 477 973 hoc
499 909 606 975 breue.
652 910 696 973 Et
716 910 863 995 quesitus
883 911 1042 996 quomodo
1059 921 1276 976 antecessores
1291 912 1342 976 sui

231 1010 410 1075 amiserunt
431 1012 507 1076 inde
530 1012 689 1089 seisinam,
705 1012 784 1077 dicit
807 1013 894 1098 quod
915 1013 1065 1079 dominns
1087 1014 1158 1079 Rex
1180 1014 1342 1079 Henricus

232 1136 315 1179 auus
336 1114 459 1179 domini
481 1116 581 1201 Regis
603 1138 657 1181 cos
679 1116 857 1181 disseisiuit
878 1138 936 1201 per
957 1118 1162 1183 uoluntatem
1182 1141 1275 1183 suam
1295 1118 1344 1183 ita

232 1226 344 1283 tamen
359 1218 446 1305 quod
460 1219 617 1283 concessit
632 1219 679 1283 eis
694 1218 759 1283 duo
779 1220 924 1284 maneria
943 1220 979 1285 in
999 1221 1205 1298 escambium,
1219 1220 1343 1285 scilicet

233 1321 393 1407 Ormesby
422 1329 456 1384 et
486 1320 648 1406 quoddam
677 1321 767 1386 aliud
797 1322 979 1387 manerium
1007 1332 1059 1387 set
1087 1346 1256 1409 nunquam
1285 1323 1342 1387 ha-

232 1424 376 1490 buerunt
391 1426 596 1491 escambium.

249 1525 252 1531 ’
300 1530 343 1592 Et
358 1530 436 1615 quia
450 1530 613 1617 cognoscit
628 1530 714 1616 quod
734 1532 859 1595 nullam
879 1540 999 1596 terram
1020 1531 1120 1597 habet
1142 1533 1177 1597 in
1199 1534 1343 1599 menenio
1355 1537 1505 1633 ffffiffi,

232 1632 289 1696 illo
312 1642 346 1697 et
372 1632 458 1719 quod
481 1642 697 1699 antecessores
723 1635 774 1699 sui
799 1636 854 1699 uel
880 1635 950 1721 ipse
975 1659 1144 1721 nunqnam
1169 1646 1341 1723 postquam
1355 1632 1504 1717 ᾝΫΜ

232 1744 448 1799 antecessores
462 1736 514 1801 sui
529 1736 707 1801 amiserunt
727 1738 879 1803 seisinam
899 1739 1052 1803 clericum
1071 1749 1343 1825 presentancrunt
1356 1725 1484 1810 &hita

232 1837 275 1900 ad
290 1838 457 1903 ecclesiam
472 1839 571 1915 illam,
587 1849 621 1903 et
635 1848 783 1925 preterea
797 1840 948 1905 dominus
963 1842 1035 1905 Rex
1054 1842 1142 1928 cepit
1161 1838 1341 1908 manerium
1355 1819 1482 1903 pm

231 1942 314 2007 illud
342 1966 416 2007 cum
446 1943 595 2007 omnibus
624 1944 833 2028 pertinenciis
864 1944 932 2009 suis
961 1952 996 2009 et
1025 1944 1197 2010 aduocacio
1223 1956 1274 2010 est
1300 1946 1341 2011 de
1354 1915 1498 2041 ffiffiihm

231 2046 447 2131 pertinenciis,
473 2046 721 2112 Consideratum
751 2054 802 2111 est
831 2047 919 2133 quod
947 2048 1047 2113 assisa
1075 2071 1141 2113 non
1170 2050 1264 2125 iacet,
1289 2058 1340 2115 set
1354 2049 1455 2089 ⁸¹““‘¹·

230 2148 396 2233 perquirat
417 2148 523 2233 primo
545 2147 734 2224 manerium,
749 2157 784 2213 et
806 2157 919 2233 postea
941 2149 1188 2215 aduocacionem
1210 2161 1245 2215 et
1266 2151 1339 2217 ideo

230 2251 306 2317 inde
320 2252 390 2315 sine
404 2251 457 2316 die
472 2260 507 2315 et
522 2251 661 2317 Thomas
676 2252 710 2317 in
725 2252 948 2318 misericordia

295 2352 416 2419 ¹Alicia
444 2354 630 2419 Hathemus
664 2355 852 2421 athachiata
887 2356 952 2420 fuit
988 2356 1075 2443 quod
1099 2367 1196 2423 esset
1231 2382 1338 2425 coram
1393 2383 1462 2423 suni

229 2459 415 2523 iusticiariis
426 2468 485 2523 etc
502 2468 670 2525 ostensura
684 2482 782 2545 quare
798 2460 899 2525 traxit
914 2461 1078 2547 Rogemm
1094 2462 1199 2527 filium
1213 2463 1286 2527 Ade
1303 2464 1339 2528 in

229 2564 386 2648 placitum
401 2564 437 2628 in
452 2564 541 2629 curia
555 2564 779 2629 cristianitatis
794 2564 834 2629 de
850 2564 931 2629 laico
946 2564 1038 2629 feodo
1053 2565 1155 2650 ipsius
1169 2567 1290 2652 Rogeri
1304 2567 1339 2631 in

228 2667 398 2732 Wintonia
411 2676 522 2732 contra
536 2668 789 2753 prohibicionem
804 2676 864 2733 etc

295 2770 338 2833 Et
358 2770 464 2835 Alicia
484 2770 578 2834 uenit
597 2778 631 2834 et
651 2770 804 2855 cognouit
823 2770 910 2855 quod
925 2770 1026 2834 traxit
1040 2793 1115 2835 eum
1131 2772 1167 2836 in
1181 2773 1337 2858 placitum

227 2872 269 2937 de
292 2872 355 2937 fide
377 2896 437 2937 sua
459 2873 532 2949 lesa,
551 2880 586 2936 et
605 2894 670 2936 non
691 2871 731 2935 de
752 2871 832 2937 laico
847 2872 948 2949 feodo,
964 2881 999 2936 et
1013 2874 1142 2958 quesita
1155 2873 1242 2938 unde
1257 2873 1337 2939 fides
1351 2870 1473 2956 Nffiffl

1350 2929 1421 3003 iocum
1429 2967 1487 3003 tenet

227 2977 285 3041 illa
308 2986 490 3053 emerserat,
512 2976 592 3040 dicit
616 2975 702 3062 quod
727 2984 801 3060 post
826 2984 966 3039 mortem
990 2975 1055 3039 uiri
1079 2976 1130 3041 sui
1153 2976 1337 3041 inuadiauit
1350 3010 1434 3049 diffie

227 3078 299 3163 ipsa
324 3077 487 3163 quandam
514 3085 639 3162 partem
664 3076 749 3141 dotis
772 3100 830 3141 sue
857 3077 919 3161 ipsi
944 3078 1070 3163 Rogero
1095 3078 1138 3143 ad
1161 3080 1335 3144 terminum
1350 3058 1497 3143 tfftffctff

228 3204 257 3245 x,
280 3203 438 3245 annorum
464 3190 499 3245 et
522 3181 610 3245 idem
634 3180 780 3266 Rogerus
803 3181 952 3246 affidauit
973 3182 1060 3267 quod
1081 3183 1117 3246 in
1138 3182 1202 3246 fine
1224 3183 1336 3247 decem
1349 3151 1440 3189 ‘mum'

227 3304 386 3347 annorum
412 3282 561 3346 redderet
587 3282 618 3346 ei
645 3291 764 3347 terram
793 3283 892 3359 illam,
911 3283 916 3369 Ι
937 3284 1054 3369 elapsis
1082 3293 1195 3349 autern
1223 3285 1336 3350 decem
1404 3296 1439 3345 {a}

227 3383 322 3447 annis
344 3384 449 3448 noluit
472 3384 503 3448 ei
524 3384 657 3448 reddere
681 3391 799 3448 terram
821 3385 912 3449 illam
933 3386 1019 3450 sicut
1037 3386 1193 3463 affidauit,
1209 3396 1243 3451 et
1263 3388 1336 3453 ideo

227 3487 329 3551 traxit
351 3510 427 3552 eum
449 3488 483 3552 iu
505 3488 662 3573 placitum
685 3488 726 3553 de
748 3488 869 3553 lesione
891 3490 989 3555 fidei.
1020 3490 1268 3557 Consideratum
1286 3502 1335 3557 est

227 3590 314 3676 quod
329 3592 475 3677 Rogerus
490 3592 565 3656 inde
580 3592 649 3656 sine
665 3592 718 3657 die
734 3602 768 3657 et
782 3592 888 3657 Alicia
902 3593 1083 3657 arestetur⁸.

292 3692 417 3759 ‘Assisa
442 3695 534 3759 uenit
557 3695 763 3781 recognitum
788 3695 861 3780 quis
884 3696 1061 3760 aduocatus
1080 3705 1225 3782 tempore
1247 3698 1335 3783 pacis
1382 3712 1457 3751 Dore

224 3796 428 3879 presentauit
443 3796 594 3861 nltimam
613 3818 783 3882 personam
803 3820 867 3883 que
887 3807 1017 3863 mortua
1036 3806 1086 3863 est
1106 3799 1148 3863 ad
1167 3799 1334 3864 eeclesiam

223 3896 266 3960 de
291 3896 464 3982 Wyletona
487 3920 550 3983 que
578 3906 673 3963 uacat
699 3898 790 3963 cuius
816 3897 1065 3963 aduocacionem
1090 3900 1269 3965 Nicholaus
1293 3902 1334 3966 de

224 4000 389 4065 Wiletona
411 4000 530 4065 clamat
552 4024 665 4066 uersus
686 4002 828 4067 Priorem
849 4001 890 4067 dc
911 4004 1146 4088 Rappendona⁶
1166 4005 1223 4090 qui
1242 4007 1335 4070 uenit

257 4126 347 4176 ¹This
370 4142 429 4179 cass
452 4128 475 4177 is
499 4129 566 4178 cited
585 4129 618 4192 by
640 4130 753 4180 Braoton
805 4130 937 4181 disseised.

222 4192 242 4241 ῐ,
255 4193 339 4250 2431),
352 4192 410 4243 who
425 4195 541 4243 remarks
555 4194 614 4244 that
630 4195 675 4244 the
687 4196 752 4245 dsci-
837 4197 848 4228 ¹
864 4197 893 4247 a
908 4211 943 4247 m.
957 4196 1016 4258 sd;
1033 4197 1063 4248 B.
1077 4211 1112 4245 m.
1125 4200 1149 4247 7.

221 4256 281 4305 sion
310 4258 395 4307 would
417 4258 482 4307 have
504 4260 568 4309 boen
590 4258 710 4310 different
733 4261 754 4309 it
836 4260 904 4310 'No
914 4261 1050 4323 jndgment
1060 4262 1089 4311 in
1101 4263 1132 4313 B.

221 4322 336 4372 Thomas
351 4322 427 4372 could
443 4322 508 4373 have
524 4325 618 4386 Proved
634 4324 693 4374 that
708 4325 752 4375 the
835 4327 847 4357 ⁴
863 4327 893 4374 Δ.
905 4341 938 4376 m
954 4326 1012 4387 θεὶς
1030 4327 1060 4375 Β.
1072 4342 1107 4375 m.
1120 4330 1144 4378 7.

219 4386 359 4436 advowson
382 4402 435 4437 was
457 4392 504 4437 not
525 4394 703 4451 appartenent
724 4395 752 4439 to
835 4391 964 4453 ‘Bepton
980 4407 1010 4441 or
1023 4392 1191 4453 Repingdom
1209 4407 1250 4442 see
1261 4392 1334 4443 char-

220 4452 265 4501 tha
288 4466 381 4501 manor
403 4454 430 4501 oi
452 4452 536 4501 which
558 4454 591 4502 he
613 4454 666 4503 had
688 4456 751 4505 beon
803 4458 856 4505 ters
867 4456 894 4504 in
907 4456 1082 4506 Monast.vol.
1095 4457 1165 4519 rip.
1178 4460 1233 4507 430.
