3342 5217
349 17 415 83 588,
644 34 796 95 rannrr,
817 31 883 83 ιιι.
909 18 1002 93 1233,
1025 31 1087 85 ιιι
1113 16 1163 87 17.

346 206 530 291 pertinente
551 206 593 271 ad
608 206 810 291 Wockinges.
857 205 902 271 Et
924 204 1162 270 consideratum
1185 206 1343 291 estquod
1366 204 1458 269 Prior

345 309 386 372 de
413 308 510 373 Nouo
534 310 618 373 Loco
643 307 849 393 recuperauit
875 306 1025 371 seisinam
1052 330 1143 371 suam
1174 308 1284 393 quiete
1314 309 1354 373 de
1384 309 1456 394 ipso

346 412 532 496 Hopeshort
559 420 592 477 et
619 411 727 476 Priore
757 410 797 475 de
828 411 1042 475 Shireburnia
1067 420 1101 475 et
1131 414 1364 477 successoribus
1388 412 1457 476 suis

345 512 596 599 imperpetuum,
611 523 645 578 et
660 515 729 600 ipse
742 515 833 578 Prior
847 514 882 579 in
898 513 1121 580 misericordia

222 618 294 685 770.
410 618 522 683 Abbas
537 618 577 683 de
594 619 796 684 Kerkestede
807 620 928 704 optulit
940 642 973 683 se
985 619 1067 704 iiij¹⁰.
1084 620 1135 684 dio
1148 642 1261 684 uersus
1272 619 1456 683 Walterum

228 720 284 759 ¹¹¹¹
346 720 541 807 Episcopum
557 721 800 786 Karleolensem
814 722 856 785 de
876 721 995 807 placito
1014 722 1095 808 legis
1116 722 1248 787 uadiato
1271 722 1310 787 de
1333 722 1455 787 auen'is

345 825 449 911 captis
478 834 512 891 et
535 826 607 890 aliis
633 826 941 911 transgressionibus
963 824 1049 889 unde
1072 826 1250 911 dampnum
1274 825 1390 890 habuit
1412 826 1456 889 ad

182 933 271 972 ΝΜ
207 932 333 1027 ffifflg·
345 930 570 995 ualenciam
541 938 606 1015 vJ¹¹.
623 952 716 993 marc.
734 938 793 995 otc
840 930 883 993 Et
901 928 1079 1015 Episcopus
1094 952 1160 993 non
1175 930 1268 994 uenit
1283 939 1317 994 et
1338 930 1457 993 habuit

182 980 322 1157 ἷοέᾗῖἕᾞᾷἔ
345 1033 432 1097 diem
447 1056 505 1118 per
519 1032 747 1098 essoniatorem
769 1056 865 1098 suurn
886 1040 1058 1119 postquam
1083 1032 1230 1096 uadiauit
1251 1032 1363 1119 legem
1410 1032 1455 1097 Et

183 1119 247 1157 ’Μ
182 1119 333 1205 miiaiin
311 1130 419 1201 ''ideo
448 1136 685 1201 consideratum
715 1144 766 1200 est
795 1136 881 1221 quod
911 1136 1075 1222 predictus
1109 1135 1220 1199 Abbas
1249 1136 1456 1221 recuperauit

182 1176 308 1344 iffi}
285 1241 487 1327 wudampna
501 1263 560 1305 sua
574 1242 641 1326 vj¹¹.
658 1264 763 1317 marc,
780 1250 814 1304 et
830 1239 1032 1325 Episcopus
1022 1262 1058 1303 ιιι
1073 1238 1290 1303 misericordia
1305 1247 1339 1303 et
1353 1238 1458 1326 plegii

182 1350 286 1390 ¹³¹³¹
346 1367 397 1408 sur
388 1343 452 1407 'de
468 1342 554 1430 lege¹
569 1343 716 1408 facienda
729 1343 794 1408 scil.
811 1342 1024 1408 Ricardusde
1040 1344 1137 1407 Brom
1153 1343 1265 1409 etalii

411 1448 455 1511 Et
475 1447 587 1512 Abbas
609 1456 722 1513 teneat
744 1446 777 1510 la
797 1447 1027 1512 Wildemore
1018 1470 1053 1511 ιιι
1076 1455 1144 1511 tam
1166 1447 1252 1511 bona
1270 1468 1349 1532 paee
1370 1445 1458 1510 sicut

346 1552 454 1616 tenuit
469 1574 553 1617 anno
568 1560 602 1616 et
616 1552 670 1615 die
685 1573 749 1636 quo
763 1550 924 1614 Radulsus
939 1550 979 1614 de
990 1548 1097 1613 Rodes
1112 1548 1260 1613 uendidit
1274 1550 1457 1613 manerium

346 1655 387 1719 de
410 1655 625 1719 Hornecastro
647 1652 792 1738 predicto
808 1652 972 1737 Episcopo.
1018 1652 1237 1716 Misericordia
1257 1651 1408 1738 Episcopi
1431 1676 1458 1717 c.

346 1757 473 1822 marce⁸.

290 1912 297 1927 .
412 1860 605 1945 Preceptum
621 1860 684 1924 fuit
699 1860 883 1925 uicecomiti
898 1858 984 1945 quod
999 1859 1134 1924 haberet
1149 1882 1254 1923 eoram
1269 1858 1459 1923 iusticiariis

287 1994 292 2005 ·
347 1986 478 2049 corpora
505 1964 742 2049 recognitorum
771 1963 877 2028 iurate
907 1973 1002 2049 capte
1031 1985 1138 2028 coram
1175 1962 1361 2027 iusticiariis
1398 1964 1459 2048 qui

347 2065 464 2129 ultimo
489 2064 726 2130 itinerauerunt
751 2064 787 2129 in
810 2065 968 2129 comitatu
994 2088 1053 2129 suo
1076 2064 1163 2129 inter
1189 2065 1323 2129 Petrum
1352 2064 1394 2129 de
1425 2064 1458 2129 la

348 2168 522 2255 Thewyere
540 2176 709 2253 petentem
731 2177 766 2232 et
788 2167 964 2232 Ricardum
987 2166 1091 2231 filiurn
1114 2168 1204 2232 Petri
1226 2176 1395 2233 tenentem
1415 2168 1458 2235 de

347 2275 389 2339 xl.
404 2296 465 2337 acr.
486 2281 571 2336 terre
593 2296 668 2337 cum
692 2282 771 2358 pert.
792 2273 829 2337 in
851 2272 1024 2337 Frimareis
1044 2272 1087 2337 ad
1109 2273 1303 2338 certificand’
1327 2274 1458 2339 eosdem

347 2377 538 2442 iusticiarios
553 2378 594 2442 de
605 2385 806 2441 sacramento
820 2377 908 2463 quod
922 2376 998 2442 inde
1014 2377 1169 2455 fecerunt,
1184 2386 1217 2442 et
1232 2377 1274 2441 ad
1289 2400 1457 2465 recognos-

346 2482 485 2547 cendum
507 2504 605 2566 super
625 2490 862 2546 sacramentum
886 2504 981 2547 suum
1004 2482 1031 2546 si
1055 2483 1171 2547 Petrus
1200 2482 1240 2547 de
1271 2482 1302 2545 la
1326 2482 1458 2547 Tewerc

347 2591 439 2648 tenet
462 2582 505 2648 ix.
534 2606 594 2647 acr.
619 2591 703 2647 terre
726 2606 800 2647 curn
822 2591 903 2669 pert.
928 2582 962 2647 in
985 2583 1157 2647 Frimareis
1179 2604 1237 2668 pro
1259 2582 1371 2668 quieta
1393 2583 1457 2647 cla-

347 2687 474 2752 mancia
487 2686 705 2771 predictarum
720 2688 762 2751 xl.
777 2710 839 2752 acr.
855 2694 940 2751 terre
955 2709 1029 2751 curn
1051 2696 1131 2771 pert.
1153 2686 1206 2750 uel
1226 2709 1290 2750 non
1305 2696 1365 2753 eto.
1413 2688 1457 2751 Et

348 2791 531 2856 Willelmus
553 2790 593 2855 de
618 2790 773 2877 Slrefling’
795 2800 830 2855 et
853 2791 910 2855 alii
937 2791 1152 2877 recognitores
1178 2790 1323 2856 eiusdem
1348 2790 1456 2855 iurate

348 2896 486 2960 ueniunt
501 2903 535 2959 et
549 2895 663 2959 dicunt
678 2895 764 2981 quod
779 2894 911 2981 quidam
934 2895 1091 2960 Osbertus
1111 2894 1151 2958 de
1173 2895 1205 2958 la
1219 2894 1330 2959 Twere
1347 2895 1457 2959 tenuit

347 3008 467 3062 terram
495 2998 592 3062 istam
616 2998 794 3083 predictam
817 3007 852 3063 et
878 2999 994 3063 habuit
1017 2997 1097 3063 duos
1119 2998 1202 3062 filios
1223 2996 1289 3063 scil.
1311 2998 1456 3062 Alanurn

347 3103 600 3190 primogenitum
616 3112 650 3167 et
666 3104 824 3168 Saxinum
844 3111 1041 3189 postnatum.
1087 3102 1213 3167 Alanus
1235 3124 1312 3167 uero
1336 3102 1456 3186 primo-

346 3208 478 3295 genitus
507 3207 570 3272 suit
598 3216 705 3273 nauta.
729 3216 764 3272 et
793 3206 958 3283 itinerans,
984 3214 1018 3271 et
1040 3206 1180 3271 Saxinus
1202 3206 1357 3270 remansit
1381 3228 1456 3271 curn

347 3320 439 3397 patre
454 3333 512 3375 suo
528 3318 598 3375 tota
611 3310 683 3375 uit-a
696 3310 804 3374 fratris
819 3310 878 3387 sui,
891 3319 924 3374 et
940 3319 1067 3374 mortuo
1078 3333 1125 3385 eo,
1135 3309 1291 3374 remansit
1304 3309 1458 3394 Saxynus

347 3417 381 3480 in
396 3416 514 3480 seisina
527 3414 562 3479 in
578 3413 690 3479 eadem
706 3422 792 3479 terra
811 3414 912 3479 donec
930 3414 1094 3500 prodictus
1114 3414 1239 3477 Alanus
1254 3410 1351 3476 rediit
1367 3412 1458 3477 dorni

347 3531 381 3587 ot
403 3520 507 3585 mouit
533 3520 563 3584 ei
587 3518 759 3605 placitum⁴
782 3519 823 3583 de
850 3519 963 3583 eadem
987 3528 1080 3595 terra,
1104 3526 1137 3581 et
1161 3540 1224 3581 non
1246 3516 1355 3602 potuit
1380 3538 1458 3581 eum

381 3673 459 3721 ¹For
470 3671 562 3721 earlier
570 3671 736 3733 proceedings
745 3686 787 3721 see
795 3671 876 3721 abore
928 3670 992 3721 Mat.
1017 3672 1073 3722 Par.
1101 3673 1192 3721 caron.
1216 3672 1281 3733 lloj.
1298 3670 1347 3721 rol
1369 3674 1395 3725 3.
1413 3686 1458 3733 pp.

349 3740 414 3788 Casa
431 3740 487 3790 741.
521 3737 576 3785 'she
591 3737 787 3786 amercement
781 3752 804 3785 rs
815 3753 876 3799 very
928 3738 983 3797 240,
998 3738 1055 3786 248.

349 3804 440 3865 heavy.
481 3802 536 3850 'l'ho
564 3802 627 3863 king
654 3802 703 3850 has
730 3800 876 3863 quarrellod
960 3802 1039 3863 ’lepc
1051 3802 1083 3863 by
1095 3806 1246 3851 annotator

348 3868 412 3917 trith
429 3867 473 3917 the
489 3866 596 3928 Biahop‚
615 3866 714 3916 Walter
736 3868 872 3927 Mauclerc‚
961 3867 971 3897 ¹
988 3883 1011 3915 m
1024 3866 1182 3916 substituted
1194 3867 1263 3915 lora
1265 3867 1289 3913 Ι.

349 3932 402 3981 and
412 3931 551 3980 dismissed
562 3931 619 3980 lum
631 3932 698 3980 from
711 3932 755 3979 tho
766 3932 839 3981 office
851 3932 880 3981 ol
941 3926 1040 3980 ‘uic
1077 3931 1145 3980 Alan
1174 3931 1284 3992 brought
1313 3946 1347 3979 on
1371 3930 1461 3981 oetion

349 4004 486 4045 treasurer.
520 3996 619 4044 Thiara
630 4011 680 4045 one
693 3998 721 4045 ol
732 3996 777 4045 tho
786 4002 876 4046 events
928 3996 1032 4057 against
1045 3996 1133 4046 Saxin.

351 4060 435 4110 which
452 4060 531 4123 hurry
548 4076 582 4110 on
602 4061 646 4111 the
662 4061 735 4109 crisis
753 4062 780 4110 οΙ
801 4064 873 4112 1233.
