3342 5217
390 447 453 512 246
598 459 831 521 monimum,
853 457 919 509 an.
943 447 1038 524 1228,
1061 461 1124 510 aa
1148 446 1284 510 12-13.

387 661 409 704 a
428 637 483 703 die
507 637 538 704 S.
556 637 645 724 Hyll
660 636 695 703 in
715 643 781 702 tres
795 636 994 723 septimanas
1001 635 1021 703 ².
1064 637 1110 702 Εὴ
1124 643 1239 724 postca
1254 659 1313 724 per
1326 636 1493 702 licenciam

388 741 637 809 iusticiariorum
666 741 850 807 concordati
878 749 964 820 sunt,
987 746 1023 807 et
1044 749 1096 808 est
1121 741 1290 830 concordia
1310 741 1386 807 talis
1407 739 1494 828 quod

388 845 460 933 ipsa
474 845 621 910 remittet
636 843 788 910 clamium
803 866 862 931 pro
876 868 904 910 v.
920 845 1044 911 marcis.

453 948 574 1036 'Hugo
597 948 638 1014 de
663 947 813 1016 Polstedo
839 950 1057 1015 summonitus
1078 949 1143 1016 fuit
1171 948 1214 1014 ad
1235 947 1492 1035 respondendum

324 1079 329 1090 ·
388 1052 533 1119 «Iohanni
554 1052 595 1118 dc
618 1051 765 1118 Lenham
788 1052 867 1138 quid
888 1053 969 1118 iuris
990 1053 1060 1140 ipse
1082 1052 1203 1118 clamat
1226 1052 1262 1117 in
1284 1060 1416 1116 centum
1439 1052 1492 1119 sol

389 1154 535 1222 redditus
564 1177 639 1219 cum
660 1162 741 1241 pert.
768 1155 803 1221 in
833 1153 984 1221 Polstede
1014 1155 1101 1220 unde
1131 1154 1268 1220 Matillis
1296 1153 1373 1219 auia
1393 1155 1494 1241 ipsius

388 1257 548 1324 Johannis
573 1258 665 1325 ouius
687 1257 779 1323 heres
801 1258 871 1344 ipae
894 1266 944 1324 θεὴ
966 1258 1031 1324 fuit
1053 1257 1165 1324 seisita
1188 1257 1241 1322 die
1264 1279 1329 1344 quo
1352 1257 1434 1323 obiit
1456 1267 1494 1322 ιιὴ

389 1361 429 1428 dc
445 1362 615 1450 maritagio
635 1385 693 1428 suo
708 1363 795 1451 quod
816 1363 935 1429 habuit
952 1386 992 1428 ex
1013 1364 1097 1428 dono
1116 1362 1268 1450 Hugonis
1289 1362 1330 1427 de
1345 1362 1493 1428 Polstcde

389 1465 490 1552 patris
515 1465 617 1552 ipsius
640 1466 798 1554 Hugonia
844 1467 890 1532 Et
919 1467 1020 1554 Hugo
1048 1467 1142 1532 uenit
1171 1475 1207 1532 et
1235 1467 1319 1532 bene
1348 1466 1494 1532 concedit

389 1567 475 1655 quod
497 1575 584 1634 tcrra
605 1569 662 1633 illa
683 1568 747 1635 fuit
776 1568 985 1656 maritagium
1014 1569 1116 1654 ipsius
1144 1567 1325 1647 Matillidis,
1350 1577 1385 1634 θὴ
1412 1569 1495 1635 bene

389 1671 541 1760 cognouit
557 1671 643 1758 quod
657 1679 745 1738 terra
758 1672 815 1737 illa
835 1671 952 1737 estius
969 1679 1004 1737 et
1024 1670 1187 1738 heredites
1208 1672 1311 1758 ipsius
1327 1671 1351 1738 J
1352 1661 1495 1748 ohannis

389 1783 424 1840 et
438 1774 529 1862 ipsa¹
542 1775 642 1841 nichil
660 1775 736 1841 inde
757 1777 877 1842 clamat
896 1775 960 1842 nisi
981 1776 1162 1842 custodiam
1183 1799 1286 1863 usque
1308 1774 1351 1840 ad
1372 1783 1496 1841 etatem

389 1878 491 1964 ipsius
510 1878 677 1945 «Iohannis
723 1879 767 1944 Et
789 1879 948 1945 Ricardus
969 1878 1010 1944 dc
1024 1877 1245 1966 Argenteinn⁴
1266 1887 1373 1944 custos
1394 1879 1496 1964 ipsius

388 1981 548 2048 Johannis
567 1981 748 2068 dicitquod
770 2004 835 2048 non
855 1982 955 2048 debet
976 1983 1052 2048 inde
1074 1983 1254 2049 custodiam
1276 1982 1405 2059 habers,
1418 1983 1497 2069 quia

390 2093 476 2150 terra
497 2085 555 2152 illa
573 2085 637 2151 fuit
659 2085 867 2172 maritagium
890 2086 992 2173 ipsius
1011 2085 1184 2152 Matillidis
1204 2085 1329 2172 etipse
1350 2086 1495 2151 nondum

390 2189 477 2276 cepit
491 2189 679 2277 homagium
694 2212 798 2255 suum.

455 2292 499 2356 llt
519 2291 619 2379 Hugo
638 2292 719 2358 dicit
740 2293 827 2378 quod
848 2292 934 2358 ιιοιιΙ
955 2292 1032 2358 indo
1053 2315 1168 2380 capere
1189 2292 1377 2380 homagium
1399 2317 1495 2358 suum

390 2395 549 2482 usquead
564 2395 701 2461 tercium
721 2396 882 2462 heredem
927 2398 973 2462 Et
993 2397 1067 2464 ideo
1086 2398 1325 2464 consideratum
1343 2399 1497 2485 estquod

391 2501 490 2589 Hugo
509 2501 629 2567 habeat
651 2501 831 2568 custodiam
853 2503 992 2589 predicti
1012 2502 1168 2582 redditus,
1182 2527 1286 2590 usque
1308 2504 1350 2569 ad
1372 2513 1495 2570 etatem

389 2603 492 2691 ipsius
510 2604 679 2682 lobannis,
694 2613 728 2670 et
750 2604 837 2692 quod
855 2628 922 2671 non
938 2606 1046 2692 capiat
1068 2606 1256 2694 homagium
1275 2629 1372 2672 suum
1393 2629 1496 2694 usquc

390 2708 433 2774 ad
447 2707 584 2773 tercium
599 2707 751 2773 heredem
766 2707 830 2773 nisi
845 2708 1009 2774 uoluerit⁰.

456 2811 632 2879 ⁷Paulinus
669 2812 807 2878 ΡὶιιθιθΒ
844 2814 1044 2880 attachiatus
1072 2814 1137 2880 fuit
1165 2813 1208 2879 ad
1236 2812 1495 2900 respondendum

391 2917 555 2984 Willelmo
569 2919 600 2984 le
616 2916 719 2985 Οθιιὴο
732 2941 867 3005 persone
882 2919 1014 2984 ecclesie
1034 2918 1075 2984 de
1090 2918 1305 3005 Dudingtona
1318 2916 1359 2982 de
1377 2918 1497 3004 placito

391 3043 491 3109 quare
510 3044 576 3086 non
595 3029 688 3088 tenet
709 3022 740 3087 ei
761 3021 828 3088 ἱιιιθ
841 3022 941 3088 finem
956 3025 1080 3088 factum
1100 3023 1136 3087 in
1155 3022 1246 3088 ouria
1259 3021 1384 3088 domini
1398 3021 1497 3108 Regis

391 3125 523 3191 Ricardi
542 3147 649 3192 coram
670 3125 857 3192 iusticiariis
877 3133 959 3212 aput
976 3125 1303 3191 Westmonasterium
1324 3125 1412 3191 inter
1432 3125 1497 3190 Ro·

391 3252 506 3318 gerum
536 3230 652 3296 Piuere
680 3239 807 3317 patrem
835 3230 939 3317 ipsius
964 3230 1095 3296 Paulini
1118 3230 1210 3296 cuius
1233 3229 1326 3295 heres
1352 3230 1421 3316 ipse
1446 3239 1498 3294 cst

393 3342 560 3420 petentem
584 3340 619 3398 ct
641 3332 816 3420 Hugonem
839 3332 1002 3420 quondam
1027 3355 1197 3420 personam
1219 3332 1260 3399 de
1284 3333 1499 3421 Dudingtona

392 3437 434 3504 de
456 3445 549 3502 tanto
569 3445 653 3502 terre
676 3461 750 3502 cum
773 3446 855 3524 pert.
872 3437 908 3502 in
928 3436 1150 3524 Dudingtona,
1164 3444 1199 3501 et
1223 3436 1310 3501 unde
1332 3459 1391 3523 pes
1409 3459 1498 3523 cyro

392 3541 509 3630 graphi
523 3549 574 3607 est
587 3541 623 3607 in
638 3542 789 3608 thesauro
804 3541 891 3628 quod
905 3549 1048 3608 testatur
1061 3549 1122 3607 etc.
1138 3550 1177 3606 ut
1191 3540 1276 3607 infra
1284 3540 1314 3607 ¹¹.

459 3646 504 3711 Et
529 3646 686 3712 Paulinus
711 3647 804 3712 uenit
827 3654 863 3712 ct
887 3646 1051 3734 cognoscit
1074 3645 1173 3711 finem
1196 3654 1231 3711 et
1253 3644 1499 3732 cyrographum,

393 3759 444 3818 set
474 3750 556 3817 dicit
577 3750 664 3839 quod
684 3751 775 3816 curia
803 3750 897 3816 Dom.
919 3751 1021 3837 Regis
1049 3748 1187 3836 decepta
1215 3749 1279 3814 fuit
1303 3748 1382 3835 quia
1409 3748 1497 3814 idem

393 3857 493 3944 Hugo
507 3856 548 3922 de
563 3878 627 3943 quo
642 3855 876 3944 cyrographum
891 3855 1036 3941 loquitur
1049 3876 1217 3941 nunquam
1232 3853 1296 3918 fuit
1310 3875 1446 3939 persona
1462 3853 1498 3918 in

427 4035 646 4099 ¹HareGstops.
1001 4035 1129 4098 'Peiara
1142 4032 1173 4092 B,
1185 4031 1215 4083 (ὴ.

427 4101 438 4134 ¹
454 4102 485 4152 B.
496 4116 532 4152 m.
546 4103 576 4151 11
587 4102 618 4162 d;
636 4101 665 4153 (t.
676 4117 712 4153 m.
724 4099 774 4154 sd.
1002 4101 1014 4134 ⁹
1032 4101 1156 4151 Willelno
1168 4100 1258 4160 caluo,
1268 4096 1301 4159 B,
1312 4095 1341 4150 (ὴ.

427 4167 527 4218 ’Gora
538 4169 600 4232 ipre,
611 4166 643 4228 B,
661 4166 691 4219 0.
1004 4166 1026 4199 ²⁰
1042 4166 1101 4215 0m.
1112 4168 1150 4224 ia,
1160 4165 1193 4222 B,
1205 4164 1235 4213 0.
1342 4225 1350 4239 ι
1469 4226 1476 4238 .

428 4232 440 4265 ⁴
455 4233 615 4296 Aracillum,
628 4232 660 4282 B.
1003 4230 1024 4262 ¹¹
1041 4229 1215 4288 Thccffactol
1221 4227 1267 4280 tho
1277 4227 1330 4278 finc
1340 4225 1457 4277 mstatcd
1467 4241 1498 4276 ιιι

428 4299 645 4362 ⁸Supp1yceser,
658 4298 689 4357 B,
702 4297 730 4347 Ο.
971 4296 994 4347 B
1011 4295 1065 4346 and
1083 4297 1113 4346 G.
1146 4293 1227 4356 Hugh
1242 4293 1297 4344 had
1317 4291 1428 4354 granted
1449 4291 1497 4342 tha

429 4362 441 4397 ⁸
457 4363 504 4415 Soc
520 4362 563 4412 Br.
576 4363 607 4412 21
622 4363 639 4412 b
655 4363 695 4412 lor
710 4363 755 4414 tho
770 4362 825 4412 rulo
842 4362 922 4413 about
971 4361 1036 4412 land
1045 4365 1074 4411 to
1085 4361 1168 4423 Rogat
1178 4361 1218 4409 lor
1229 4359 1334 4421 Bogcr’a
1345 4357 1390 4407 life
1399 4357 1496 4408 andon

396 4427 597 4480 thathirdhcir.
971 4426 1015 4476 his
1031 4425 1111 4477 death
1130 4425 1152 4476 it
1173 4439 1226 4474 was
1247 4429 1274 4474 tc
1295 4425 1379 4474 rcvcrt
1401 4427 1430 4474 to
1453 4421 1500 4476 tho

429 4493 440 4533 7
456 4495 487 4544 Β.
498 4508 534 4544 ιιι.
548 4494 579 4544 10
589 4493 619 4556 d;
637 4493 666 4545 (t.
679 4507 715 4544 m.
727 4495 752 4546 9.
971 4491 1070 4543 chnrch
1080 4491 1108 4544 ol
1117 4489 1292 4555 Toddington.
