3342 5217
284 80 406 145 Eadem
426 80 528 144 assisa
545 101 605 165 per
623 76 753 143 eosdem
772 76 990 164 recognitores
1009 77 1103 143 uenit
1124 79 1329 166 recognitum

217 183 246 247 si
274 183 361 249 idem
390 181 565 247 Radulfus¹
594 182 715 246 iniuste
745 189 804 246 etc
836 180 1013 245 disseisinit
1050 180 1251 247 Herbertum
1287 183 1328 248 de

218 285 415 350 Blakewella
439 284 481 351 de
507 285 609 349 libem
635 290 822 348 tenemento
852 306 910 348 suo
940 283 974 347 in
1004 283 1116 349 eadem
1147 285 1227 350 uilla
1254 295 1328 372 post

216 390 355 475 primam
370 396 440 465 eta,
456 388 543 453 unde
557 388 642 453 alter
654 388 797 474 ipsorum
812 387 993 453 disseisitus
1014 396 1064 452 est
1084 388 1126 452 de
1146 388 1199 474 vij.
1215 410 1275 453 aar.
1293 398 1328 454 et

217 493 301 557 alter
314 492 356 558 de
370 493 427 579 iiij
443 516 504 558 acr.

283 598 328 663 Et
343 598 527 663 Raunulfrrs
546 598 639 663 uenit
659 605 694 661 et
713 596 795 661 dicit
815 596 902 682 quod
924 595 1024 661 assisa
1044 617 1109 661 nou
1131 596 1229 661 debet
1250 597 1327 663 inde

218 701 290 765 fieri
304 700 382 787 quia
395 700 476 765 dicit
495 722 610 765 reuera
628 699 769 763 Thomas
789 706 884 784 pater
903 698 1046 784 ipsorum
1067 699 1145 764 fecit
1164 700 1326 785 quandam

218 805 322 871 carta¹
335 806 376 870 de
391 805 589 870 tenementis
602 804 690 869 uude
705 804 796 868 uisus
810 804 916 867 factus
937 811 987 867 est
1009 803 1163 888 predictis
1183 804 1206 868 J
1207 805 1327 869 ohanni

219 917 254 974 et
269 908 431 973 Herberto
445 915 496 973 set
511 908 573 994 ipsi
588 930 755 993 nunquam
770 908 905 972 fuerunt
919 906 954 971 in
969 906 1102 971 saisina⁸
1117 905 1228 971 Thom’
1245 907 1326 971 obiit

218 1011 295 1076 inde
309 1011 447 1089 saisitus,
462 1019 497 1076 et
511 1010 587 1076 inde
601 1010 694 1096 ponit
709 1032 743 1075 ss
758 1032 857 1096 super
871 1009 1012 1073 assisam.

285 1116 328 1180 Et
340 1115 523 1181 Herbertus
534 1115 614 1181 dicit
629 1115 714 1201 quod
729 1113 799 1200 ipse
814 1137 873 1200 per
888 1114 968 1179 duos
983 1137 1083 1179 annos
1097 1123 1174 1179 ante
1189 1125 1327 1181 mortem

218 1219 356 1305 predicti
378 1219 501 1284 Thome
521 1220 694 1306 patrissui
714 1220 778 1283 fuit
797 1219 867 1305 ipse
888 1219 963 1283 inde
984 1218 1018 1283 in
1038 1219 1156 1283 seisina
1174 1220 1223 1283 ita
1242 1220 1327 1305 quod

218 1324 384 1411 assignata
404 1324 468 1389 fuit
489 1324 628 1410 quedam
650 1322 800 1387 berkeria
820 1322 951 1387 nomine
974 1322 1062 1387 illius
1084 1324 1272 1400 tenementi‚
1293 1332 1328 1389 et

219 1428 260 1494 de
281 1436 469 1493 tenemento
488 1428 545 1492 illo
564 1427 642 1492 fecit
663 1427 868 1492 uoluntatem
889 1448 981 1491 suam
1003 1434 1038 1491 et
1060 1449 1187 1513 semper
1209 1428 1272 1492 fuit
1294 1429 1328 1493 in

219 1532 337 1597 seisina
350 1532 453 1597 donec
472 1532 536 1596 fuit
555 1554 614 1617 per
633 1532 740 1617 ipsum
761 1530 963 1595 Rannulfum
983 1529 1172 1609 dissaisitus,
1187 1538 1222 1596 et
1242 1532 1329 1618 cepit

219 1636 295 1701 inde
310 1636 442 1723 expleta
455 1645 515 1702 etc

284 1741 329 1804 Et
350 1740 518 1806 ‚Iohannes
539 1739 621 1805 dicit
643 1740 730 1826 quod
750 1740 820 1825 ipse
843 1738 984 1803 Thomas
1006 1761 1064 1824 per
1085 1761 1112 1803 v.
1129 1762 1231 1805 annos
1252 1748 1329 1805 ante

221 1851 358 1907 mortem
381 1865 473 1908 suam
495 1842 587 1908 dedit
612 1843 643 1907 ei
667 1841 830 1928 quoddam
856 1849 1081 1906 tenementum
1108 1841 1198 1907 aliud
1223 1843 1265 1907 ab
1291 1864 1329 1907 eo

221 1947 307 2013 unde
322 1947 422 2012 assisa
435 1948 609 2013 arramiata
623 1957 682 2025 est,
697 1956 732 2012 et
746 1946 815 2033 ipsa
830 1946 906 2011 inde
922 1946 986 2011 fuit
1000 1946 1035 2010 in
1055 1946 1174 2011 saisina
1192 1969 1251 2033 per
1270 1948 1328 2034 iiij.

220 2073 322 2115 anuos
351 2058 385 2116 et
414 2052 554 2137 amplius
582 2074 685 2138 usque
714 2051 756 2116 ad
785 2059 917 2137 tempus
946 2050 1032 2137 quod
1064 2052 1151 2116 idem
1189 2051 1329 2116 Thomas

221 2154 434 2219 escambiauit
449 2156 480 2219 ei
494 2163 613 2220 terram
628 2154 718 2219 illam
733 2176 791 2240 pro
805 2154 945 2240 quadam
961 2154 1026 2218 alia
1038 2162 1125 2219 terra
1139 2162 1174 2219 et
1188 2155 1328 2241 quodam

221 2264 316 2343 prato
337 2256 424 2322 unde
445 2258 545 2322 assisa
565 2257 740 2322 arramiata
761 2264 831 2334 etc,
847 2263 881 2321 et
901 2256 981 2321 dicit
1002 2257 1088 2342 quod
1108 2256 1148 2321 de
1169 2258 1330 2322 escambio

221 2359 278 2423 illo
292 2360 357 2424 fuit
371 2360 440 2446 ipse
454 2360 490 2424 in
504 2359 623 2425 seisina
637 2358 672 2423 in
686 2360 758 2424 uita
771 2359 873 2445 patris
894 2358 953 2435 sui,
968 2358 1017 2423 ita
1036 2359 1121 2443 quod
1141 2382 1231 2423 arare
1252 2360 1330 2425 fecit

222 2471 257 2529 et
293 2462 438 2528 excolere
474 2462 637 2548 quandam
670 2462 823 2526 forreram
852 2483 915 2547 qus
945 2460 1169 2547 circumcingit
1198 2470 1329 2548 pratum

222 2566 384 2653 quoddam
404 2565 490 2652 quod
510 2566 542 2630 ei
561 2565 676 2630 datum
696 2565 760 2629 fuit
779 2565 815 2629 in
835 2564 1042 2644 escambium,
1057 2574 1091 2630 et
1106 2566 1192 2651 quod
1206 2567 1270 2632 fuit
1284 2566 1330 2632 sic

220 2669 256 2734 in
270 2668 389 2734 seisina
401 2667 495 2754 ponit
509 2690 543 2733 se
558 2689 656 2753 super
670 2667 818 2753 patriam.

287 2772 455 2836 Juratores
480 2769 595 2835 dicunt
617 2769 703 2855 quod
724 2769 890 2855 predictus
912 2770 1051 2835 Thomas
1073 2770 1165 2835 dedit
1187 2770 1331 2837 Johanui

222 2874 374 2939 filiosuo
401 2896 429 2938 v.
455 2895 517 2939 aer.
543 2880 628 2939 terre
654 2895 714 2959 per
738 2897 766 2938 v.
790 2895 891 2938 annos
914 2882 991 2938 ante
1014 2883 1152 2939 mortem
1177 2898 1269 2939 suam
1296 2882 1331 2939 et

221 2975 386 3063 quoddam
414 2983 555 3061 pratum,
580 2976 629 3040 ita
654 2976 741 3062 quod
770 2984 890 3041 terram
920 2977 1010 3042 illam
1041 2978 1189 3057 excoluit,
1220 2986 1255 3045 et
1284 2980 1331 3044 ibi

221 3079 396 3156 edificauit,
411 3085 446 3143 et
466 3085 581 3163 postea
599 3088 677 3142 ante
699 3086 837 3143 mortem
860 3079 962 3165 ipsius
984 3080 1107 3147 Thome
1129 3082 1222 3146 uenit
1243 3082 1330 3147 idem

222 3183 362 3248 Thomas
385 3189 420 3247 et
445 3181 657 3247 escambiauit
683 3181 715 3247 ei
741 3189 860 3247 terram
884 3183 974 3247 illam
1001 3206 1058 3269 pro
1082 3184 1135 3270 vij.
1158 3208 1220 3251 aer.
1246 3194 1330 3251 terre

221 3288 309 3353 unde
334 3287 435 3353 assisa
456 3286 632 3351 arramiata
657 3294 707 3351 est
736 3309 815 3371 quas
842 3286 873 3351 ei
897 3286 989 3352 dedit
1011 3287 1046 3351 in
1068 3288 1274 3366 escambium,
1297 3297 1331 3354 et

221 3392 309 3478 oepit
328 3392 364 3456 in
382 3413 517 3456 manum
536 3413 629 3455 suam
650 3397 770 3454 terram
791 3413 890 3476 quam
910 3391 999 3478 prius
1019 3392 1050 3456 ei
1065 3392 1207 3470 dederat,
1222 3402 1257 3459 et
1272 3394 1332 3459 hoc

222 3496 287 3561 fuit
300 3518 386 3561 anno
400 3495 555 3581 preterito
570 3494 716 3580 proximo
730 3494 815 3559 circa
830 3495 1104 3581 Assumptionem.
1144 3496 1203 3561 Set
1218 3496 1332 3561 dicunt

223 3598 310 3684 quod
323 3598 393 3684 ipse
408 3598 499 3662 nulla
513 3596 658 3683 expleta⁴
672 3596 736 3661 nisi
751 3596 838 3682 quod
852 3597 946 3683 pauit
961 3597 1153 3683 herbagium
1168 3597 1203 3662 in
1218 3598 1331 3663 eadem

256 3795 335 3846 ¹flio.
804 3797 911 3845 notator
939 3794 980 3843 ior
1007 3794 1096 3857 ipcttoe.
1137 3793 1211 3844 After
1237 3796 1333 3845 settim

256 3860 471 3910 'Gomcurtara
804 3858 900 3909 should
911 3859 997 3909 follow
1008 3861 1072 3922 qaia
1083 3860 1189 3909 Thomas
1200 3861 1272 3910 obiit.

257 3926 532 3987 ’suenmtimeioiao
543 3923 647 3975 substit.
663 3924 697 3988 by
709 3938 753 3974 au-
838 3925 1050 3987 ⁴Supplyceptt.
