3342 5217
499 20 738 81 caraunus.
763 6 856 83 1233,
879 22 942 70 aa
967 5 1017 74 17.
1246 10 1308 74 595

201 194 302 282 Regis
327 194 385 280 qui
408 217 497 260 nunc
520 202 571 260 est
595 203 677 281 aput
703 194 1043 260 Westmonastedum¹
1068 202 1139 273 etc,
1162 202 1196 261 et
1222 194 1309 261 unde

200 294 288 360 idem
315 296 480 380 Walterus
505 296 653 383 queritur
678 296 764 382 quod
786 296 925 383 predicti
946 296 1000 383 xij.
1024 297 1140 361 falsum
1163 298 1310 363 fecerunt

199 408 438 465 sacramentum
463 422 570 465 coram
596 400 781 465 iusticiariis
803 408 886 486 aput
909 399 1136 466 Golecestriam
1163 424 1201 466 eo
1224 402 1310 487 quod

199 500 352 568 dixerunt
382 503 468 590 quod
495 502 661 591 predictus
689 503 854 570 Walterus
883 503 1004 578 iniuste
1034 512 1069 569 et
1094 504 1164 570 sine
1189 504 1310 571 iudicio

199 604 375 672 disseisiust
389 608 493 694 ipsam
508 608 531 672 J
532 607 683 672 ulianam

265 710 309 774 Et
323 709 457 775 Juliana
470 710 564 775 uenit
579 718 614 774 et
628 709 709 775 dicit
723 709 810 796 quod
824 710 925 775 assisa
939 732 1005 775 non
1024 710 1123 777 dohet
1138 710 1214 777 inde
1230 712 1309 791 fieri,

199 812 277 898 quia
297 836 412 878 reuera
433 813 596 878 Robertus
617 814 704 878 filius
726 814 871 901 Philippi
893 816 1056 901 quondam
1079 816 1131 880 uir
1152 840 1230 882 suus
1252 839 1311 903 per

199 926 265 983 tres
279 941 380 983 annos
394 926 570 1005 antequam
589 918 676 983 idem
697 918 861 983 Robertus
881 940 953 983 eam
974 919 1198 1005 desponsasset
1217 920 1310 985 dedit

198 1020 286 1087 idern
316 1022 478 1087 Robertus
507 1022 688 1087 manerium
723 1022 765 1087 de
795 1022 953 1088 Boestede
982 1024 1146 1089 Willelmo
1182 1024 1309 1089 Britoni

198 1126 290 1191 fratri
305 1126 378 1191 suo'
390 1127 439 1192 ita
453 1127 539 1213 quod
553 1126 788 1214 cyrographum
808 1126 885 1191 inde
906 1128 1028 1193 factum
1049 1128 1111 1193 fuit
1131 1150 1190 1214 per
1209 1127 1308 1193 breue

198 1228 240 1295 de
266 1232 424 1296 warancis
449 1240 546 1308 carte,
569 1254 629 1317 per
653 1230 740 1317 quod
765 1238 925 1296 testatum
952 1240 1001 1296 est
1031 1232 1117 1318 quod
1146 1231 1310 1318 predictus

199 1334 362 1400 Robertus
384 1334 572 1422 recognocit
593 1342 700 1399 toturn
724 1335 907 1421 predictum
930 1337 1111 1402 manerium
1130 1359 1205 1401 cum
1227 1342 1309 1422 pert.

199 1460 268 1503 esse
283 1438 350 1504 ius⁸
363 1440 465 1525 ipsius
480 1439 638 1504 Willelmi
652 1440 789 1505 utillud
804 1440 891 1527 quod
906 1440 1023 1506 habuit
1037 1442 1078 1506 de
1098 1441 1182 1505 dono
1202 1462 1260 1504 suo
1274 1440 1310 1504 in

198 1544 348 1610 omn'ibus
362 1546 466 1623 rebus,
482 1553 517 1611 et
531 1569 589 1633 pro
604 1545 680 1611 hac‘
694 1555 756 1612 etc.
770 1546 857 1612 idem
875 1546 1059 1612 Willelmus
1074 1547 1230 1612 concessit
1247 1546 1310 1632 ipsi

199 1647 342 1713 Roberto
356 1656 391 1714 et
405 1649 428 1713 J
429 1650 538 1714 uliane
553 1650 647 1715 uxori
664 1672 722 1715 sue
743 1660 778 1716 et
798 1650 897 1715 sorori
912 1650 1014 1737 ipsius
1030 1650 1186 1715 Willelmi
1201 1658 1309 1715 totum

199 1750 382 1835 predictum
397 1753 578 1817 manerium
594 1777 668 1818 eum
683 1763 763 1840 pert.
780 1753 967 1819 habendum
988 1762 1022 1819 et
1037 1754 1216 1819 tenendum
1230 1754 1310 1840 ipsis

200 1852 342 1917 Roberto
366 1863 401 1919 et
424 1854 557 1921 Juliane
583 1856 676 1921 uxori
702 1880 759 1922 sue
786 1865 821 1921 et
845 1857 943 1921 sorori
966 1856 1068 1942 ipsius
1092 1857 1249 1923 Willelmi
1275 1865 1310 1921 et

199 1956 373 2024 heredibus
394 1960 496 2046 ipsius
522 1961 654 2026 Juliane
680 1970 739 2026 etc.
785 1961 830 2025 Et
854 1961 1037 2026 Willelmus
1062 1961 1153 2026 Brito
1178 1982 1309 2047 presens

199 2070 249 2125 est
267 2060 273 2145 Ι
293 2070 328 2127 et
343 2062 423 2128 dicit
438 2064 523 2150 quod
538 2073 625 2129 terra
639 2064 697 2129 illa
711 2065 742 2129 ei
762 2064 841 2130 data
861 2065 933 2143 fuit,
949 2074 983 2129 et
1003 2066 1073 2151 ipse
1094 2066 1158 2130 fuit
1179 2065 1254 2130 inde
1274 2064 1309 2129 in

199 2164 318 2230 seisina
338 2188 397 2252 per
416 2176 481 2233 tres
500 2191 601 2233 annos
623 2178 799 2255 antequam
822 2169 1057 2256 cyrographum
1079 2170 1201 2234 lactum
1224 2176 1310 2234 esset

199 2275 234 2332 et
257 2268 359 2335 donee
384 2292 456 2335 eam
481 2272 573 2337 dedit
599 2273 634 2336 in
660 2273 868 2360 maritagium
898 2295 972 2338 curn
1003 2272 1149 2359 predicta
1176 2272 1311 2337 Juliana

198 2393 304 2436 sorore
318 2395 385 2439 sua

265 2474 309 2539 Et
331 2475 495 2541 Walterus
516 2476 598 2542 dicit
619 2477 706 2564 quod
731 2477 819 2543 idem
843 2477 1027 2543 Willelmus
1051 2499 1219 2563 nunquam
1245 2478 1309 2542 fuit

199 2578 276 2642 inde
290 2578 325 2643 in
340 2580 466 2657 seisina,
478 2589 528 2644 set
542 2580 596 2645 die
612 2603 676 2667 quo
687 2579 809 2644 donum
823 2580 906 2645 illud
921 2580 991 2645 lieri
1006 2580 1129 2659 debuit,
1144 2580 1172 2644 si
1187 2580 1308 2644 donum

199 2682 272 2760 luit,
286 2684 399 2748 statim
415 2692 500 2749 esset
515 2686 602 2749 faeta
615 2684 748 2750 donatio
768 2685 808 2750 de
829 2685 943 2750 eodem
964 2684 1107 2749 manerio
1127 2683 1162 2748 in
1177 2684 1309 2748 marita-

198 2786 290 2872 gium
313 2809 388 2851 oum
410 2786 480 2874 ipsa
501 2788 636 2852 Juliana
657 2796 692 2852 et
714 2787 827 2852 eodem
850 2786 911 2853 die.
957 2786 1001 2851 Et
1027 2787 1107 2851 dicit
1131 2786 1217 2873 quod
1239 2786 1309 2872 ipse

199 2889 263 2953 fuit
278 2897 358 2955 tuno
371 2890 407 2954 in
422 2890 540 2956 seisina
553 2900 588 2956 et
602 2900 680 2956 ante
696 2900 731 2955 et
745 2899 826 2976 post.

265 2993 343 3058 Post
357 2994 450 3059 uenit
465 2994 599 3060 Juliana
613 3003 648 3060 et
668 2994 833 3082 cognoscit
852 2992 939 3080 quod
959 2992 1012 3058 die
1029 3016 1096 3079 quo
1116 2993 1311 3079 desponsata

199 3097 272 3175 luit,
287 3096 351 3162 fuit
364 3098 434 3184 ipse
449 3097 614 3164 Walterus
633 3108 668 3164 et
688 3098 819 3185 quidam
841 3099 967 3163 Alanus
988 3096 1122 3163 Gubant
1141 3096 1176 3161 in
1191 3096 1310 3161 seisina

198 3198 329 3265 nomine
351 3201 443 3264 firme
465 3208 500 3265 et
521 3209 634 3286 postea
655 3202 744 3287 post⁶
763 3200 895 3286 aliquod
916 3208 1054 3285 tempus,
1071 3208 1106 3264 et
1126 3199 1203 3285 quia
1222 3198 1309 3263 idem

199 3303 362 3367 Robertus
376 3302 540 3391 obligatus
554 3304 617 3369 fuit
631 3304 655 3369 J
656 3304 748 3369 udeis
762 3304 797 3368 in
811 3304 912 3369 debit'
928 3304 1021 3368 uenit
1041 3302 1127 3367 idem
1148 3301 1310 3367 Robertus

199 3416 234 3471 et
253 3407 404 3472 uendidit
421 3408 483 3494 ipsi
498 3408 663 3473 Willclmo
683 3408 864 3473 manerium
885 3407 967 3471 illud
988 3415 1022 3471 et
1042 3407 1111 3493 ipse
1126 3406 1310 3471 Willelmus

198 3510 355 3576 satisfecit
370 3510 448 3596 ipsis
463 3511 607 3576 Waltero
622 3520 657 3577 et
671 3512 777 3576 Alano
791 3510 832 3575 de
848 3510 988 3575 termino
1002 3532 1068 3587 suc,
1080 3517 1114 3574 et
1128 3508 1309 3573 manerium

230 3721 241 3753 ¹
258 3720 323 3771 This
345 3721 359 3770 1
380 3720 458 3771 think
479 3724 551 3770 must
573 3734 651 3771 mean
668 3720 728 3770 that
778 3725 806 3770 to
823 3735 840 3771 a
858 3719 1007 3769 settlement
1023 3718 1099 3768 made
1116 3716 1150 3781 by
1165 3716 1262 3767 Robert
1279 3716 1308 3765 in

199 3786 245 3836 the
276 3787 336 3849 jury
363 3800 450 3836 comes
476 3789 504 3836 to
535 3785 727 3835 Westminster.
778 3785 871 3835 favour
882 3785 911 3834 ol
921 3784 1044 3833 sseocnd
1054 3784 1121 3833 wile.

197 3852 727 3914 Henryvasurstcrownedetolouoester.
810 3850 822 3882 ⁸
838 3853 879 3899 ists
891 3849 1019 3911 repeated.

231 3917 371 3967 ¹Brother·
392 3916 421 3966 ol
447 3916 563 3965 Julisna.
596 3916 622 3965 It
645 3930 728 3965 seems
811 3916 822 3947 ⁴
834 3930 882 3978 pro
895 3914 1123 3976 hocrccopaieioae
1135 3928 1165 3962 or
1175 3911 1220 3963 the
1231 3912 1291 3963 like.

197 3982 278 4044 likely
289 3981 348 4031 that
362 3981 469 4031 Julisns
484 3981 508 4030 is
524 3980 685 4043 stepmother
701 3980 731 4030 ol
811 3980 823 4013 ὅ
839 3980 911 4029 Gerr.
919 3994 967 4043 per
980 3979 1021 4045 (l).

199 4047 300 4097 Walter
315 4046 369 4097 and
385 4046 444 4096 that
460 4046 506 4095 the
519 4046 642 4108 question
658 4045 682 4095 ie
698 4060 728 4095 ss

1114 4144 1220 4207 38—ss
