3342 5217
370 505 509 590 [Hilary
531 503 597 569 aad
619 504 743 580 Ecstor,
766 517 832 568 aa.
855 505 950 581 1228,
971 517 1035 568 aa
1058 503 1123 587 12]
1232 506 1295 570 229

189 691 358 758 senescalli
395 690 515 757 Cecilie
545 712 665 777 proaue
695 688 771 754 sue¹
801 697 835 753 et
872 696 986 774 postea
1021 689 1167 776 Rogorus
1202 699 1297 776 pater

189 795 293 880 ipsius
323 793 514 879 Randulphi
542 801 613 858 toto
637 801 782 878 tempore
812 815 871 856 suo
894 791 1044 856 similiter
1067 815 1126 878 per
1153 793 1294 880 assigna-

188 899 312 963 tionem
348 898 492 962 eiusdem
529 896 696 962 senescalli
725 896 801 960 fecit
832 896 968 961 eandem
1004 906 1127 962 sectam
1155 908 1190 963 et
1218 899 1294 963 inde

188 1001 282 1087 ponit
312 1020 345 1064 se
371 1021 469 1084 super
489 999 630 1085 patriam
652 1006 687 1063 et
712 998 929 1084 Randulphus
953 999 1111 1066 similitor.
1155 1001 1200 1064 Et
1221 1000 1295 1067 ideo

188 1106 248 1170 fiat
263 1105 371 1170 iurata
385 1112 419 1168 et
441 1104 553 1168 ueniat
572 1103 577 1190 l
597 1125 617 1168 a
636 1102 689 1167 die
711 1103 832 1168 Pascha
853 1103 888 1167 in
908 1126 958 1169 xv.
978 1103 1109 1169 diesad
1128 1128 1295 1192 recognos-

188 1207 337 1285 cendum,
374 1205 402 1270 si
438 1203 639 1292 Reginaldus
676 1205 859 1269 auunculus
899 1206 1024 1292 Rogeri.
1054 1208 1157 1293 patris
1192 1208 1294 1295 ipsius

189 1312 357 1397 Radulphi
386 1311 463 1376 fecit
491 1310 670 1396 predictam
694 1318 816 1376 sectam
842 1311 884 1375 ad
911 1311 1089 1397 predictam
1113 1313 1235 1377 curiam
1260 1323 1295 1378 et

188 1415 332 1480 reddidit
354 1413 515 1500 predictos
537 1413 618 1478 duos
639 1412 764 1489 solidos,
788 1420 822 1477 at
852 1413 880 1477 si
909 1413 997 1478 idem
1025 1413 1173 1500 Rogems
1201 1425 1295 1500 pater

187 1519 291 1604 ipsius
320 1515 487 1601 Radulphi
516 1523 585 1580 toto
615 1524 761 1600 tempere
790 1537 849 1580 suo
878 1515 1029 1581 similiter
1057 1518 1134 1582 lecit
1158 1518 1294 1584 eandem

187 1631 311 1688 sectam
335 1631 370 1686 et
391 1621 478 1686 idem
505 1619 679 1684 seruicium
702 1642 760 1704 per
783 1619 1034 1705 assignationem
1060 1622 1228 1686 Michaelis
1253 1622 1294 1688 de

189 1729 346 1794 Stifordia
375 1725 542 1792 senescalli
572 1724 692 1790 Cecilic
722 1724 855 1809 proauis
884 1725 1031 1789 eiusdem
1055 1726 1182 1791 Warini
1206 1735 1241 1792 et
1266 1728 1294 1792 si

186 1833 276 1897 idem
299 1829 499 1917 Reginaldus
521 1836 555 1894 et
580 1828 725 1913 Rogerus
749 1826 933 1892 debuerunt
956 1829 1129 1893 seruicium
1152 1830 1234 1895 illud
1260 1841 1295 1895 et

186 1947 311 2003 sectam
333 1937 423 2001 illam
445 1935 485 2000 de
508 1934 587 2010 iure,
609 1933 687 2019 quia
709 1941 780 1997 tam·
799 1933 954 1997 Warinus
975 1956 1074 2019 quam
1101 1934 1294 2021 Radulphus

187 2047 368 2127 posuerunt
383 2060 417 2103 se
432 2037 467 2101 in
482 2037 622 2102 iuratam
639 2037 735 2105 illam

256 2145 300 2209 Et
315 2142 481 2208 sciendum
497 2149 547 2206 est
565 2139 651 2226 quod
672 2139 850 2225 Episcopus
869 2141 963 2205 uenit
982 2163 1088 2206 coram
1110 2141 1294 2207 iusticiariis

187 2255 224 2313 et
253 2245 407 2333 cognouit
436 2244 522 2330 quod
551 2243 725 2330 destringit
754 2242 934 2328 predictam
971 2251 1090 2307 terram
1120 2266 1177 2328 pro
1205 2252 1295 2309 secta

187 2373 288 2436 quam
318 2348 470 2412 Warinus
499 2347 531 2412 ei
559 2347 658 2412 debet
686 2347 770 2411 sicut
800 2346 841 2412 de
870 2355 1057 2411 tenemento
1080 2347 1166 2432 quod
1191 2349 1232 2412 de
1256 2372 1295 2413 eo

188 2461 293 2520 tenet.
335 2453 380 2516 Et
395 2451 547 2516 Warinus
561 2450 653 2536 ponit
669 2450 736 2514 loco
752 2472 815 2515 suo
825 2451 1021 2515 Nicholaum
1036 2450 1077 2515 de
1091 2450 1195 2517 Berk'.

109 2559 131 2617 ⁹.
256 2555 411 2620 Priorissa
430 2554 594 2620 deEtona
608 2552 729 2638 optulit
744 2575 778 2618 se
797 2552 870 2638 iiijto
890 2553 943 2618 die
964 2575 1077 2617 uersus
1099 2553 1294 2640 Magistrum

186 2657 378 2744 [Alanum]²
415 2658 583 2723 officialem
620 2655 744 2720 domini
780 2655 1026 2741 Wyn'toniensis
1066 2657 1217 2743 Episcopi
1253 2658 1294 2724 de

188 2762 312 2849 placito
341 2783 440 2847 quare
470 2783 535 2825 non
565 2759 697 2824 admisit
728 2758 914 2824 iodoneam⁸
941 2782 1111 2844 personam
1147 2761 1189 2825 ad
1222 2784 1295 2847 pre·

189 2864 407 2932 sentationem
438 2863 589 2928 Priorisse
614 2863 655 2927 ad
685 2863 842 2948 capellam
864 2861 905 2926 de
928 2863 1114 2928 Clenefeud'
1137 2863 1177 2928 de
1203 2865 1296 2930 cuius

190 2969 403 3036 aduocatione
432 2968 596 3033 contentio
626 2967 690 3032 fuit
718 2967 805 3032 inter
833 2967 940 3052 ipsam-
966 2977 1000 3032 et
1030 2969 1294 3033 Bartholomeum

190 3073 464 3140 Archidisconum
480 3072 748 3159 Wyntoniensem
763 3079 797 3135 et
818 3093 916 3162 quam
938 3079 1050 3155 postea
1070 3071 1296 3137 disrationauit

191 3199 301 3242 coram
325 3177 510 3242 iusticiariis
538 3177 580 3241 ad
610 3176 669 3241 hoc
697 3175 876 3262 assignatis,
921 3175 965 3239 Et
991 3175 1149 3261 Magister
1170 3177 1295 3242 Alanus

191 3303 259 3346 non
272 3280 366 3346 uenit
381 3288 443 3346 etc.
457 3289 491 3345 et
506 3279 697 3345 mandatum
712 3280 776 3343 fuit
791 3279 975 3344 uioecomiti
995 3279 1081 3365 quod
1101 3279 1296 3344 attachiaret

192 3385 307 3470 [eum]‚
337 3392 371 3448 et
407 3384 586 3448 uicccomes
622 3382 792 3447 mandauit
823 3382 910 3468 quod
939 3405 1005 3446 non
1040 3382 1140 3447 habet
1177 3383 1296 3447 laicum

192 3487 324 3553 feodum
348 3510 407 3573 per
427 3487 513 3574 quod
535 3487 687 3574 distringi
708 3487 810 3572 possit
836 3486 872 3551 in
896 3486 1019 3550 balliua
1043 3509 1109 3553 sua
1155 3487 1198 3552 Et
1223 3486 1296 3552 ideo

192 3591 263 3656 dies
290 3591 386 3655 datus
416 3599 467 3654 est
496 3590 601 3655 eidem
631 3590 783 3655 Prion'sse
807 3613 827 3655 a
850 3589 904 3655 die
934 3589 1054 3655 Pasche
1083 3590 1119 3654 in
1142 3615 1192 3656 xv.
1218 3591 1295 3668 dies,

181 3700 229 3762 'ct
265 3695 457 3760 mandatum
494 3702 544 3759 est
574 3695 749 3782 [Magistro
774 3695 881 3758 Alano
909 3694 1008 3778 sicut]
1045 3695 1174 3759 officiali
1209 3695 1294 3780 quod

191 3800 350 3866 admittat
385 3798 537 3864 clericum
574 3821 679 3875 suum,
714 3798 857 3884 alioquin
893 3797 1044 3862 dominus
1081 3798 1152 3862 Rex
1188 3798 1296 3883 capiat

192 3927 228 3969 se
251 3903 294 3968 ad
319 3903 505 3989 episcopum
535 3903 627 3967 cuius
656 3903 744 3968 uices
774 3903 882 3990 gerit⁴.
928 3904 971 3967 Et
997 3902 1177 3986 [Priorissa]
1204 3903 1296 3988 ponit

193 4009 263 4072 loco
285 4029 344 4071 suo
368 4007 501 4071 fratrem
528 4006 707 4071 Robertum
731 4007 772 4071 de
798 4007 948 4084 Lectona,
974 4008 1028 4071 uel
1058 4008 1190 4072 fratrem
1214 4007 1296 4071 Wil-

193 4110 330 4176 lolmum
345 4107 386 4172 de
403 4109 517 4174 Etona.

124 4271 137 4288 ,
261 4214 346 4279 Cum
374 4212 539 4278 contentio
569 4222 652 4279 esset
682 4214 768 4279 inter
796 4213 891 4278 Dom.
921 4213 1046 4299 Regem
1075 4222 1111 4278 et
1139 4213 1233 4278 Dom.
1265 4216 1297 4282 S.
1353 4239 1416 4279 rene

226 4413 237 4508 ζ
250 4413 421 4524 proauiersgm
431 4410 544 4488 Warin's
555 4417 712 4489 ancestress.
802 4413 814 4510 ἰ
831 4412 903 4461 Corr.
914 4413 1038 4460 idoneam.

193 4477 719 4621 22222222·
772 4476 1299 4605 8εαὶ222222222
