3342 5217
185 1244 410 1329 [¹PLACITA
445 1244 570 1311 APUD
607 1243 1070 1309 WESTMONASTERIUM
1099 1243 1161 1307 DE
1190 1242 1293 1306 TER-

275 1348 394 1413 MINO
433 1348 465 1413 S„
502 1346 763 1411 TRINITATIS
800 1346 932 1412 ANNO
970 1345 1114 1411 REGNI
1156 1344 1293 1410 REGIS

275 1452 471 1519 HENRIOI
495 1452 606 1517 FILII
631 1452 766 1517 REGIS
790 1450 1027 1517 IOHANNIS
1053 1448 1292 1533 SECUNDO]

254 2042 366 2107 assisa
395 2044 487 2109 uenit
509 2044 714 2132 recognitum
735 2045 807 2131 quis
830 2045 1008 2110 aduocatos
1033 2054 1178 2131 tempora
1208 2043 1296 2130 pacis
1307 2062 1335 2113 [11
1356 2062 1427 2103 wm.

185 2148 389 2231 presentauit
405 2150 554 2215 ultimam
566 2174 734 2237 personam
750 2174 812 2236 que
827 2159 958 2215 mortua
967 2151 1068 2215 estad
1079 2150 1246 2215 ecclesiam
1255 2149 1296 2215 de

187 2251 331 2338 Burlega
360 2275 422 2338 que
452 2262 548 2319 uacat
578 2262 638 2319 eto.
663 2254 756 2318 ouius
779 2254 1029 2324 aduooaoionem
1058 2253 1226 2319 Iohannes
1255 2252 1297 2317 de

187 2354 331 2441 Burlega
358 2355 477 2421 clamat
507 2379 620 2421 uersus
649 2356 792 2421 Priorem
822 2356 863 2421 de
893 2356 1042 2420 Wittona
1064 2356 1122 2442 qui
1144 2355 1238 2421 uenit
1262 2364 1298 2420 et

186 2456 268 2521 dicit
283 2458 370 2543 quod
384 2460 483 2523 assisa
498 2482 561 2524 non
577 2460 675 2525 debet
689 2460 765 2525 inde
782 2460 853 2525 fieri
868 2460 945 2546 quia
959 2459 1096 2524 ecclesia
1114 2481 1179 2523 non
1199 2441 1297 2522 riaeat

188 2560 289 2625 immo
303 2561 372 2647 ipse
388 2572 438 2627 est
452 2563 528 2628 inde
544 2585 680 2649 persona
694 2588 752 2649 per
772 2564 893 2629 donum
913 2563 1072 2629 Willelmi
1092 2565 1132 2628 de
1155 2564 1298 2649 Burlega
1351 2574 1354 2578 ’

188 2664 292 2749 patrie
320 2664 422 2750 ipsius
451 2663 611 2730 Johannis
640 2688 699 2752 per
727 2674 851 2731 cartam
880 2664 982 2751 ipsius
1012 2665 1168 2730 Willelmi
1198 2686 1296 2751 quam

187 2768 311 2851 profert
337 2776 371 2831 et
393 2790 455 2854 que
479 2776 621 2833 testatur
641 2768 727 2855 quod
749 2769 817 2854 ipse
841 2768 869 2832 si
888 2768 968 2854 quid
987 2768 1067 2832 iuris
1084 2777 1143 2832 aut
1161 2768 1298 2833 dominii

189 2868 306 2933 habuit
321 2868 356 2933 in
372 2871 495 2955 capella
509 2871 550 2935 de
565 2872 707 2957 Burlega
721 2871 803 2935 illud
818 2870 952 2935 ecclesie
968 2871 1008 2935 de
1024 2872 1174 2935 Wittona
1188 2879 1296 2935 totum

188 2970 223 3034 in
247 2978 439 3056 perpetuam
462 2972 670 3037 elemosinam
689 2982 723 3037 et
747 2972 912 3037 monachis
933 2972 1047 3037 Sancti
1068 2971 1158 3037 Petri
1173 2972 1297 3038 Castel-

188 3072 285 3137 lionis
305 3073 430 3139 dimisit
454 3083 488 3139 et
511 3075 690 3140 concessit².

255 3176 299 3240 Et
314 3176 481 3242 Iohannes
498 3178 591 3244 uenit
606 3187 641 3243 et
655 3178 801 3244 defendit
816 3186 939 3243 cartam
954 3188 988 3243 et
1003 3178 1147 3265 sigillum
1163 3186 1198 3241 et
1218 3176 1299 3241 dicit

187 3282 276 3366 quod
291 3290 385 3367 pater
399 3304 476 3346 suus
490 3304 657 3369 nunquam
678 3282 767 3347 illam
783 3282 860 3347 fecit
876 3291 937 3347 etc.

255 3386 300 3449 Et
323 3385 414 3449 Prior
435 3388 527 3451 uenit
550 3396 585 3452 et
608 3387 688 3451 dicit
713 3386 800 3472 quod
822 3395 917 3471 pater
942 3408 1021 3451 suus
1048 3386 1139 3449 illam
1166 3386 1242 3450 fecit
1264 3395 1300 3450 et

188 3489 333 3576 sigillum
360 3512 455 3554 suum
481 3492 558 3555 fecit
582 3500 616 3555 et
639 3491 715 3557 inde
737 3501 873 3577 poneret
896 3514 931 3556 se
957 3514 1055 3577 super
1075 3500 1177 3555 testes
1196 3490 1299 3554 nomi·

189 3602 283 3658 natos
312 3592 348 3655 in
378 3602 467 3657 carta
495 3602 545 3658 set
574 3594 696 3658 mortui
725 3601 802 3658 sunt
831 3604 866 3657 ot
896 3593 976 3658 dicit
1006 3593 1091 3679 quod
1120 3593 1232 3657 Abbas
1258 3592 1299 3657 de

190 3696 352 3783 Bordlega
380 3696 480 3761 habet
510 3706 614 3761 cartas
643 3697 683 3761 da
714 3696 783 3783 ipso
813 3697 978 3761 Willelmo
1003 3697 1161 3783 sigillatas
1185 3695 1298 3761 eodem

190 3800 296 3887 sigillo
316 3808 351 3864 et
369 3799 515 3886 Rogems
533 3800 573 3864 de
596 3800 784 3865 Sherlecota
806 3800 957 3865 sirniliter
976 3809 1011 3864 et
1030 3800 1191 3865 Gerardus
1213 3799 1299 3864 filius

190 3904 349 3969 Willelmi
363 3904 471 3969 clerici
485 3904 545 3969 filii
560 3904 698 3990 predicti
712 3904 871 3969 Willelmi
885 3903 1037 3969 similiter
1053 3903 1153 3968 habet
1173 3912 1298 3968 cartam

191 4016 251 4072 eto.

224 4180 233 4213 ¹
244 4180 425 4243 Arexplained
436 4182 463 4231 in
473 4182 517 4232 the
529 4182 718 4241 Introduction,
769 4196 843 4232 anses
853 4181 920 4230 from
931 4179 1035 4242 Trinity
1045 4183 1112 4229 term
1123 4181 1197 4228 lala.

192 4245 236 4294 the
246 4246 349 4295 autside
361 4246 433 4296 ahoet
444 4248 471 4296 oi
485 4247 530 4297 the
541 4248 598 4297 fimt
609 4248 683 4310 quire
693 4248 720 4297 of
803 4246 813 4277 ²
831 4247 944 4296 Monast.
961 4245 996 4294 vi.
1009 4247 1065 4296 994.
1101 4244 1156 4294 The
1171 4244 1259 4307 priory
1271 4244 1301 4295 of

192 4311 236 4360 the
245 4311 292 4360 MS
303 4312 328 4360 ia
339 4311 457 4375 missing,
469 4312 574 4363 andtha
585 4312 652 4361 book
663 4327 721 4361 now
770 4311 879 4361 Wotton
896 4311 1000 4359 Wawen
1022 4324 1075 4359 was
1096 4325 1113 4359 a
1135 4310 1183 4359 cell
1204 4310 1233 4358 of
1255 4309 1300 4358 tha

192 4376 416 4440 beginsabruptly‚
426 4377 536 4428 without
544 4377 601 4445 title
610 4378 720 4427 orhead·
771 4378 860 4438 Abbey
876 4376 906 4425 of
925 4374 1066 4425 castellion
1086 4391 1117 4425 or
1134 4374 1252 4425 Conohea
1272 4374 1300 4423 in

193 4441 245 4503 ing,
262 4441 326 4491 aith
346 4442 415 4492 what
433 4454 501 4493 seam
521 4442 621 4505 plamly
640 4446 668 4492 to
691 4444 721 4492 be
771 4440 932 4503 Normandy.

280 4543 313 4589 rr.
1193 4526 1210 4585 l
