<?xml version="1.0" encoding="UTF-8"?>
<!DOCTYPE html PUBLIC "-//W3C//DTD XHTML 1.0 Transitional//EN"
    "http://www.w3.org/TR/xhtml1/DTD/xhtml1-transitional.dtd">
<html xmlns="http://www.w3.org/1999/xhtml" xml:lang="en" lang="en">
 <head>
  <title>
</title>
<meta http-equiv="Content-Type" content="text/html;charset=utf-8" />
  <meta name='ocr-system' content='tesseract 3.04.00' />
  <meta name='ocr-capabilities' content='ocr_page ocr_carea ocr_par ocr_line ocrx_word'/>
</head>
<body>
  <div class='ocr_page' id='page_1' title='image "bractonsnoteboo01maitgoog_0203.png"; bbox 0 0 3342 5217; ppageno 0'>
   <div class='ocr_carea' id='block_1_1' title="bbox 535 465 1338 544">
    <p class='ocr_par' dir='ltr' id='par_1_1' title="bbox 535 465 1338 544">
     <span class='ocr_line' id='line_1_1' title="bbox 535 465 1338 544; baseline 0.007 -15"><span class='ocrx_word' id='word_1_1' title='bbox 535 479 674 544; x_wconf 74' lang='lat' dir='ltr'><strong>nascas,</strong></span> <span class='ocrx_word' id='word_1_2' title='bbox 696 481 760 531; x_wconf 74' lang='lat' dir='ltr'><strong>an.</strong></span> <span class='ocrx_word' id='word_1_3' title='bbox 786 465 878 542; x_wconf 78' lang='lat'>1227,</span> <span class='ocrx_word' id='word_1_4' title='bbox 900 483 963 532; x_wconf 76' lang='lat' dir='ltr'><strong>aa.</strong></span> <span class='ocrx_word' id='word_1_5' title='bbox 988 470 1038 532; x_wconf 92' lang='lat'><strong>11.</strong></span> <span class='ocrx_word' id='word_1_6' title='bbox 1274 469 1338 537; x_wconf 88' lang='grc'><strong>197</strong></span> 
     </span>
    </p>
   </div>
   <div class='ocr_carea' id='block_1_2' title="bbox 229 619 1339 732">
    <p class='ocr_par' dir='ltr' id='par_1_2' title="bbox 229 619 1339 732">
     <span class='ocr_line' id='line_1_2' title="bbox 229 619 1339 732; baseline 0.005 -27"><span class='ocrx_word' id='word_1_7' title='bbox 229 641 281 705; x_wconf 91' lang='lat' dir='ltr'><strong>uit</strong></span> <span class='ocrx_word' id='word_1_8' title='bbox 302 641 456 706; x_wconf 86' lang='lat' dir='ltr'><strong>seisinam</strong></span> <span class='ocrx_word' id='word_1_9' title='bbox 478 663 537 727; x_wconf 90' lang='lat' dir='ltr'><strong>per</strong></span> <span class='ocrx_word' id='word_1_10' title='bbox 558 641 737 708; x_wconf 80' lang='lat' dir='ltr'><strong>imatorcs¹.</strong></span> <span class='ocrx_word' id='word_1_11' title='bbox 783 645 827 708; x_wconf 86' lang='lat' dir='ltr'><strong>Et</strong></span> <span class='ocrx_word' id='word_1_12' title='bbox 849 645 1012 710; x_wconf 78' lang='lat' dir='ltr'><strong>Robertus</strong></span> <span class='ocrx_word' id='word_1_13' title='bbox 1032 645 1120 710; x_wconf 84' lang='lat' dir='ltr'><strong>dixit</strong></span> <span class='ocrx_word' id='word_1_14' title='bbox 1136 619 1222 732; x_wconf 90' lang='lat' dir='ltr'><strong>qnod</strong></span> <span class='ocrx_word' id='word_1_15' title='bbox 1241 669 1339 732; x_wconf 87' lang='lat' dir='ltr'><strong>super</strong></span> 
     </span>
    </p>
   </div>
   <div class='ocr_carea' id='block_1_3' title="bbox 184 743 1483 4050">
    <p class='ocr_par' dir='ltr' id='par_1_3' title="bbox 223 743 1483 1972">
     <span class='ocr_line' id='line_1_3' title="bbox 231 743 1483 843; baseline 0.006 -37"><span class='ocrx_word' id='word_1_16' title='bbox 231 743 291 807; x_wconf 91' lang='lat' dir='ltr'><strong>hoc</strong></span> <span class='ocrx_word' id='word_1_17' title='bbox 321 743 509 829; x_wconf 89' lang='lat' dir='ltr'><strong>loqueretur</strong></span> <span class='ocrx_word' id='word_1_18' title='bbox 538 751 572 808; x_wconf 88' lang='lat' dir='ltr'><strong>et</strong></span> <span class='ocrx_word' id='word_1_19' title='bbox 601 746 768 810; x_wconf 88' lang='lat' dir='ltr'><strong>consultus</strong></span> <span class='ocrx_word' id='word_1_20' title='bbox 798 747 891 812; x_wconf 87' lang='lat' dir='ltr'><strong>uenit</strong></span> <span class='ocrx_word' id='word_1_21' title='bbox 920 757 955 812; x_wconf 88' lang='lat' dir='ltr'><strong>ct</strong></span> <span class='ocrx_word' id='word_1_22' title='bbox 983 747 1131 813; x_wconf 77' lang='lat' dir='ltr'><strong>defendit</strong></span> <span class='ocrx_word' id='word_1_23' title='bbox 1159 749 1211 814; x_wconf 89' lang='lat' dir='ltr'><strong>ius</strong></span> <span class='ocrx_word' id='word_1_24' title='bbox 1236 748 1483 843; x_wconf 54' lang='lat' dir='ltr'><strong>ipsiusffiffl</strong></span> 
     </span>
     <span class='ocr_line' id='line_1_4' title="bbox 230 845 1414 940; baseline 0.008 -30"><span class='ocrx_word' id='word_1_25' title='bbox 230 845 388 912; x_wconf 89' lang='lat' dir='ltr'><strong>Willelmi</strong></span> <span class='ocrx_word' id='word_1_26' title='bbox 412 847 452 912; x_wconf 92' lang='lat' dir='ltr'><strong>de</strong></span> <span class='ocrx_word' id='word_1_27' title='bbox 478 849 578 912; x_wconf 92' lang='lat' dir='ltr'><strong>uerbo</strong></span> <span class='ocrx_word' id='word_1_28' title='bbox 601 849 635 913; x_wconf 89' lang='lat' dir='ltr'><strong>in</strong></span> <span class='ocrx_word' id='word_1_29' title='bbox 659 851 797 915; x_wconf 90' lang='lat' dir='ltr'><strong>uerbum</strong></span> <span class='ocrx_word' id='word_1_30' title='bbox 821 851 862 916; x_wconf 88' lang='lat' dir='ltr'><strong>de</strong></span> <span class='ocrx_word' id='word_1_31' title='bbox 885 851 1003 916; x_wconf 87' lang='lat' dir='ltr'><strong>seisina</strong></span> <span class='ocrx_word' id='word_1_32' title='bbox 1025 853 1181 917; x_wconf 89' lang='lat' dir='ltr'><strong>auunculi</strong></span> <span class='ocrx_word' id='word_1_33' title='bbox 1204 854 1255 918; x_wconf 90' lang='lat' dir='ltr'><strong>sui</strong></span> <span class='ocrx_word' id='word_1_34' title='bbox 1280 853 1414 940; x_wconf 57' lang='lat' dir='ltr'><strong>per‘m</strong></span> 
     </span>
     <span class='ocr_line' id='line_1_5' title="bbox 229 949 1338 1035; baseline 0.01 -23"><span class='ocrx_word' id='word_1_35' title='bbox 229 972 345 1035; x_wconf 88' lang='lat' dir='ltr'><strong>corpus</strong></span> <span class='ocrx_word' id='word_1_36' title='bbox 359 949 527 1015; x_wconf 87' lang='lat' dir='ltr'><strong>cuiusdam</strong></span> <span class='ocrx_word' id='word_1_37' title='bbox 543 952 637 1016; x_wconf 85' lang='lat' dir='ltr'><strong>liberi</strong></span> <span class='ocrx_word' id='word_1_38' title='bbox 652 953 791 1018; x_wconf 89' lang='lat' dir='ltr'><strong>hominis</strong></span> <span class='ocrx_word' id='word_1_39' title='bbox 805 954 857 1019; x_wconf 89' lang='lat' dir='ltr'><strong>sui</strong></span> <span class='ocrx_word' id='word_1_40' title='bbox 867 955 932 1019; x_wconf 88' lang='lat' dir='ltr'><strong>scil</strong></span> <span class='ocrx_word' id='word_1_41' title='bbox 948 955 971 1020; x_wconf 82' lang='lat' dir='ltr'><strong>J</strong></span> <span class='ocrx_word' id='word_1_42' title='bbox 972 955 1108 1020; x_wconf 88' lang='lat' dir='ltr'><strong>ohannis</strong></span> <span class='ocrx_word' id='word_1_43' title='bbox 1119 956 1179 1020; x_wconf 90' lang='lat' dir='ltr'><strong>filii</strong></span> <span class='ocrx_word' id='word_1_44' title='bbox 1190 957 1338 1024; x_wconf 86' lang='lat' dir='ltr'><strong>Ricardi¹</strong></span> 
     </span>
     <span class='ocr_line' id='line_1_6' title="bbox 230 1053 1338 1142; baseline 0.006 -25"><span class='ocrx_word' id='word_1_45' title='bbox 230 1053 285 1118; x_wconf 89' lang='lat' dir='ltr'><strong>uel</strong></span> <span class='ocrx_word' id='word_1_46' title='bbox 300 1053 474 1140; x_wconf 84' lang='lat' dir='ltr'><strong>paralium</strong></span> <span class='ocrx_word' id='word_1_47' title='bbox 489 1053 546 1140; x_wconf 91' lang='lat' dir='ltr'><strong>qui</strong></span> <span class='ocrx_word' id='word_1_48' title='bbox 561 1054 621 1118; x_wconf 89' lang='lat' dir='ltr'><strong>hoc</strong></span> <span class='ocrx_word' id='word_1_49' title='bbox 636 1056 739 1120; x_wconf 88' lang='lat' dir='ltr'><strong>facere</strong></span> <span class='ocrx_word' id='word_1_50' title='bbox 755 1057 856 1142; x_wconf 82' lang='lat' dir='ltr'>possit</span> <span class='ocrx_word' id='word_1_51' title='bbox 871 1065 906 1121; x_wconf 89' lang='lat' dir='ltr'><strong>et</strong></span> <span class='ocrx_word' id='word_1_52' title='bbox 920 1057 1047 1124; x_wconf 87' lang='lat' dir='ltr'><strong>debeat.</strong></span> <span class='ocrx_word' id='word_1_53' title='bbox 1092 1060 1136 1123; x_wconf 86' lang='lat' dir='ltr'><strong>Et</strong></span> <span class='ocrx_word' id='word_1_54' title='bbox 1151 1059 1338 1126; x_wconf 89' lang='lat' dir='ltr'><strong>Willelmus</strong></span> 
     </span>
     <span class='ocr_line' id='line_1_7' title="bbox 227 1156 1338 1245; baseline 0.008 -25"><span class='ocrx_word' id='word_1_55' title='bbox 227 1157 323 1221; x_wconf 75' lang='lat' dir='ltr'><strong>offert</strong></span> <span class='ocrx_word' id='word_1_56' title='bbox 352 1156 549 1222; x_wconf 81' lang='lat' dir='ltr'><strong>diracionare</strong></span> <span class='ocrx_word' id='word_1_57' title='bbox 579 1180 638 1244; x_wconf 89' lang='lat' dir='ltr'><strong>per</strong></span> <span class='ocrx_word' id='word_1_58' title='bbox 666 1181 781 1245; x_wconf 88' lang='lat' dir='ltr'><strong>corpus</strong></span> <span class='ocrx_word' id='word_1_59' title='bbox 804 1161 972 1226; x_wconf 88' lang='lat' dir='ltr'><strong>cuiusdam</strong></span> <span class='ocrx_word' id='word_1_60' title='bbox 996 1162 1091 1228; x_wconf 90' lang='lat' dir='ltr'><strong>liberi</strong></span> <span class='ocrx_word' id='word_1_61' title='bbox 1114 1163 1255 1228; x_wconf 86' lang='lat' dir='ltr'><strong>hominis</strong></span> <span class='ocrx_word' id='word_1_62' title='bbox 1277 1165 1338 1243; x_wconf 88' lang='lat' dir='ltr'><strong>sui,</strong></span> 
     </span>
     <span class='ocr_line' id='line_1_8' title="bbox 225 1261 1339 1354; baseline 0.009 -30"><span class='ocrx_word' id='word_1_63' title='bbox 225 1261 294 1325; x_wconf 90' lang='lat' dir='ltr'><strong>scil.</strong></span> <span class='ocrx_word' id='word_1_64' title='bbox 318 1261 471 1326; x_wconf 90' lang='lat' dir='ltr'><strong>Nicholai</strong></span> <span class='ocrx_word' id='word_1_65' title='bbox 485 1261 526 1327; x_wconf 90' lang='lat' dir='ltr'><strong>de</strong></span> <span class='ocrx_word' id='word_1_66' title='bbox 549 1263 733 1351; x_wconf 79' lang='lat' dir='ltr'><strong>Turtegol’⁸,</strong></span> <span class='ocrx_word' id='word_1_67' title='bbox 756 1264 813 1350; x_wconf 90' lang='lat' dir='ltr'><strong>qui</strong></span> <span class='ocrx_word' id='word_1_68' title='bbox 835 1265 915 1330; x_wconf 87' lang='lat' dir='ltr'><strong>dicit</strong></span> <span class='ocrx_word' id='word_1_69' title='bbox 938 1267 1024 1353; x_wconf 91' lang='lat' dir='ltr'><strong>quod</strong></span> <span class='ocrx_word' id='word_1_70' title='bbox 1047 1267 1223 1333; x_wconf 85' lang='lat' dir='ltr'><strong>Geruasius</strong></span> <span class='ocrx_word' id='word_1_71' title='bbox 1244 1279 1339 1354; x_wconf 85' lang='lat' dir='ltr'><strong>pater</strong></span> 
     </span>
     <span class='ocr_line' id='line_1_9' title="bbox 224 1364 1338 1455; baseline 0.008 -28"><span class='ocrx_word' id='word_1_72' title='bbox 224 1387 304 1428; x_wconf 87' lang='lat' dir='ltr'><strong>suus</strong></span> <span class='ocrx_word' id='word_1_73' title='bbox 341 1364 426 1429; x_wconf 87' lang='lat' dir='ltr'><strong>uidit</strong></span> <span class='ocrx_word' id='word_1_74' title='bbox 462 1364 642 1430; x_wconf 87' lang='lat' dir='ltr'><strong>Robertum</strong></span> <span class='ocrx_word' id='word_1_75' title='bbox 678 1368 879 1432; x_wconf 86' lang='lat' dir='ltr'><strong>auunculum</strong></span> <span class='ocrx_word' id='word_1_76' title='bbox 915 1369 1054 1455; x_wconf 77' lang='lat' dir='ltr'>predicti</span> <span class='ocrx_word' id='word_1_77' title='bbox 1090 1369 1249 1435; x_wconf 88' lang='lat' dir='ltr'><strong>Willclmi</strong></span> <span class='ocrx_word' id='word_1_78' title='bbox 1277 1372 1338 1437; x_wconf 91' lang='lat' dir='ltr'><strong>filii</strong></span> 
     </span>
     <span class='ocr_line' id='line_1_10' title="bbox 226 1465 1337 1560; baseline 0.006 -29"><span class='ocrx_word' id='word_1_79' title='bbox 226 1465 358 1532; x_wconf 82' lang='lat' dir='ltr'><strong>Ricardi</strong></span> <span class='ocrx_word' id='word_1_80' title='bbox 380 1467 538 1532; x_wconf 84' lang='lat' dir='ltr'><strong>uestitum</strong></span> <span class='ocrx_word' id='word_1_81' title='bbox 561 1476 595 1532; x_wconf 90' lang='lat' dir='ltr'><strong>ct</strong></span> <span class='ocrx_word' id='word_1_82' title='bbox 621 1467 769 1534; x_wconf 86' lang='lat' dir='ltr'><strong>scisitum</strong></span> <span class='ocrx_word' id='word_1_83' title='bbox 795 1471 836 1536; x_wconf 91' lang='lat' dir='ltr'><strong>de</strong></span> <span class='ocrx_word' id='word_1_84' title='bbox 860 1472 1008 1557; x_wconf 85' lang='lat' dir='ltr'><strong>predicta</strong></span> <span class='ocrx_word' id='word_1_85' title='bbox 1036 1480 1123 1537; x_wconf 88' lang='lat' dir='ltr'><strong>terra</strong></span> <span class='ocrx_word' id='word_1_86' title='bbox 1151 1472 1236 1537; x_wconf 89' lang='lat' dir='ltr'><strong>sicut</strong></span> <span class='ocrx_word' id='word_1_87' title='bbox 1264 1497 1337 1560; x_wconf 85' lang='lat' dir='ltr'><strong>pre·</strong></span> 
     </span>
     <span class='ocr_line' id='line_1_11' title="bbox 225 1572 1337 1662; baseline 0.006 -27"><span class='ocrx_word' id='word_1_88' title='bbox 225 1572 351 1637; x_wconf 86' lang='lat' dir='ltr'><strong>dictum</strong></span> <span class='ocrx_word' id='word_1_89' title='bbox 373 1580 432 1650; x_wconf 85' lang='lat' dir='ltr'><strong>cst,</strong></span> <span class='ocrx_word' id='word_1_90' title='bbox 455 1580 489 1636; x_wconf 83' lang='lat' dir='ltr'><strong>et</strong></span> <span class='ocrx_word' id='word_1_91' title='bbox 511 1572 595 1637; x_wconf 84' lang='lat' dir='ltr'><strong>dixit</strong></span> <span class='ocrx_word' id='word_1_92' title='bbox 617 1573 704 1659; x_wconf 90' lang='lat' dir='ltr'><strong>quod</strong></span> <span class='ocrx_word' id='word_1_93' title='bbox 726 1575 820 1638; x_wconf 87' lang='lat' dir='ltr'><strong>testis</strong></span> <span class='ocrx_word' id='word_1_94' title='bbox 842 1584 928 1640; x_wconf 76' lang='lat' dir='ltr'><strong>esset</strong></span> <span class='ocrx_word' id='word_1_95' title='bbox 953 1575 981 1640; x_wconf 87' lang='lat' dir='ltr'><strong>ai</strong></span> <span class='ocrx_word' id='word_1_96' title='bbox 1011 1575 1136 1661; x_wconf 89' lang='lat' dir='ltr'><strong>aliquid</strong></span> <span class='ocrx_word' id='word_1_97' title='bbox 1164 1576 1337 1662; x_wconf 88' lang='lat' dir='ltr'><strong>aliquando</strong></span> 
     </span>
     <span class='ocr_line' id='line_1_12' title="bbox 224 1673 1338 1766; baseline 0.006 -28"><span class='ocrx_word' id='word_1_98' title='bbox 224 1673 302 1738; x_wconf 91' lang='lat' dir='ltr'><strong>inde</strong></span> <span class='ocrx_word' id='word_1_99' title='bbox 331 1674 467 1740; x_wconf 89' lang='lat' dir='ltr'><strong>audiret.</strong></span> <span class='ocrx_word' id='word_1_100' title='bbox 515 1677 558 1740; x_wconf 84' lang='lat' dir='ltr'><strong>Et</strong></span> <span class='ocrx_word' id='word_1_101' title='bbox 587 1675 632 1740; x_wconf 90' lang='lat' dir='ltr'><strong>sic</strong></span> <span class='ocrx_word' id='word_1_102' title='bbox 658 1677 822 1762; x_wconf 89' lang='lat' dir='ltr'><strong>predictus</strong></span> <span class='ocrx_word' id='word_1_103' title='bbox 848 1677 1015 1742; x_wconf 70' lang='lat' dir='ltr'><strong>lohannes</strong></span> <span class='ocrx_word' id='word_1_104' title='bbox 1039 1678 1126 1745; x_wconf 88' lang='lat' dir='ltr'><strong>filius</strong></span> <span class='ocrx_word' id='word_1_105' title='bbox 1149 1679 1338 1766; x_wconf 83' lang='lat' dir='ltr'><strong>Randulphi</strong></span> 
     </span>
     <span class='ocr_line' id='line_1_13' title="bbox 223 1775 1337 1861; baseline 0.004 -16"><span class='ocrx_word' id='word_1_106' title='bbox 223 1780 316 1845; x_wconf 88' lang='lat' dir='ltr'><strong>dedit</strong></span> <span class='ocrx_word' id='word_1_107' title='bbox 332 1780 465 1845; x_wconf 90' lang='lat' dir='ltr'><strong>nadium</strong></span> <span class='ocrx_word' id='word_1_108' title='bbox 476 1775 522 1845; x_wconf 82' lang='lat' dir='ltr'><strong>&#39;ad</strong></span> <span class='ocrx_word' id='word_1_109' title='bbox 537 1781 777 1848; x_wconf 84' lang='lat' dir='ltr'><strong>defendendum</strong></span> <span class='ocrx_word' id='word_1_110' title='bbox 793 1791 827 1847; x_wconf 86' lang='lat' dir='ltr'><strong>et</strong></span> <span class='ocrx_word' id='word_1_111' title='bbox 842 1783 876 1846; x_wconf 92' lang='lat' dir='ltr'>N</span> <span class='ocrx_word' id='word_1_112' title='bbox 877 1783 1021 1847; x_wconf 88' lang='lat' dir='ltr'><strong>icholaus</strong></span> <span class='ocrx_word' id='word_1_113' title='bbox 1035 1783 1078 1847; x_wconf 88' lang='lat' dir='ltr'><strong>ad</strong></span> <span class='ocrx_word' id='word_1_114' title='bbox 1098 1783 1337 1861; x_wconf 87' lang='lat' dir='ltr'><strong>racionandnm,</strong></span> 
     </span>
     <span class='ocr_line' id='line_1_14' title="bbox 223 1883 1338 1972; baseline 0.003 -23"><span class='ocrx_word' id='word_1_115' title='bbox 223 1893 258 1949; x_wconf 89' lang='lat' dir='ltr'><strong>et</strong></span> <span class='ocrx_word' id='word_1_116' title='bbox 274 1885 444 1950; x_wconf 85' lang='lat' dir='ltr'><strong>uadiatum</strong></span> <span class='ocrx_word' id='word_1_117' title='bbox 459 1893 509 1950; x_wconf 88' lang='lat' dir='ltr'><strong>est</strong></span> <span class='ocrx_word' id='word_1_118' title='bbox 525 1883 670 1951; x_wconf 91' lang='lat' dir='ltr'><strong>duellum</strong></span> <span class='ocrx_word' id='word_1_119' title='bbox 684 1887 830 1972; x_wconf 88' lang='lat' dir='ltr'><strong>predicto</strong></span> <span class='ocrx_word' id='word_1_120' title='bbox 849 1888 952 1952; x_wconf 90' lang='lat' dir='ltr'><strong>modo.</strong></span> <span class='ocrx_word' id='word_1_121' title='bbox 1002 1887 1082 1952; x_wconf 82' lang='lat' dir='ltr'>Dies</span> <span class='ocrx_word' id='word_1_122' title='bbox 1102 1887 1198 1953; x_wconf 87' lang='lat' dir='ltr'><strong>datus</strong></span> <span class='ocrx_word' id='word_1_123' title='bbox 1212 1888 1276 1952; x_wconf 85' lang='lat' dir='ltr'><strong>fuit</strong></span> <span class='ocrx_word' id='word_1_124' title='bbox 1295 1889 1338 1954; x_wconf 86' lang='lat' dir='ltr'><strong>ad</strong></span> 
     </span>
    </p>

    <p class='ocr_par' dir='ltr' id='par_1_4' title="bbox 184 1977 1337 2799">
     <span class='ocr_line' id='line_1_15' title="bbox 184 1977 1337 2078; baseline 0.003 -24"><span class='ocrx_word' id='word_1_125' title='bbox 184 1977 186 1980; x_wconf 30' lang='lat'>⁵</span> <span class='ocrx_word' id='word_1_126' title='bbox 222 1990 407 2074; x_wconf 84' lang='lat' dir='ltr'><strong>proximum</strong></span> <span class='ocrx_word' id='word_1_127' title='bbox 422 1991 623 2067; x_wconf 88' lang='lat' dir='ltr'><strong>comitatum,</strong></span> <span class='ocrx_word' id='word_1_128' title='bbox 637 1989 680 2055; x_wconf 87' lang='lat' dir='ltr'><strong>ad</strong></span> <span class='ocrx_word' id='word_1_129' title='bbox 695 2015 792 2078; x_wconf 90' lang='lat' dir='ltr'><strong>quem</strong></span> <span class='ocrx_word' id='word_1_130' title='bbox 807 2015 842 2057; x_wconf 88' lang='lat' dir='ltr'><strong>se</strong></span> <span class='ocrx_word' id='word_1_131' title='bbox 863 1992 1042 2058; x_wconf 85' lang='lat' dir='ltr'><strong>essoniauit</strong></span> <span class='ocrx_word' id='word_1_132' title='bbox 1064 1992 1151 2057; x_wconf 87' lang='lat' dir='ltr'><strong>idem</strong></span> <span class='ocrx_word' id='word_1_133' title='bbox 1166 1993 1337 2069; x_wconf 85' lang='lat' dir='ltr'><strong>Robertus,</strong></span> 
     </span>
     <span class='ocr_line' id='line_1_16' title="bbox 222 2092 1336 2178; baseline 0.001 -19"><span class='ocrx_word' id='word_1_134' title='bbox 222 2101 258 2159; x_wconf 88' lang='lat' dir='ltr'><strong>et</strong></span> <span class='ocrx_word' id='word_1_135' title='bbox 273 2093 457 2158; x_wconf 88' lang='lat' dir='ltr'><strong>Willelmus</strong></span> <span class='ocrx_word' id='word_1_136' title='bbox 471 2092 623 2178; x_wconf 87' lang='lat' dir='ltr'><strong>apparuit</strong></span> <span class='ocrx_word' id='word_1_137' title='bbox 638 2116 712 2158; x_wconf 87' lang='lat' dir='ltr'><strong>cum</strong></span> <span class='ocrx_word' id='word_1_138' title='bbox 733 2094 868 2160; x_wconf 88' lang='lat' dir='ltr'><strong>homine</strong></span> <span class='ocrx_word' id='word_1_139' title='bbox 884 2118 943 2159; x_wconf 88' lang='lat' dir='ltr'><strong>suo</strong></span> <span class='ocrx_word' id='word_1_140' title='bbox 962 2102 1097 2171; x_wconf 71' lang='lat' dir='ltr'><strong>minato,</strong></span> <span class='ocrx_word' id='word_1_141' title='bbox 1111 2102 1146 2159; x_wconf 90' lang='lat' dir='ltr'><strong>et</strong></span> <span class='ocrx_word' id='word_1_142' title='bbox 1160 2094 1257 2159; x_wconf 83' lang='lat' dir='ltr'><strong>datus</strong></span> <span class='ocrx_word' id='word_1_143' title='bbox 1271 2095 1336 2160; x_wconf 86' lang='lat' dir='ltr'><strong>fuit</strong></span> 
     </span>
     <span class='ocr_line' id='line_1_17' title="bbox 222 2195 1336 2280; baseline 0 -18"><span class='ocrx_word' id='word_1_144' title='bbox 222 2197 270 2262; x_wconf 87' lang='lat' dir='ltr'><strong>eis</strong></span> <span class='ocrx_word' id='word_1_145' title='bbox 285 2197 354 2261; x_wconf 85' lang='lat' dir='ltr'><strong>dies</strong></span> <span class='ocrx_word' id='word_1_146' title='bbox 369 2196 409 2260; x_wconf 86' lang='lat' dir='ltr'><strong>ad</strong></span> <span class='ocrx_word' id='word_1_147' title='bbox 430 2195 613 2280; x_wconf 86' lang='lat' dir='ltr'><strong>proximum</strong></span> <span class='ocrx_word' id='word_1_148' title='bbox 634 2197 835 2274; x_wconf 87' lang='lat' dir='ltr'><strong>comitatum,</strong></span> <span class='ocrx_word' id='word_1_149' title='bbox 851 2197 916 2262; x_wconf 88' lang='lat' dir='ltr'><strong>scil</strong></span> <span class='ocrx_word' id='word_1_150' title='bbox 937 2198 973 2262; x_wconf 89' lang='lat' dir='ltr'><strong>in</strong></span> <span class='ocrx_word' id='word_1_151' title='bbox 993 2197 1133 2262; x_wconf 85' lang='lat' dir='ltr'><strong>crastino</strong></span> <span class='ocrx_word' id='word_1_152' title='bbox 1156 2197 1189 2262; x_wconf 87' lang='lat' dir='ltr'><strong>S.</strong></span> <span class='ocrx_word' id='word_1_153' title='bbox 1204 2197 1336 2262; x_wconf 89' lang='lat' dir='ltr'><strong>Hillarii</strong></span> 
     </span>
     <span class='ocr_line' id='line_1_18' title="bbox 221 2299 1334 2387; baseline -0.001 -21"><span class='ocrx_word' id='word_1_154' title='bbox 221 2301 265 2366; x_wconf 89' lang='lat' dir='ltr'><strong>ad</strong></span> <span class='ocrx_word' id='word_1_155' title='bbox 280 2323 379 2387; x_wconf 88' lang='lat' dir='ltr'><strong>quem</strong></span> <span class='ocrx_word' id='word_1_156' title='bbox 393 2299 580 2364; x_wconf 87' lang='lat' dir='ltr'><strong>Willelmus</strong></span> <span class='ocrx_word' id='word_1_157' title='bbox 595 2299 717 2384; x_wconf 76' lang='lat' dir='ltr'><strong>optulit</strong></span> <span class='ocrx_word' id='word_1_158' title='bbox 731 2322 767 2364; x_wconf 88' lang='lat' dir='ltr'><strong>se</strong></span> <span class='ocrx_word' id='word_1_159' title='bbox 780 2323 895 2365; x_wconf 83' lang='lat' dir='ltr'><strong>uersus</strong></span> <span class='ocrx_word' id='word_1_160' title='bbox 909 2300 1050 2365; x_wconf 88' lang='lat' dir='ltr'><strong>eundem</strong></span> <span class='ocrx_word' id='word_1_161' title='bbox 1065 2300 1334 2365; x_wconf 68' lang='lat' dir='ltr'><strong>Robertum&#39;cum</strong></span> 
     </span>
     <span class='ocr_line' id='line_1_19' title="bbox 221 2401 1334 2478; baseline 0 -10"><span class='ocrx_word' id='word_1_162' title='bbox 221 2403 355 2478; x_wconf 88' lang='lat' dir='ltr'><strong>homine</strong></span> <span class='ocrx_word' id='word_1_163' title='bbox 378 2424 437 2466; x_wconf 89' lang='lat' dir='ltr'><strong>suo</strong></span> <span class='ocrx_word' id='word_1_164' title='bbox 459 2411 593 2478; x_wconf 71' lang='lat' dir='ltr'><strong>armato</strong></span> <span class='ocrx_word' id='word_1_165' title='bbox 609 2409 660 2465; x_wconf 86' lang='lat' dir='ltr'><strong>set</strong></span> <span class='ocrx_word' id='word_1_166' title='bbox 682 2423 741 2466; x_wconf 91' lang='lat' dir='ltr'><strong>nec</strong></span> <span class='ocrx_word' id='word_1_167' title='bbox 763 2401 851 2467; x_wconf 89' lang='lat' dir='ltr'><strong>idern</strong></span> <span class='ocrx_word' id='word_1_168' title='bbox 874 2403 1036 2468; x_wconf 82' lang='lat' dir='ltr'><strong>Robcrtus</strong></span> <span class='ocrx_word' id='word_1_169' title='bbox 1058 2403 1164 2468; x_wconf 88' lang='lat' dir='ltr'><strong>uoluit</strong></span> <span class='ocrx_word' id='word_1_170' title='bbox 1185 2405 1334 2469; x_wconf 83' lang='lat' dir='ltr'><strong>waranti-</strong></span> 
     </span>
     <span class='ocr_line' id='line_1_20' title="bbox 221 2507 1336 2582; baseline 0.001 -9"><span class='ocrx_word' id='word_1_171' title='bbox 221 2531 294 2573; x_wconf 87' lang='lat' dir='ltr'><strong>zare</strong></span> <span class='ocrx_word' id='word_1_172' title='bbox 309 2507 471 2572; x_wconf 86' lang='lat' dir='ltr'><strong>essonium</strong></span> <span class='ocrx_word' id='word_1_173' title='bbox 485 2529 590 2582; x_wconf 88' lang='lat' dir='ltr'><strong>suum,</strong></span> <span class='ocrx_word' id='word_1_174' title='bbox 605 2529 665 2574; x_wconf 86' lang='lat' dir='ltr'><strong>nec</strong></span> <span class='ocrx_word' id='word_1_175' title='bbox 682 2507 776 2571; x_wconf 86' lang='lat' dir='ltr'><strong>uenit</strong></span> <span class='ocrx_word' id='word_1_176' title='bbox 792 2530 867 2572; x_wconf 90' lang='lat' dir='ltr'><strong>oum</strong></span> <span class='ocrx_word' id='word_1_177' title='bbox 883 2507 1013 2573; x_wconf 91' lang='lat' dir='ltr'><strong>homine</strong></span> <span class='ocrx_word' id='word_1_178' title='bbox 1029 2531 1087 2572; x_wconf 87' lang='lat' dir='ltr'><strong>suo</strong></span> <span class='ocrx_word' id='word_1_179' title='bbox 1101 2508 1143 2573; x_wconf 92' lang='lat' dir='ltr'><strong>ad</strong></span> <span class='ocrx_word' id='word_1_180' title='bbox 1158 2508 1336 2574; x_wconf 85' lang='lat' dir='ltr'><strong>defenden-</strong></span> 
     </span>
     <span class='ocr_line' id='line_1_21' title="bbox 220 2609 1336 2698; baseline -0.001 -20"><span class='ocrx_word' id='word_1_181' title='bbox 220 2611 302 2678; x_wconf 89' lang='lat' dir='ltr'><strong>dum</strong></span> <span class='ocrx_word' id='word_1_182' title='bbox 323 2611 375 2676; x_wconf 89' lang='lat' dir='ltr'><strong>ius</strong></span> <span class='ocrx_word' id='word_1_183' title='bbox 393 2633 497 2687; x_wconf 88' lang='lat' dir='ltr'><strong>suum,</strong></span> <span class='ocrx_word' id='word_1_184' title='bbox 512 2617 563 2674; x_wconf 86' lang='lat' dir='ltr'><strong>set</strong></span> <span class='ocrx_word' id='word_1_185' title='bbox 583 2609 662 2674; x_wconf 90' lang='lat' dir='ltr'><strong>tulit</strong></span> <span class='ocrx_word' id='word_1_186' title='bbox 676 2610 776 2674; x_wconf 91' lang='lat' dir='ltr'><strong>breue</strong></span> <span class='ocrx_word' id='word_1_187' title='bbox 791 2610 885 2674; x_wconf 89' lang='lat' dir='ltr'><strong>Dom.</strong></span> <span class='ocrx_word' id='word_1_188' title='bbox 901 2610 1001 2698; x_wconf 84' lang='lat' dir='ltr'><strong>Regis</strong></span> <span class='ocrx_word' id='word_1_189' title='bbox 1016 2611 1104 2698; x_wconf 89' lang='lat' dir='ltr'><strong>quod</strong></span> <span class='ocrx_word' id='word_1_190' title='bbox 1117 2613 1285 2678; x_wconf 88' lang='lat' dir='ltr'><strong>recordum</strong></span> <span class='ocrx_word' id='word_1_191' title='bbox 1301 2622 1336 2679; x_wconf 88' lang='lat' dir='ltr'><strong>et</strong></span> 
     </span>
     <span class='ocr_line' id='line_1_22' title="bbox 220 2712 892 2799; baseline -0.004 -18"><span class='ocrx_word' id='word_1_192' title='bbox 220 2715 380 2781; x_wconf 89' lang='lat' dir='ltr'><strong>iudicium</strong></span> <span class='ocrx_word' id='word_1_193' title='bbox 396 2713 525 2778; x_wconf 87' lang='lat' dir='ltr'><strong>ueniret</strong></span> <span class='ocrx_word' id='word_1_194' title='bbox 540 2735 647 2777; x_wconf 87' lang='lat' dir='ltr'><strong>coram</strong></span> <span class='ocrx_word' id='word_1_195' title='bbox 663 2712 757 2778; x_wconf 90' lang='lat' dir='ltr'><strong>Dom.</strong></span> <span class='ocrx_word' id='word_1_196' title='bbox 773 2713 864 2799; x_wconf 84' lang='lat' dir='ltr'>Rege</span> <span class='ocrx_word' id='word_1_197' title='bbox 874 2713 892 2778; x_wconf 84' lang='lat'><strong>⁴.</strong></span> 
     </span>
    </p>

    <p class='ocr_par' dir='ltr' id='par_1_5' title="bbox 217 2817 1336 4050">
     <span class='ocr_line' id='line_1_23' title="bbox 286 2817 1336 2906; baseline -0.001 -21"><span class='ocrx_word' id='word_1_198' title='bbox 286 2819 451 2886; x_wconf 86' lang='lat' dir='ltr'><strong>Robertus</strong></span> <span class='ocrx_word' id='word_1_199' title='bbox 473 2818 514 2883; x_wconf 89' lang='lat' dir='ltr'><strong>de</strong></span> <span class='ocrx_word' id='word_1_200' title='bbox 536 2817 723 2904; x_wconf 84' lang='lat' dir='ltr'><strong>Wymbisse</strong></span> <span class='ocrx_word' id='word_1_201' title='bbox 746 2818 860 2883; x_wconf 86' lang='lat' dir='ltr'><strong>audito</strong></span> <span class='ocrx_word' id='word_1_202' title='bbox 889 2819 1018 2883; x_wconf 91' lang='lat' dir='ltr'><strong>recordo</strong></span> <span class='ocrx_word' id='word_1_203' title='bbox 1048 2819 1111 2885; x_wconf 86' lang='lat' dir='ltr'><strong>isto</strong></span> <span class='ocrx_word' id='word_1_204' title='bbox 1140 2820 1220 2885; x_wconf 87' lang='lat' dir='ltr'><strong>dicit</strong></span> <span class='ocrx_word' id='word_1_205' title='bbox 1249 2819 1336 2906; x_wconf 91' lang='lat' dir='ltr'><strong>quod</strong></span> 
     </span>
     <span class='ocr_line' id='line_1_24' title="bbox 219 2921 1336 3009; baseline -0.003 -18"><span class='ocrx_word' id='word_1_206' title='bbox 219 2925 305 2991; x_wconf 88' lang='lat' dir='ltr'><strong>benc</strong></span> <span class='ocrx_word' id='word_1_207' title='bbox 336 2926 483 2989; x_wconf 86' lang='lat' dir='ltr'><strong>fecerunt</strong></span> <span class='ocrx_word' id='word_1_208' title='bbox 520 2921 687 2987; x_wconf 88' lang='lat' dir='ltr'><strong>recordum</strong></span> <span class='ocrx_word' id='word_1_209' title='bbox 725 2922 815 2986; x_wconf 87' lang='lat' dir='ltr'><strong>istud</strong></span> <span class='ocrx_word' id='word_1_210' title='bbox 851 2923 887 2987; x_wconf 93' lang='lat' dir='ltr'><strong>in</strong></span> <span class='ocrx_word' id='word_1_211' title='bbox 923 2930 1026 3008; x_wconf 86' lang='lat' dir='ltr'><strong>parte,</strong></span> <span class='ocrx_word' id='word_1_212' title='bbox 1056 2922 1116 2988; x_wconf 86' lang='lat' dir='ltr'><strong>niz.</strong></span> <span class='ocrx_word' id='word_1_213' title='bbox 1154 2946 1256 3009; x_wconf 90' lang='lat' dir='ltr'><strong>usqne</strong></span> <span class='ocrx_word' id='word_1_214' title='bbox 1292 2923 1336 2988; x_wconf 85' lang='lat' dir='ltr'><strong>ad</strong></span> 
     </span>
     <span class='ocr_line' id='line_1_25' title="bbox 221 3025 1336 3116; baseline -0.004 -23"><span class='ocrx_word' id='word_1_215' title='bbox 221 3037 382 3116; x_wconf 89' lang='lat' dir='ltr'><strong>punctum</strong></span> <span class='ocrx_word' id='word_1_216' title='bbox 402 3027 496 3090; x_wconf 92' lang='lat' dir='ltr'><strong>illum</strong></span> <span class='ocrx_word' id='word_1_217' title='bbox 516 3025 639 3090; x_wconf 91' lang='lat' dir='ltr'><strong>rccordi</strong></span> <span class='ocrx_word' id='word_1_218' title='bbox 661 3025 718 3090; x_wconf 91' lang='lat' dir='ltr'><strong>ubi</strong></span> <span class='ocrx_word' id='word_1_219' title='bbox 740 3025 925 3091; x_wconf 89' lang='lat' dir='ltr'><strong>Willelmus</strong></span> <span class='ocrx_word' id='word_1_220' title='bbox 946 3026 1033 3090; x_wconf 86' lang='lat' dir='ltr'><strong>filius</strong></span> <span class='ocrx_word' id='word_1_221' title='bbox 1054 3025 1185 3090; x_wconf 80' lang='lat' dir='ltr'><strong>Ricardi</strong></span> <span class='ocrx_word' id='word_1_222' title='bbox 1208 3025 1336 3089; x_wconf 80' lang='lat' dir='ltr'><strong>dixerat</strong></span> 
     </span>
     <span class='ocr_line' id='line_1_26' title="bbox 221 3127 1334 3217; baseline -0.005 -19"><span class='ocrx_word' id='word_1_223' title='bbox 221 3155 257 3198; x_wconf 83' lang='lat' dir='ltr'><strong>se</strong></span> <span class='ocrx_word' id='word_1_224' title='bbox 287 3152 492 3217; x_wconf 76' lang='lat' dir='ltr'><strong>recuperasse</strong></span> <span class='ocrx_word' id='word_1_225' title='bbox 522 3151 628 3194; x_wconf 89' lang='lat' dir='ltr'><strong>coram</strong></span> <span class='ocrx_word' id='word_1_226' title='bbox 658 3129 845 3195; x_wconf 88' lang='lat' dir='ltr'><strong>iusticiariis</strong></span> <span class='ocrx_word' id='word_1_227' title='bbox 880 3129 1112 3195; x_wconf 85' lang='lat' dir='ltr'><strong>itinerantibus</strong></span> <span class='ocrx_word' id='word_1_228' title='bbox 1148 3128 1183 3192; x_wconf 90' lang='lat' dir='ltr'><strong>in</strong></span> <span class='ocrx_word' id='word_1_229' title='bbox 1220 3127 1334 3193; x_wconf 90' lang='lat' dir='ltr'><strong>eodem</strong></span> 
     </span>
     <span class='ocr_line' id='line_1_27' title="bbox 221 3231 1335 3320; baseline -0.004 -19"><span class='ocrx_word' id='word_1_230' title='bbox 221 3237 383 3302; x_wconf 88' lang='lat' dir='ltr'><strong>comitatu</strong></span> <span class='ocrx_word' id='word_1_231' title='bbox 412 3233 596 3320; x_wconf 78' lang='lat' dir='ltr'><strong>quendam⁸</strong></span> <span class='ocrx_word' id='word_1_232' title='bbox 625 3241 744 3298; x_wconf 85' lang='lat' dir='ltr'><strong>terram</strong></span> <span class='ocrx_word' id='word_1_233' title='bbox 774 3257 888 3299; x_wconf 86' lang='lat' dir='ltr'><strong>uersus</strong></span> <span class='ocrx_word' id='word_1_234' title='bbox 917 3233 1093 3298; x_wconf 82' lang='lat' dir='ltr'><strong>Ricardum</strong></span> <span class='ocrx_word' id='word_1_235' title='bbox 1128 3233 1170 3298; x_wconf 89' lang='lat' dir='ltr'><strong>de</strong></span> <span class='ocrx_word' id='word_1_236' title='bbox 1200 3231 1335 3318; x_wconf 80' lang='lat' dir='ltr'><strong>Ood1ay‚</strong></span> 
     </span>
     <span class='ocr_line' id='line_1_28' title="bbox 221 3335 1335 3423; baseline -0.005 -17"><span class='ocrx_word' id='word_1_237' title='bbox 221 3349 258 3406; x_wconf 87' lang='lat' dir='ltr'><strong>et</strong></span> <span class='ocrx_word' id='word_1_238' title='bbox 279 3339 444 3404; x_wconf 88' lang='lat' dir='ltr'><strong>obiectum</strong></span> <span class='ocrx_word' id='word_1_239' title='bbox 463 3337 512 3406; x_wconf 91' lang='lat' dir='ltr'><strong>ibi</strong></span> <span class='ocrx_word' id='word_1_240' title='bbox 532 3337 630 3402; x_wconf 85' lang='lat' dir='ltr'><strong>fuisse</strong></span> <span class='ocrx_word' id='word_1_241' title='bbox 653 3336 873 3423; x_wconf 82' lang='lat' dir='ltr'><strong>pereundam</strong></span> <span class='ocrx_word' id='word_1_242' title='bbox 895 3337 1075 3401; x_wconf 87' lang='lat' dir='ltr'><strong>Robertum</strong></span> <span class='ocrx_word' id='word_1_243' title='bbox 1098 3335 1139 3401; x_wconf 89' lang='lat' dir='ltr'><strong>de</strong></span> <span class='ocrx_word' id='word_1_244' title='bbox 1161 3336 1335 3422; x_wconf 87' lang='lat' dir='ltr'><strong>Wynbisse</strong></span> 
     </span>
     <span class='ocr_line' id='line_1_29' title="bbox 219 3439 1336 3533; baseline -0.005 -23"><span class='ocrx_word' id='word_1_245' title='bbox 219 3467 280 3533; x_wconf 89' lang='lat' dir='ltr'><strong>pro</strong></span> <span class='ocrx_word' id='word_1_246' title='bbox 295 3452 388 3530; x_wconf 85' lang='lat' dir='ltr'><strong>parte</strong></span> <span class='ocrx_word' id='word_1_247' title='bbox 403 3442 546 3508; x_wconf 82' lang='lat' dir='ltr'><strong>tenentis</strong></span> <span class='ocrx_word' id='word_1_248' title='bbox 561 3441 647 3528; x_wconf 90' lang='lat' dir='ltr'><strong>quod</strong></span> <span class='ocrx_word' id='word_1_249' title='bbox 661 3465 727 3506; x_wconf 93' lang='lat' dir='ltr'><strong>non</strong></span> <span class='ocrx_word' id='word_1_250' title='bbox 742 3442 774 3507; x_wconf 90' lang='lat' dir='ltr'><strong>ei</strong></span> <span class='ocrx_word' id='word_1_251' title='bbox 789 3441 904 3507; x_wconf 87' lang='lat' dir='ltr'><strong>debuit</strong></span> <span class='ocrx_word' id='word_1_252' title='bbox 924 3440 1110 3527; x_wconf 78' lang='lat' dir='ltr'><strong>responderi</strong></span> <span class='ocrx_word' id='word_1_253' title='bbox 1125 3441 1203 3527; x_wconf 89' lang='lat' dir='ltr'><strong>quia</strong></span> <span class='ocrx_word' id='word_1_254' title='bbox 1219 3439 1336 3505; x_wconf 90' lang='lat' dir='ltr'><strong>habuit</strong></span> 
     </span>
     <span class='ocr_line' id='line_1_30' title="bbox 219 3543 1336 3632; baseline -0.003 -21"><span class='ocrx_word' id='word_1_255' title='bbox 219 3549 356 3612; x_wconf 78' lang='lat' dir='ltr'><strong>fratrem</strong></span> <span class='ocrx_word' id='word_1_256' title='bbox 385 3544 639 3632; x_wconf 86' lang='lat' dir='ltr'><strong>primogenitum</strong></span> <span class='ocrx_word' id='word_1_257' title='bbox 669 3543 735 3610; x_wconf 88' lang='lat' dir='ltr'><strong>scil.</strong></span> <span class='ocrx_word' id='word_1_258' title='bbox 765 3544 969 3610; x_wconf 89' lang='lat' dir='ltr'><strong>Willclmum</strong></span> <span class='ocrx_word' id='word_1_259' title='bbox 999 3545 1029 3608; x_wconf 88' lang='lat' dir='ltr'><strong>le</strong></span> <span class='ocrx_word' id='word_1_260' title='bbox 1067 3544 1177 3621; x_wconf 88' lang='lat' dir='ltr'><strong>Neuu,</strong></span> <span class='ocrx_word' id='word_1_261' title='bbox 1205 3544 1241 3610; x_wconf 92' lang='lat' dir='ltr'><strong>in</strong></span> <span class='ocrx_word' id='word_1_262' title='bbox 1271 3567 1336 3630; x_wconf 89' lang='lat' dir='ltr'><strong>quo</strong></span> 
     </span>
     <span class='ocr_line' id='line_1_31' title="bbox 218 3648 1336 3739; baseline -0.004 -23"><span class='ocrx_word' id='word_1_263' title='bbox 218 3659 344 3739; x_wconf 83' lang='lat' dir='ltr'><strong>puncto</strong></span> <span class='ocrx_word' id='word_1_264' title='bbox 355 3650 518 3716; x_wconf 87' lang='lat' dir='ltr'><strong>Robertus</strong></span> <span class='ocrx_word' id='word_1_265' title='bbox 528 3648 609 3714; x_wconf 89' lang='lat' dir='ltr'><strong>dicit</strong></span> <span class='ocrx_word' id='word_1_266' title='bbox 620 3649 707 3736; x_wconf 93' lang='lat' dir='ltr'><strong>quod</strong></span> <span class='ocrx_word' id='word_1_267' title='bbox 719 3650 802 3715; x_wconf 87' lang='lat' dir='ltr'><strong>male</strong></span> <span class='ocrx_word' id='word_1_268' title='bbox 815 3650 1034 3726; x_wconf 88' lang='lat' dir='ltr'><strong>recordantur,</strong></span> <span class='ocrx_word' id='word_1_269' title='bbox 1047 3648 1125 3734; x_wconf 87' lang='lat' dir='ltr'><strong>quia</strong></span> <span class='ocrx_word' id='word_1_270' title='bbox 1139 3648 1174 3712; x_wconf 92' lang='lat' dir='ltr'><strong>in</strong></span> <span class='ocrx_word' id='word_1_271' title='bbox 1186 3648 1336 3734; x_wconf 89' lang='lat' dir='ltr'><strong>captione</strong></span> 
     </span>
     <span class='ocr_line' id='line_1_32' title="bbox 217 3752 1336 3843; baseline -0.002 -24"><span class='ocrx_word' id='word_1_272' title='bbox 217 3753 369 3843; x_wconf 85' lang='lat' dir='ltr'><strong>predicte</strong></span> <span class='ocrx_word' id='word_1_273' title='bbox 391 3752 490 3819; x_wconf 77' lang='lat' dir='ltr'><strong>assisa</strong></span> <span class='ocrx_word' id='word_1_274' title='bbox 513 3775 623 3818; x_wconf 88' lang='lat' dir='ltr'><strong>coram</strong></span> <span class='ocrx_word' id='word_1_275' title='bbox 645 3753 684 3818; x_wconf 82' lang='lat' dir='ltr'><strong>G.</strong></span> <span class='ocrx_word' id='word_1_276' title='bbox 706 3753 748 3818; x_wconf 91' lang='lat' dir='ltr'><strong>de</strong></span> <span class='ocrx_word' id='word_1_277' title='bbox 778 3752 928 3818; x_wconf 88' lang='lat' dir='ltr'><strong>Boclond&#39;</strong></span> <span class='ocrx_word' id='word_1_278' title='bbox 951 3761 987 3817; x_wconf 90' lang='lat' dir='ltr'><strong>et</strong></span> <span class='ocrx_word' id='word_1_279' title='bbox 1015 3752 1109 3818; x_wconf 85' lang='lat' dir='ltr'><strong>sociis</strong></span> <span class='ocrx_word' id='word_1_280' title='bbox 1137 3753 1205 3818; x_wconf 89' lang='lat' dir='ltr'><strong>suis</strong></span> <span class='ocrx_word' id='word_1_281' title='bbox 1234 3752 1336 3834; x_wconf 84' lang='lat' dir='ltr'><strong>nichil</strong></span> 
     </span>
     <span class='ocr_line' id='line_1_33' title="bbox 217 3855 1335 3925; baseline -0.004 -1"><span class='ocrx_word' id='word_1_282' title='bbox 217 3859 286 3925; x_wconf 83' lang='lat' dir='ltr'><strong>fuit</strong></span> <span class='ocrx_word' id='word_1_283' title='bbox 313 3857 418 3922; x_wconf 84' lang='lat' dir='ltr'><strong>cidem</strong></span> <span class='ocrx_word' id='word_1_284' title='bbox 440 3857 605 3922; x_wconf 86' lang='lat' dir='ltr'><strong>Willelrno</strong></span> <span class='ocrx_word' id='word_1_285' title='bbox 630 3857 697 3922; x_wconf 93' lang='lat' dir='ltr'><strong>filio</strong></span> <span class='ocrx_word' id='word_1_286' title='bbox 722 3857 854 3922; x_wconf 86' lang='lat' dir='ltr'><strong>Ricardi</strong></span> <span class='ocrx_word' id='word_1_287' title='bbox 883 3857 1047 3922; x_wconf 88' lang='lat' dir='ltr'><strong>obiectum</strong></span> <span class='ocrx_word' id='word_1_288' title='bbox 1075 3855 1117 3920; x_wconf 92' lang='lat' dir='ltr'><strong>de</strong></span> <span class='ocrx_word' id='word_1_289' title='bbox 1146 3856 1245 3920; x_wconf 79' lang='lat' dir='ltr'><strong>fratre</strong></span> <span class='ocrx_word' id='word_1_290' title='bbox 1276 3879 1335 3922; x_wconf 88' lang='lat' dir='ltr'><strong>suo</strong></span> 
     </span>
     <span class='ocr_line' id='line_1_34' title="bbox 219 3957 1277 4050; baseline -0.003 -23"><span class='ocrx_word' id='word_1_291' title='bbox 219 3960 449 4050; x_wconf 80' lang='lat' dir='ltr'><strong>primogenito,</strong></span> <span class='ocrx_word' id='word_1_292' title='bbox 463 3983 523 4026; x_wconf 89' lang='lat' dir='ltr'><strong>nec</strong></span> <span class='ocrx_word' id='word_1_293' title='bbox 538 3960 662 4048; x_wconf 82' lang='lat' dir='ltr'><strong>aliquid</strong></span> <span class='ocrx_word' id='word_1_294' title='bbox 676 3960 752 4025; x_wconf 88' lang='lat' dir='ltr'><strong>inde</strong></span> <span class='ocrx_word' id='word_1_295' title='bbox 768 3981 826 4046; x_wconf 90' lang='lat' dir='ltr'><strong>per</strong></span> <span class='ocrx_word' id='word_1_296' title='bbox 840 3958 998 4024; x_wconf 88' lang='lat' dir='ltr'><strong>iuratores</strong></span> <span class='ocrx_word' id='word_1_297' title='bbox 1012 3957 1190 4023; x_wconf 85' lang='lat' dir='ltr'><strong>attinctum</strong></span> <span class='ocrx_word' id='word_1_298' title='bbox 1205 3957 1277 4025; x_wconf 83' lang='lat' dir='ltr'><strong>fuit.</strong></span> 
     </span>
    </p>
   </div>
   <div class='ocr_carea' id='block_1_4' title="bbox 219 4179 1336 4572">
    <p class='ocr_par' dir='ltr' id='par_1_6' title="bbox 251 4179 1336 4434">
     <span class='ocr_line' id='line_1_35' title="bbox 254 4179 1336 4246; baseline -0.002 -14"><span class='ocrx_word' id='word_1_299' title='bbox 254 4182 265 4216; x_wconf 87' lang='lat'>¹</span> <span class='ocrx_word' id='word_1_300' title='bbox 282 4185 398 4233; x_wconf 74' lang='lat' dir='ltr'><strong>iuratam</strong></span> <span class='ocrx_word' id='word_1_301' title='bbox 409 4183 490 4246; x_wconf 79' lang='lat' dir='ltr'><strong>illam,</strong></span> <span class='ocrx_word' id='word_1_302' title='bbox 504 4183 536 4235; x_wconf 90' lang='lat' dir='ltr'><strong>B.</strong></span> <span class='ocrx_word' id='word_1_303' title='bbox 807 4181 937 4233; x_wconf 77' lang='lat' dir='ltr'><strong>material.</strong></span> <span class='ocrx_word' id='word_1_304' title='bbox 959 4179 1205 4232; x_wconf 78' lang='lat' dir='ltr'><strong>Therecordumwas</strong></span> <span class='ocrx_word' id='word_1_305' title='bbox 1211 4181 1336 4245; x_wconf 82' lang='lat' dir='ltr'><strong>probably</strong></span> 
     </span>
     <span class='ocr_line' id='line_1_36' title="bbox 255 4246 1336 4312; baseline -0.001 -14"><span class='ocrx_word' id='word_1_306' title='bbox 255 4249 400 4312; x_wconf 64' lang='grc' dir='ltr'><strong>’Βιιιῑιιζῄ1</strong></span> <span class='ocrx_word' id='word_1_307' title='bbox 412 4247 443 4298; x_wconf 91' lang='grc' dir='ltr'><strong>Β.</strong></span> <span class='ocrx_word' id='word_1_308' title='bbox 807 4246 960 4309; x_wconf 77' lang='lat' dir='ltr'><strong>inElnglish</strong></span> <span class='ocrx_word' id='word_1_309' title='bbox 971 4261 1001 4296; x_wconf 88' lang='lat' dir='ltr'><strong>or</strong></span> <span class='ocrx_word' id='word_1_310' title='bbox 1011 4246 1121 4306; x_wconf 84' lang='lat' dir='ltr'><strong>French,</strong></span> <span class='ocrx_word' id='word_1_311' title='bbox 1132 4246 1185 4297; x_wconf 87' lang='lat' dir='ltr'><strong>and</strong></span> <span class='ocrx_word' id='word_1_312' title='bbox 1197 4248 1226 4296; x_wconf 84' lang='lat' dir='ltr'><strong>of</strong></span> <span class='ocrx_word' id='word_1_313' title='bbox 1234 4246 1289 4297; x_wconf 73' lang='lat' dir='ltr'><strong>this</strong></span> <span class='ocrx_word' id='word_1_314' title='bbox 1299 4262 1336 4297; x_wconf 83' lang='lat' dir='ltr'><strong>wo</strong></span> 
     </span>
     <span class='ocr_line' id='line_1_37' title="bbox 254 4311 1335 4376; baseline -0.001 -13"><span class='ocrx_word' id='word_1_315' title='bbox 254 4313 415 4376; x_wconf 50' lang='lat' dir='ltr'><strong>’Timaei</strong></span> <span class='ocrx_word' id='word_1_316' title='bbox 429 4313 461 4363; x_wconf 90' lang='lat' dir='ltr'><strong>B.</strong></span> <span class='ocrx_word' id='word_1_317' title='bbox 807 4311 874 4362; x_wconf 83' lang='lat' dir='ltr'><strong>have</strong></span> <span class='ocrx_word' id='word_1_318' title='bbox 896 4314 948 4364; x_wconf 79' lang='lat' dir='ltr'><strong>two</strong></span> <span class='ocrx_word' id='word_1_319' title='bbox 973 4311 1148 4375; x_wconf 80' lang='lat' dir='ltr'><strong>independent</strong></span> <span class='ocrx_word' id='word_1_320' title='bbox 1175 4311 1255 4362; x_wconf 84' lang='lat' dir='ltr'><strong>Latin</strong></span> <span class='ocrx_word' id='word_1_321' title='bbox 1282 4327 1335 4362; x_wconf 87' lang='lat' dir='ltr'><strong>vcr-</strong></span> 
     </span>
     <span class='ocr_line' id='line_1_38' title="bbox 251 4376 891 4434; baseline -0.006 -4"><span class='ocrx_word' id='word_1_322' title='bbox 251 4380 263 4412; x_wconf 88' lang='lat'><strong>⁴</strong></span> <span class='ocrx_word' id='word_1_323' title='bbox 279 4377 494 4434; x_wconf 71' lang='lat' dir='ltr'><strong>Thestatenrcut</strong></span> <span class='ocrx_word' id='word_1_324' title='bbox 510 4377 608 4428; x_wconf 72' lang='lat' dir='ltr'><strong>cithia</strong></span> <span class='ocrx_word' id='word_1_325' title='bbox 625 4379 756 4429; x_wconf 80' lang='lat' dir='ltr'><strong>recordum</strong></span> <span class='ocrx_word' id='word_1_326' title='bbox 807 4376 891 4428; x_wconf 77' lang='lat' dir='ltr'><strong>siona</strong></span> 
     </span>
    </p>

    <p class='ocr_par' dir='ltr' id='par_1_7' title="bbox 222 4442 1087 4508">
     <span class='ocr_line' id='line_1_39' title="bbox 222 4442 1087 4508; baseline -0.003 -13"><span class='ocrx_word' id='word_1_327' title='bbox 222 4445 286 4495; x_wconf 86' lang='lat' dir='ltr'><strong>inB</strong></span> <span class='ocrx_word' id='word_1_328' title='bbox 302 4447 424 4508; x_wconf 81' lang='lat' dir='ltr'><strong>prasents</strong></span> <span class='ocrx_word' id='word_1_329' title='bbox 440 4457 521 4506; x_wconf 83' lang='lat' dir='ltr'><strong>many</strong></span> <span class='ocrx_word' id='word_1_330' title='bbox 534 4443 622 4494; x_wconf 81' lang='lat' dir='ltr'><strong>rorbal</strong></span> <span class='ocrx_word' id='word_1_331' title='bbox 638 4443 757 4494; x_wconf 69' lang='lat' dir='ltr'><strong>variam</strong></span> <span class='ocrx_word' id='word_1_332' title='bbox 840 4442 851 4475; x_wconf 77' lang='lat'>⁸</span> <span class='ocrx_word' id='word_1_333' title='bbox 867 4442 940 4493; x_wconf 79' lang='lat' dir='ltr'><strong>Oorr.</strong></span> <span class='ocrx_word' id='word_1_334' title='bbox 951 4443 1087 4506; x_wconf 66' lang='lat' dir='ltr'><strong>quamn.</strong></span> 
     </span>
    </p>

    <p class='ocr_par' dir='ltr' id='par_1_8' title="bbox 219 4508 755 4572">
     <span class='ocr_line' id='line_1_40' title="bbox 219 4508 755 4572; baseline -0.006 -11"><span class='ocrx_word' id='word_1_335' title='bbox 219 4513 289 4562; x_wconf 73' lang='lat' dir='ltr'><strong>from</strong></span> <span class='ocrx_word' id='word_1_336' title='bbox 313 4523 364 4560; x_wconf 86' lang='lat' dir='ltr'><strong>our</strong></span> <span class='ocrx_word' id='word_1_337' title='bbox 384 4512 456 4568; x_wconf 67' lang='lat' dir='ltr'><strong>tem</strong></span> <span class='ocrx_word' id='word_1_338' title='bbox 484 4509 532 4560; x_wconf 89' lang='lat' dir='ltr'><strong>but</strong></span> <span class='ocrx_word' id='word_1_339' title='bbox 553 4508 614 4572; x_wconf 79' lang='lat' dir='ltr'><strong>they</strong></span> <span class='ocrx_word' id='word_1_340' title='bbox 637 4523 681 4559; x_wconf 85' lang='lat' dir='ltr'><strong>are</strong></span> <span class='ocrx_word' id='word_1_341' title='bbox 708 4509 755 4558; x_wconf 91' lang='lat' dir='ltr'><strong>im·</strong></span> 
     </span>
    </p>
   </div>
   <div class='ocr_carea' id='block_1_5' title="bbox 0 0 1676 5217">
    <p class='ocr_par' dir='ltr' id='par_1_9' title="bbox 0 0 1676 5217">
     <span class='ocr_line' id='line_1_41' title="bbox 0 0 1676 5217; baseline 0 3"><span class='ocrx_word' id='word_1_342' title='bbox 0 0 1676 5217; x_wconf 95' lang='lat' dir='ltr'><strong> </strong></span> 
     </span>
    </p>
   </div>
  </div>
 </body>
</html>
