3342 5217
355 342 418 403 480
563 350 796 411 mensurum,
818 351 882 399 ao.
908 338 1000 412 1231,
1023 352 1086 403 aa
1111 340 1248 402 15-16.

353 531 388 588 et
410 524 478 589 sine
500 524 619 590 iudicio
648 524 824 589 disseisiuit
847 524 1048 590 Willelmum
1077 526 1119 590 de
1149 527 1255 591 Mown
1284 526 1325 591 de
1355 525 1460 590 libero

353 636 540 693 tenemento
569 652 627 693 suo
659 628 694 693 in
729 629 901 695 Olinctona
935 638 1009 715 post
1043 630 1182 715 primam
1214 630 1458 695 coronacionem

353 740 414 797 etc.
457 733 501 796 Et
530 732 671 797 balliuus
693 732 827 797 Viuiani
853 732 946 798 uenit
975 740 1010 797 et
1039 734 1120 799 dicit
1148 734 1235 819 quod
1263 734 1363 798 assisa
1390 756 1458 797 non

352 836 450 901 debet
464 836 539 901 inde
555 837 624 901 fieri
639 837 717 923 quia
738 836 838 901 assisa
858 859 942 901 noue
957 837 1124 903 disseisine
1142 837 1148 923 Ι
1167 838 1209 903 de
1229 839 1342 903 eodem
1365 846 1457 903 tene

352 950 463 1007 mento
492 950 588 1028 capta
613 941 676 1006 fuit
705 963 812 1005 coram
842 940 984 1005 Martino
1012 941 1054 1005 de
1083 942 1272 1007 Pateshulla
1300 951 1334 1006 et
1363 942 1458 1006 sociis

352 1043 418 1109 suis
440 1043 624 1109 iusticiariis
645 1043 733 1129 apud
752 1043 1077 1109 westmonasterium
1099 1044 1148 1109 ita
1165 1045 1252 1131 quod
1273 1068 1331 1130 per
1352 1068 1459 1109 sacra·

352 1152 500 1209 mentum
520 1145 698 1208 iuratorum
719 1152 753 1209 et
767 1166 826 1230 per
847 1144 954 1208 uisum
976 1145 1213 1231 recognitorum
1235 1146 1337 1232 ipsius
1358 1146 1458 1210 assiae

351 1247 556 1332 recuperauit
570 1247 678 1311 dictus
692 1246 853 1311 Viuianus
867 1246 1019 1311 saisinam
1034 1245 1179 1312 eiusdem
1194 1249 1383 1313 tenementi.

418 1352 461 1416 Et
488 1351 670 1416 Willelmus
693 1350 785 1416 uenit
814 1358 850 1415 et
878 1350 959 1415 dicit
988 1351 1075 1437 quod
1102 1351 1267 1436 predictus
1296 1352 1459 1417 Viuianus

352 1454 523 1541 occupauit
552 1454 593 1519 xl.
616 1462 651 1518 et
673 1477 701 1517 v.
723 1476 812 1518 acras
835 1462 920 1517 terre
949 1462 984 1517 et
1013 1453 1094 1519 duas
1121 1464 1262 1519 cottaras
1283 1456 1457 1541 plusquam

352 1557 555 1643 recuperauit
569 1580 627 1643 per
641 1555 819 1641 predictam
835 1554 987 1620 assisam¹
1003 1555 1044 1620 de
1059 1556 1119 1621 hoc
1134 1557 1220 1642 petit
1234 1558 1374 1623 assisam.

417 1660 461 1724 Et
482 1660 623 1724 balliuus
642 1658 774 1723 Viuiani
795 1658 876 1723 dicit
898 1658 984 1745 quod
1007 1659 1107 1724 nichil
1128 1662 1300 1746 occupauit
1321 1663 1410 1725 ultra
1430 1685 1457 1726 c.

351 1782 411 1827 acr.
427 1774 512 1826 terre
531 1785 606 1826 eum
626 1770 708 1847 pert.
723 1782 803 1846 quas
822 1762 1028 1846 recuperauit
1047 1785 1105 1848 per
1124 1762 1303 1848 predictam
1321 1764 1455 1829 assisam

351 1873 385 1929 et
407 1887 466 1951 per
484 1865 606 1930 curiam
622 1865 715 1929 Dom.
731 1864 829 1949 Regis
849 1872 884 1928 et
904 1864 979 1929 inde
997 1874 1093 1930 uocat
1107 1866 1230 1931 curiam
1246 1868 1338 1933 Dom
1354 1868 1457 1955 Regis

350 1966 392 2032 ad
407 1977 593 2032 warantum.

416 2071 459 2135 Et
475 2080 587 2157 postea
599 2072 763 2157 quesitum
779 2078 829 2135 est
844 2072 1011 2139 recordum
1026 2073 1114 2158 apud
1129 2074 1455 2140 westmonasterium

250 2201 252 2207 s
350 2173 446 2238 stibi
461 2183 662 2260 compertum
678 2186 727 2239 est
742 2175 829 2260 quod
844 2174 932 2240 idem
947 2176 1107 2240 Viuianus
1121 2178 1327 2262 recuperauit
1343 2200 1458 2242 uersus

349 2277 489 2343 eundem
514 2279 714 2353 Willelmum
745 2302 769 2345 c.
794 2302 884 2343 acras
909 2288 944 2343 et
969 2280 1050 2345 duas
1073 2280 1154 2367 uirg.
1180 2289 1265 2345 terre
1291 2289 1326 2345 et
1352 2303 1457 2345 unum

349 2382 481 2447 boscum
504 2381 561 2468 qui
585 2390 721 2446 uocatur
746 2381 776 2445 le
802 2381 880 2445 Frid
904 2405 978 2448 cum
1004 2391 1084 2468 pert.
1112 2394 1146 2447 et
1168 2405 1265 2467 super
1290 2383 1351 2448 hoc
1375 2383 1458 2448 dicit

335 2485 533 2550 ¹Willelmus
558 2484 645 2570 quod
670 2484 758 2548 idem
783 2484 942 2548 Viuianus
967 2506 1162 2570 supereum
1188 2486 1230 2549 xl.
1257 2493 1292 2549 et
1315 2507 1345 2551 v.
1366 2509 1459 2552 acras

351 2598 435 2653 terre
446 2589 457 2621 ²
470 2598 543 2675 post
558 2590 657 2653 linem
673 2590 794 2653 factum
814 2588 902 2653 inter
920 2589 1028 2674 ipsum
1045 2589 1247 2653 Willelmum
1267 2589 1308 2654 de
1323 2590 1458 2655 Mowun

351 2704 385 2760 et
406 2695 607 2761 Willelmum
630 2695 776 2759 Brewere
798 2694 840 2758 de
866 2693 1023 2759 warancis
1048 2693 1193 2779 predicte
1215 2703 1300 2758 terre
1322 2702 1359 2757 et
1379 2694 1458 2759 inde

349 2800 442 2887 ponit
457 2824 490 2865 se
506 2823 602 2886 super
616 2799 755 2886 patriam
771 2790 805 2865 et
821 2821 918 2884 super
931 2800 1090 2864 iuratores
1104 2798 1248 2884 predicte
1263 2798 1370 2864 assisa

416 2907 459 2970 Et
481 2906 641 2971 Viuianus
670 2904 751 2979 dicit
777 2904 864 2990 quod
890 2903 989 2967 nichil
1013 2903 1183 2989 occupauit
1208 2903 1381 2988 plusquam
1408 2927 1459 2970 re·

349 3012 519 3097 superauit
547 3033 605 3096 per
633 3009 812 3095 predictam
841 3008 983 3083 assisam,
1008 3016 1043 3072 et
1072 3007 1148 3071 inde
1178 3006 1272 3092 ponit
1300 3029 1335 3070 se
1359 3029 1460 3093 super

350 3113 488 3199 patriam
504 3121 539 3177 et
558 3114 716 3177 iuratores
731 3112 817 3177 dicte
838 3112 943 3177 assiae.
989 3112 1033 3175 Et
1054 3111 1128 3175 ideo
1149 3110 1273 3174 dictum
1296 3118 1348 3173 est
1369 3111 1458 3175 uice-

350 3220 461 3285 comiti
484 3220 570 3306 quod
592 3220 627 3284 in
653 3219 782 3305 propria
810 3241 946 3304 persona
974 3218 1105 3283 accedat
1133 3218 1221 3303 apud
1246 3219 1458 3306 Clingtonam

351 3334 385 3391 et
399 3324 574 3412 diligenter
586 3325 729 3411 inquirat
744 3325 800 3411 qui
815 3325 948 3389 fuerunt
963 3324 1119 3388 iuratores
1133 3323 1220 3387 dicte
1235 3324 1333 3389 assisa
1348 3334 1384 3390 et
1399 3349 1460 3411 per

351 3452 461 3493 eorum
477 3438 713 3501 sacramentum
729 3429 904 3516 diligenter
918 3428 1062 3514 inquirat
1077 3428 1105 3491 si
1119 3427 1284 3512 predictus
1296 3428 1459 3495 Viuianus

351 3534 425 3620 plus
438 3533 609 3619 occupauit
623 3556 719 3619 super
733 3534 917 3619 predictum
929 3532 1129 3598 Willelmmn
1141 3554 1240 3617 quam
1251 3534 1460 3619 recuperauit

351 3660 409 3723 per
430 3639 608 3724 predictam
631 3639 763 3703 assisam
785 3638 851 3703 scil.
866 3638 909 3703 xl.
927 3661 954 3701 v,
976 3660 1040 3702 acr.
1061 3645 1146 3701 terre
1167 3636 1346 3720 secundum
1368 3641 1461 3724 quod

351 3743 437 3808 idem
453 3742 637 3807 willermus
651 3741 731 3807 aaa
746 3742 799 3807 aa
820 3763 894 3819 non,
909 3750 944 3806 a
962 3718 1207 3827 inquisicionim
1230 3741 1342 3806 uenia
1357 3744 1460 3809 acas

351 3866 372 3909 a
386 3844 438 3908 die
453 3852 512 3909 etc.
527 3867 586 3930 per
601 3844 709 3908 literas
724 3851 758 3907 et
772 3865 830 3929 per
845 3843 925 3908 duos
940 3842 1012 3907 etc³

231 3966 301 4030 031,
416 3948 599 4013 Willelmus
618 3948 658 4012 de
680 3948 874 4012 Auberuilla
893 3946 1100 4012 athachiatus
1114 3946 1178 4011 fuit
1197 3948 1240 4012 ad
1261 3948 1459 4034 responden-

237 4068 295 4107 Norr·
351 4054 429 4118 dum
444 4052 467 4116 J
468 4054 592 4117 eruasio
607 4052 647 4116 de
663 4051 894 4117 Bradefeuldia
908 4059 943 4115 et
958 4050 1062 4115 Alicie
1077 4051 1170 4115 uxori
1190 4052 1260 4116 eius
1279 4051 1319 4116 de
1333 4053 1459 4138 placito

383 4252 391 4283 ¹
411 4250 509 4315 Supply
520 4258 551 4299 et.
813 4278 829 4297 -i
926 4249 985 4298 loolr
997 4249 1036 4297 lor
1047 4262 1119 4298 cases
1129 4246 1158 4296 in
1170 4246 1255 4296 which
1266 4247 1310 4297 the
1322 4248 1416 4298 cherin
1431 4250 1458 4299 is

383 4318 394 4347 ‘²
411 4316 508 4378 Supply
520 4317 652 4378 occupauit
664 4330 693 4363 or
704 4314 748 4366 the
758 4315 817 4365 like.
926 4314 1037 4363 directed
1048 4317 1076 4362 to
1088 4312 1147 4363 take
1160 4328 1194 4361 an
1205 4313 1317 4375 inques&

384 4382 394 4412 ³
411 4380 465 4430 The
476 4380 596 4429 collector
607 4395 689 4431 seems
706 4396 739 4429 on
757 4379 800 4431 the
818 4384 874 4429 out·
1152 4418 1158 4427 ,
