3342 5217
475 485 615 545 nrmsr,
639 484 702 534 nn.
729 471 821 545 1229,
845 484 908 533 nn
932 473 981 535 13.
1215 473 1278 538 263

236 662 282 726 Et
301 662 485 727 Willelmus
508 661 671 727 Henricus
693 669 728 725 et
750 661 917 726 «lohannes
937 660 1029 724 sclua
1045 659 1196 726 libertate
1219 683 1279 726 sue

168 761 294 826 intrant
322 761 357 826 in
386 783 585 847 responsum,
614 770 649 826 et
674 759 874 825 defendunt¹
900 767 936 826 et
964 760 1277 847 inprisonamentum

167 865 297 942 iniuste,
313 874 348 930 et
362 865 476 931 dicunt
491 865 578 951 quod
593 865 725 951 quidam
741 866 903 930 Robertus
918 864 958 931 de
974 866 1162 952 Haueryete
1181 867 1276 931 homo

169 967 307 1033 Comitis
329 969 449 1056 Rogeri
473 969 530 1055 qui
551 969 630 1034 tulit
651 969 821 1034 comisiam
842 969 884 1033 ed
905 968 1115 1034 uendendum
1137 970 1172 1035 in
1193 993 1275 1034 nun-

167 1067 254 1132 dinis
281 1067 323 1132 de
354 1067 518 1134 Gemesm'
548 1069 641 1134 uenit
671 1068 845 1133 wlnerctus
876 1076 911 1133 et
939 1068 1024 1133 mele
1048 1076 1206 1134 tractatus
1235 1069 1277 1135 ad

168 1171 294 1236 dictum
324 1170 526 1237 Willelmum
556 1178 591 1236 et
619 1170 720 1236 socios
748 1182 906 1256 tunquam
938 1170 980 1235 ad
1016 1171 1153 1237 belliuos
1182 1173 1276 1241 Dum

168 1273 278 1360 Regis,
300 1281 334 1338 ct
356 1282 490 1360 questus
512 1274 575 1338 fuit
597 1274 644 1338 eis
661 1274 702 1339 ds
722 1273 877 1360 predictis
897 1274 1040 1339 Roberto
1060 1275 1100 1340 de
1120 1276 1219 1340 Lenn'
1243 1283 1278 1341 et

169 1379 308 1446 Ricardo
332 1379 374 1444 de
402 1379 569 1444 Albeuilla
592 1378 777 1443 hominibus
805 1377 907 1464 ipsius
934 1379 1068 1443 Henrici
1089 1379 1132 1444 de
1153 1379 1277 1446 Ochum

168 1481 256 1567 quod
292 1487 405 1545 contra
444 1503 556 1567 pacem
593 1479 688 1544 Dom.
720 1478 820 1566 Regis
856 1479 1095 1544 wlnerauerunt
1131 1503 1207 1547 eum
1242 1490 1278 1547 et

167 1584 375 1650 abstulerunt
399 1584 430 1648 ci
458 1583 603 1648 tunicam
627 1605 719 1648 suum
740 1591 775 1647 et
804 1583 1044 1668 supertunicem
1074 1583 1116 1649 de
1144 1593 1277 1665 museto,

169 1694 205 1752 et
233 1684 355 1772 optulit
384 1685 479 1750 dictis
508 1685 638 1751 balliuis
667 1685 802 1750 uudium
832 1693 868 1750 et
897 1685 1042 1772 plegium
1071 1687 1113 1751 ed
1142 1709 1278 1778 sequen-

169 1789 249 1855 dum
284 1813 398 1855 uersus
436 1811 498 1866 eos,
534 1788 583 1853 itu
619 1787 705 1874 quod
738 1786 877 1873 predicti
912 1787 1095 1852 Willelmus
1130 1797 1165 1853 et
1200 1789 1278 1854 socii

168 1894 222 1960 sui
245 1903 402 1981 tanquam
422 1893 536 1958 bulliui
558 1883 684 1957 domini
705 1892 806 1978 Regis
828 1892 988 1957 miserunt
1008 1893 1171 1979 quendam
1192 1894 1276 1960 Abel

168 1999 366 2064 scurientem
392 2021 488 2064 suum
512 1997 554 2062 ad
583 1995 807 2062 attechicndos
836 1997 997 2084 predictos
1026 1998 1206 2063 Robertum
1233 1999 1276 2064 de

169 2103 271 2167 Lenn’
301 2110 336 2166 et
370 2100 545 2166 Ricardum
579 2099 620 2164 de
650 2099 817 2164 Albeuills
850 2122 925 2164 cum
961 2099 1107 2186 predicto
1135 2100 1278 2166 Roberto

167 2204 211 2269 de
252 2205 440 2289 Haueryato
477 2211 643 2290 querente,
680 2201 738 2288 qui
774 2225 849 2267 cum
891 2203 968 2268 illuc
1010 2203 1162 2282 uenisset,
1199 2204 1279 2271 dicti

169 2309 334 2374 Robertus
360 2318 394 2374 et
416 2308 573 2373 Ricardus
596 2307 743 2372 homines
772 2307 875 2393 ipsius
904 2307 1039 2373 Henrici
1067 2331 1142 2374 cum
1164 2309 1200 2374 ui
1221 2333 1280 2374 sua

168 2413 292 2478 iterum
320 2413 561 2478 wlneruuerunt
589 2411 773 2499 predictum
803 2411 983 2476 Robertum
1019 2411 1060 2476 de
1090 2413 1279 2500 Haueryate

169 2525 215 2582 et'
232 2517 317 2581 male
339 2523 564 2582 troctauerunt
585 2514 769 2600 predictum
791 2513 877 2578 Abel
899 2513 1096 2578 seruientem
1118 2537 1177 2601 per
1197 2516 1279 2602 pilos

170 2627 206 2684 et
229 2619 486 2682 uerberauerunt
696 2614 708 2647 ²
725 2615 854 2692 ictibus,
869 2623 904 2680 et
922 2639 996 2680 cum
1014 2616 1095 2681 dicti
1117 2618 1280 2682 Robertus

169 2731 206 2787 et
228 2722 315 2788 Abel
338 2721 508 2787 rediissent
538 2729 572 2786 et
595 2720 702 2806 questi
731 2719 869 2784 hrisscnt
897 2720 1051 2806 predictis
1079 2720 1210 2786 bulliuis
1239 2721 1280 2786 de

169 2825 232 2890 tuli
254 2824 514 2912 transgressione,
534 2823 615 2888 dicti
636 2822 751 2889 bellini
773 2830 974 2887 uocauerunt
996 2824 1117 2889 milites
1139 2833 1174 2890 et
1195 2848 1278 2890 mer·

168 2938 296 2995 catores
310 2937 392 3015 aput
406 2926 617 2994 Tolbothem⁸
632 2926 832 3013 requirentes
847 2926 1018 2991 consilium
1029 2927 1108 3013 quid
1123 2927 1170 2994 eis
1183 2951 1281 3015 super

170 3033 233 3097 hoc
248 3040 334 3098 esset
348 3031 519 3118 egendum.

86 3148 114 3208 ⁸.
238 3135 421 3200 ⁴Robertus
439 3134 481 3199 de
500 3133 609 3198 Morz⁵
628 3133 713 3219 petit
731 3155 845 3198 uersus
866 3133 1054 3220 Philippum
1075 3133 1116 3199 de
1135 3136 1280 3221 Stialey⁶
1405 3181 1412 3194 .

170 3239 274 3326 xxiiij.
297 3239 406 3303 bouet.
437 3246 523 3303 terre
545 3261 620 3303 cum
642 3247 722 3324 pert.
746 3239 781 3303 in
804 3238 964 3304 Aselbsch
986 3247 1025 3303 ut
1046 3239 1098 3304 ius
1119 3261 1223 3318 suum,
1245 3248 1281 3306 et

170 3364 287 3408 uersus
315 3341 496 3406 Robertum
526 3341 630 3406 filium
660 3340 798 3406 Walteri
826 3340 869 3405 de
899 3341 1072 3428 Strsleghe
1099 3342 1140 3428 xj.
1171 3343 1279 3408 bouat.

170 3455 258 3510 terre
284 3442 320 3507 in
349 3442 530 3509 Ohillewlla
559 3450 593 3507 et
621 3443 703 3507 duas
732 3450 842 3529 partes
871 3440 1009 3506 duarum
1037 3443 1180 3509 bouetar.
1206 3466 1280 3508 cum

169 3545 313 3635 pertin
336 3546 450 3610 ecdem
479 3545 567 3622 uilla,
589 3553 628 3610 ut
657 3545 708 3610 ius
737 3567 842 3621 suum,
865 3544 952 3609 unde
981 3545 1073 3610 Isiliu
1100 3553 1281 3611 antecessor

170 3673 234 3716 sua
257 3649 323 3714 fuit
350 3649 461 3714 seisitu
490 3649 525 3714 in
548 3649 708 3714 dominico
732 3657 771 3714 ut
797 3649 838 3714 de
864 3649 957 3714 feodo
981 3657 1016 3714 et
1041 3649 1111 3714 iure
1135 3659 1280 3737 tempore

170 3757 216 3821 H.
240 3753 341 3840 Regis
362 3753 419 3818 eui
447 3753 541 3818 Dom.
572 3753 680 3840 Regis,
703 3753 861 3838 capiendo
889 3753 966 3818 inde
994 3755 1124 3839 expleta
1152 3755 1195 3819 ad
1223 3779 1280 3820 ua-

172 3859 312 3925 lencian'r
334 3881 363 3924 v.
385 3858 439 3924 sol
464 3865 498 3923 et
521 3858 670 3945 emplius
692 3858 789 3923 etde
818 3858 891 3944 ipsa
915 3858 1007 3923 Isiliu
1034 3859 1201 3924 descendit
1229 3860 1281 3925 ius

169 3976 260 4031 terre
288 3964 377 4029 illius
406 3965 535 4029 cuidem
564 3965 707 4029 Roberto
736 3974 775 4030 ut
805 3965 929 4029 filioet
954 3964 1153 4042 heredium,
1179 3965 1280 4030 etde

168 4072 230 4138 illo
247 4070 401 4147 Roberto,
415 4070 558 4136 Roberto
579 4069 646 4134 filio
669 4075 704 4134 et
725 4068 838 4133 heredi
860 4091 927 4146 suo,
942 4075 976 4132 et
998 4067 1039 4132 de
1060 4068 1116 4133 illo
1138 4069 1280 4135 Roberto

203 4251 216 4286 ¹
235 4249 493 4315 Supplycapct‘onem,
510 4253 541 4302 A.
754 4252 824 4304 &ew
835 4251 920 4302 blood.

204 4317 310 4374 'orbiu
324 4317 354 4365 A.
388 4316 443 4366 The
459 4317 559 4380 copyist
575 4316 633 4367 who
653 4317 703 4368 hus
786 4317 1030 4368 8111010111000111.

168 4384 220 4435 lert
242 4397 259 4432 s
282 4380 362 4430 blank
390 4381 435 4431 did
462 4385 518 4444 not,
543 4384 556 4431 1
583 4397 702 4446 suppose,
785 4383 918 4434 ⁴A.m.7
929 4382 956 4433 d.

169 4445 485 4500 understsndthutortio
500 4449 592 4498 ictibus
612 4463 703 4498 mouns
785 4449 889 4507 llicit,
903 4448 934 4496 Δ.

170 4515 237 4564 with
248 4513 322 4562 tund
334 4513 414 4574 tloror,
426 4511 505 4563 blows
513 4511 597 4563 which
611 4513 644 4564 do
655 4516 703 4564 not
785 4513 797 4548 ⁶
813 4515 924 4579 Strategi,
936 4514 967 4562 Δ.
