3342 5217
498 447 649 508 rmmrr,
672 446 736 496 nu.
765 434 859 509 1218,
882 448 945 497 aa
969 436 998 497 2.
1282 436 1303 499 3

190 638 305 703 pacem
336 615 470 681 sectem¹
500 616 577 681 fecit
599 614 668 702 ipse
690 616 863 682 conuenire
885 615 1008 681 curiam
1030 638 1123 682 suam
1145 626 1181 682 et
1202 617 1303 703 peciit

190 720 482 785 consideracionem
500 721 678 806 [quomodo]
694 721 809 786 debuit
824 722 999 787 seruioium
1013 746 1109 787 suum
1124 722 1253 799 habere,
1269 731 1304 788 et

190 825 283 889 curia
297 824 514 889 considerauit
529 825 616 910 quod
629 834 759 911 caperet
775 825 905 891 feodum
919 827 955 891 in
970 828 1116 892 namium
1136 850 1303 914 quousque

190 927 225 991 ei
240 927 360 992 faceret
374 928 549 993 seruioium
563 950 659 993 suum
672 929 718 1012 [et
732 930 794 1013 itu]
814 950 874 1015 per
892 929 1049 994 iudicium
1071 930 1160 1017 oepit
1181 940 1303 995 terram

190 1032 227 1097 in
250 1055 383 1098 manum
406 1032 553 1118 eoquod
581 1033 672 1097 nulla
694 1034 822 1098 inuenit
845 1035 963 1099 catalla
983 1035 1019 1099 in
1045 1036 1137 1101 feodo
1159 1059 1303 1122 perque

190 1135 385 1223 distringere
411 1143 520 1221 posset
547 1135 631 1219 [eum
655 1136 700 1200 cd
717 1134 923 1222 faciendum]
948 1138 1122 1203 seruicium
1148 1160 1243 1202 suum
1267 1146 1303 1203 et

190 1248 305 1326 postea
319 1262 446 1325 semper
460 1239 582 1325 optulit
596 1238 627 1303 ei
643 1247 762 1303 terram
777 1262 870 1304 suam
885 1240 1003 1327 persio
1023 1241 1110 1328 quod
1129 1242 1251 1307 faceret
1269 1242 1302 1307 ei

189 1342 364 1409 conticium
380 1350 415 1407 et
429 1342 536 1407 adhuc
552 1342 678 1427 [offert]

260 1446 316 1530 [Et
336 1444 475 1511 Jcoobue
496 1444 640 1531 defendit
661 1444 745 1529 quod
771 1445 951 1531 nunquam]
979 1447 1091 1511 aueria
1111 1470 1171 1512 sua
1205 1455 1303 1534 capta

190 1548 324 1612 fuerunt
339 1568 396 1632 pro
411 1546 540 1611 defectu
556 1546 684 1611 semioii
699 1554 734 1610 et
751 1568 918 1633 nunquam
942 1569 983 1612 ea
1001 1548 1197 1635 replegiauit
1216 1548 1301 1614 sicut

189 1652 254 1737 ipsi
269 1652 383 1715 dicunt
397 1658 432 1714 et
447 1698 686 1716 ...........
702 1649 988 1715 considerauerunt
1003 1659 1063 1717 etc.
1077 1661 1112 1717 et
1120 1652 1197 1716 inde
1208 1652 1300 1739 ponit

190 1778 226 1821 se
241 1778 339 1841 super
352 1754 493 1819 iuratam
508 1754 623 1839 patrie.

260 1860 318 1944 [Et
337 1857 480 1944 predicti
508 1858 619 1923 dicum
648 1858 732 1943 qaod
761 1859 877 1923 ucetia
897 1858 971 1943 aaa]
995 1859 1191 1946 replegiauit
1216 1858 1302 1925 sicut

190 1962 374 2048 predictum
404 1968 454 2026 est
483 1970 518 2026 et
541 1960 627 2025 diem
650 1961 774 2047 recepit
795 1961 881 2027 sicut
903 1962 1086 2048 predictum
1108 1970 1216 2027 estet
1240 1961 1301 2027 hoo

190 2064 348 2130 offerunt'
362 2086 548 2150 percorpus
563 2062 733 2129 cuiusdam
749 2063 845 2129 liberi
859 2063 998 2129 hominis
1012 2064 1070 2150 qui
1085 2072 1136 2129 est
1149 2085 1209 2149 par
1222 2086 1301 2129 suus

190 2168 232 2233 de
259 2168 372 2233 eodem
398 2168 491 2233 feodo
515 2168 639 2233 scilieet
665 2190 723 2253 per
746 2168 949 2233 Rannulsum
974 2168 1067 2233 Pioot
1089 2167 1300 2254 campionem.

190 2274 476 2341 concordati-sunt
491 2298 549 2361 per
563 2275 730 2340 licenciam
752 2276 1018 2359 [iuatioioriorum
1036 2282 1066 2341 et
1085 2274 1224 2341 Jaeoaa
1243 2276 1301 2341 dut

189 2378 366 2445 dimidiam
380 2402 526 2445 marcum
536 2404 599 2465 pro
615 2380 748 2446 licencia
761 2377 1015 2464 concordandi]

257 2482 451 2567 [Wilteimue
465 2482 586 2566 danes]
600 2481 699 2549 Sarr’⁴
714 2491 749 2547 et
765 2482 825 2547 Ela
840 2484 938 2567 [ocor
952 2482 1020 2549 eiua
1031 2504 1092 2569 per
1102 2490 1297 2549 attornatum
1309 2498 1397 2553 [caua]

189 2608 282 2651 mcum
295 2587 420 2673 petunt]
435 2608 548 2651 uersus
563 2586 731 2671 Paganum
746 2585 786 2650 de
803 2584 1083 2652 Chawrtesteford’
1093 2586 1129 2651 in
1140 2576 1317 2651 comitatus
1317 2602 1383 2615 ·····
1386 2575 1393 2625 ¹

190 2690 393 2756 Gloucestrie
408 2690 588 2755 manerium
603 2690 643 2755 de
659 2740 992 2755 ...............
1008 2698 1047 2755 ut
1061 2690 1113 2755 ius
1126 2690 1228 2777 ipsius
1240 2690 1299 2755 Ele

190 2802 226 2859 et
252 2800 291 2857 ut
315 2792 373 2857 illa
398 2815 462 2878 que
487 2792 647 2857 Patricius
676 2791 716 2856 de
747 2791 915 2859 Ohawrtes
944 2802 1126 2859 antecessor
1154 2793 1300 2859 eiusdem

190 2895 315 2983 Pagani
326 2894 417 2959 dedit
433 2944 624 2959 .........
642 2894 931 2983 [inmoritcpicm]
942 2946 1088 2961 .......
1106 2896 1301 2961 Sibillafilia

189 3018 250 3062 sua
267 2995 326 3082 qui
344 2994 420 3060 inde
440 2996 573 3065 fuerunt
595 2994 699 3060 saisiti
721 3002 867 3082 tempore
884 2996 928 3060 fil’
944 2996 986 3059 H
1002 2995 1047 3059 fil'
1066 2994 1300 3082 conquestoris⁶

189 3110 229 3167 ut
244 3100 284 3166 de
300 3148 656 3165 ................
675 3098 788 3164 Sibille
805 3107 840 3165 et
855 3099 895 3164 de
909 3100 982 3185 ipsa
997 3100 1113 3165 Sibilla
1132 3098 1299 3164 descendit

189 3204 242 3269 ius
266 3201 484 3267 maneriorum
510 3201 727 3288 predictorum
751 3201 892 3266 Patricio
915 3201 982 3266 filio
1007 3224 1065 3266 suo
1094 3209 1130 3266 et
1158 3200 1199 3266 de
1228 3202 1299 3287 ipso

189 3306 332 3371 Patricio
347 3354 539 3371 .........
557 3304 664 3390 [patri
685 3304 803 3391 ipsium]
828 3304 887 3369 Ele
912 3312 947 3369 et
972 3304 1013 3368 de
1037 3304 1108 3389 ipso
1133 3304 1299 3369 Willelmo

69 3440 72 3445 ·
189 3410 336 3498 predicte
351 3408 410 3473 Ele
425 3416 485 3473 ete

255 3513 314 3597 [Ee
329 3511 485 3596 Pcpcoua
499 3510 587 3576 uenit
601 3518 630 3576 et
644 3508 786 3596 defendit
799 3508 852 3575 iao
866 3511 974 3593 mum]
990 3517 1049 3575 ete
1065 3518 1100 3574 et
1115 3509 1195 3575 dicit
1212 3510 1299 3597 quod

190 3640 255 3682 non
270 3616 403 3681 uidetur
417 3613 449 3679 ei
463 3613 549 3700 quod
563 3614 682 3679 debeat
696 3612 739 3678 ad
757 3613 817 3679 hoo
836 3614 936 3678 breue
956 3614 1147 3699 respondere
1168 3616 1245 3701 quia
1263 3616 1299 3679 in

189 3721 284 3788 breui
294 3721 337 3786 de
348 3719 433 3807 placi
444 3768 705 3784 ............
720 3716 817 3802 [quod
830 3716 1300 3785 Gmueoetacoreiuaclomant

223 3932 391 3985 ¹an.1217.
768 3934 843 3981 ment
856 3930 970 3981 thelord
980 3930 1063 3979 minoe
1076 3930 1122 3980 the
1137 3930 1201 3981 land
1215 3929 1298 3992 itaelt;

222 3998 234 4031 ³
251 3997 351 4061 Supply
359 4000 474 4060 protere.
768 3996 821 4047 and
830 3996 885 4045 this
897 4010 980 4046 seems
991 3999 1019 4044 to
1034 3995 1066 4045 be
1079 3996 1231 4046 considered
1243 4010 1298 4045 cor·

222 4062 234 4096 ²
249 4062 363 4113 Observa
384 4062 442 4112 that
461 4061 506 4111 the
527 4060 584 4111 lord
603 4060 649 4111 did
671 4062 719 4111 not
769 4064 837 4120 rect;
854 4061 899 4110 the
915 4062 973 4110 writ
989 4064 1096 4110 cacavit
1108 4077 1157 4124 per
1171 4063 1299 4111 biennium

190 4128 302 4178 dietrain
322 4128 364 4176 for
381 4130 441 4177 rent
463 4142 551 4177 errent
568 4127 636 4177 until
654 4128 720 4177 aiter
769 4125 1298 4188 uasnotyetinvented;aeoStatGlouc.

190 4192 224 4242 he
239 4192 294 4243 had
311 4192 432 4243 obtained
448 4207 465 4241 a
479 4191 616 4255 judgment
632 4192 661 4240 in
677 4191 720 4240 his
772 4192 796 4256 (6
808 4190 879 4241 Edu.
895 4191 918 4254 Ι)
931 4205 988 4253 cap.
999 4190 1024 4239 4.

191 4262 273 4307 court.
303 4257 342 4306 '1¹0
353 4256 443 4307 obtain
457 4272 474 4306 a
485 4256 619 4320 judgment
633 4256 720 4307 before
802 4255 1215 4318 ‘Williamhongsuord‚Earlos
1220 4256 1298 4306 Salia

190 4322 349 4385 distrainiug
366 4336 449 4372 neema
465 4324 493 4371 to
509 4321 574 4371 bevo
590 4322 655 4371 been
671 4335 718 4371 un·
770 4321 841 4383 bury.
1010 4362 1016 4371 .

192 4402 327 4503 pefficpry
340 4388 390 4501 ppt
406 4386 583 4503 notftunueual
592 4406 599 4448 ;
615 4401 658 4502 poe
674 4386 719 4500 ἓν.
802 4386 813 4418 ⁶
830 4386 901 4501 Corte
914 4393 1021 4464 tempore
1033 4388 1111 4449 Recio
1122 4387 1232 4437 Hearici
1240 4389 1299 4452 filii

205 4488 212 4501 .
299 4489 307 4503 .
382 4467 445 4503 ena
469 4466 523 4503 ata
539 4466 614 4503 socon
646 4466 674 4515 Ju
692 4466 718 4514 g·
770 4466 947 4515 conqueaom.
