3342 5217
395 465 458 531 261
691 475 832 538 1111111,
854 475 920 526 nn.
944 463 1124 539 11211111
1148 463 1197 527 13.

394 652 450 717 isti
465 651 608 716 Roberto
621 657 660 714 ut
675 649 741 714 filio
757 659 792 714 et
811 649 924 715 heredi
943 673 1011 728 suo,
1026 659 1060 715 et
1075 649 1162 736 quod
1182 650 1248 714 tale
1267 649 1311 714 sit
1333 649 1385 714 ius
1404 672 1500 713 suum

394 763 454 820 etc.
471 754 564 818 offert
578 753 713 839 probare
728 760 787 816 etc

461 857 505 922 Et
519 855 690 940 Philippus
705 855 798 919 uenit
812 863 847 918 et
861 853 903 918 de
918 853 1076 920 termille
1090 878 1188 940 quem
1202 855 1272 941 ipse
1292 863 1384 920 tenet
1405 863 1502 920 uocet

394 959 576 1048 predictum
601 959 781 1024 Robertum
804 959 847 1023 sd
868 968 1049 1025 warantum
1071 961 1128 1046 qui
1149 962 1243 1025 uenit
1265 967 1299 1025 et
1328 960 1360 1025 ei
1381 978 1520 1025 waren·

396 1065 476 1128 tizat
491 1071 526 1128 et
540 1061 633 1149 ponit
648 1084 682 1126 se
703 1061 738 1125 in
761 1084 913 1148 magnam
928 1064 1070 1142 assisam,
1085 1065 1226 1149 etpetit
1247 1065 1501 1151 recognicionem

396 1167 467 1231 fieri
481 1175 592 1230 utrum
608 1187 719 1230 eorum
734 1165 859 1230 maius¹
875 1165 996 1230 hebeat
1009 1166 1045 1230 in
1059 1166 1206 1252 predicte
1220 1175 1313 1232 tem

462 1271 505 1335 Et
527 1270 570 1334 de
597 1278 684 1334 terra
706 1292 804 1355 quem
833 1270 922 1335 idem
951 1269 1134 1336 Robertus'
1161 1272 1247 1357 petit
1275 1294 1388 1336 uersus
1417 1293 1501 1346 eum,

394 1375 518 1441 scilicet
535 1375 575 1439 de
595 1373 724 1439 duabus
738 1374 868 1439 bouetis
889 1383 975 1438 terre
997 1383 1032 1439 et
1054 1373 1181 1439 duabus
1203 1374 1349 1460 pertibus
1364 1375 1501 1438 duarum

395 1483 502 1548 bouet.
519 1481 554 1545 in
569 1480 769 1546 Ohillewella
783 1479 869 1565 petit
883 1479 971 1544 idem
986 1479 1169 1543 Robertns⁸
1183 1479 1300 1544 uisum.
1344 1479 1484 1544 Habeat

462 1587 506 1650 Et
526 1585 688 1649 Robertus
707 1582 748 1648 de
771 1583 860 1647 Morz
883 1583 976 1647 uenit
998 1591 1033 1646 et
1054 1582 1135 1646 dicit
1157 1583 1243 1668 quod
1264 1605 1384 1669 magna
1404 1583 1503 1646 assisa

395 1712 460 1754 non
482 1687 580 1762 debet
602 1686 677 1751 inde
700 1686 779 1764 fieri,
801 1685 879 1771 qnia
900 1685 963 1771 ipsi
988 1685 1139 1749 exierunt
1168 1684 1207 1750 de
1237 1685 1351 1749 eodem
1379 1685 1502 1770 stipite,

395 1794 518 1859 scilicet
554 1791 595 1856 de
632 1790 778 1876 predicte
814 1789 920 1854 Ysilia
949 1788 1026 1874 quia
1061 1787 1133 1874 ipsa
1161 1787 1278 1852 hebuit
1307 1787 1387 1852 duos
1417 1787 1503 1851 uiros

397 1897 598 1963 Willelmum
616 1895 656 1959 de
678 1894 766 1957 Morz
784 1893 927 1979 primum
948 1892 1057 1955 uirum
1077 1891 1134 1976 qui
1153 1890 1217 1954 fuit
1238 1890 1351 1976 peter*
1365 1890 1503 1976 predicti

396 2000 560 2076 Roberti⁵,
582 2007 617 2063 et
646 2005 759 2085 postea
788 1996 972 2061 Walterum
1002 1995 1043 2059 de
1073 1994 1248 2080 Strnlegha
1268 2003 1503 2059 antecessorem

395 2105 534 2194 predicti
556 2101 711 2168 1111111111ο
731 2110 765 2166 et
787 2101 827 2166 de
851 2123 915 2186 quc
937 2101 1006 2185 ipse
1028 2099 1191 2164 Robertus
1210 2098 1300 2174 exiit,
1319 2098 1398 2184 quia
1416 2098 1505 2163 idem

397 2209 560 2274 Walterus
575 2207 692 2272 habuit
706 2229 809 2270 unum
826 2205 930 2270 filium
947 2205 1160 2290 Sampsonem
1177 2202 1315 2278 nomine,
1329 2210 1365 2266 et
1388 2202 1505 2288 Samp-

396 2335 454 2377 son
468 2334 571 2376 unum
587 2311 692 2374 filium
707 2309 890 2373 Walterum
905 2308 1035 2372 nomine
1050 2314 1178 2393 patrem
1192 2307 1294 2391 ipsius
1308 2306 1452 2372 Roberti

462 2416 506 2479 Et
520 2415 682 2478 Robertus
701 2411 742 2476 de
764 2412 959 2498 Strayleghe
978 2411 1071 2476 uenit
1089 2417 1124 2474 et
1145 2410 1228 2474 bene
1250 2409 1399 2474 concedit
1417 2409 1506 2496 quod

396 2517 543 2603 predicta
579 2515 671 2580 Isilia
706 2514 824 2579 hebuit
857 2514 938 2578 duos
971 2515 1062 2579 uiros
1086 2515 1209 2580 seilicet
1238 2515 1440 2581 Willelmum
1468 2527 1506 2582 et

398 2619 579 2683 Walter-um
601 2625 636 2682 et
660 2616 700 2681 de
730 2616 896 2681 Willelmo
925 2616 1042 2680 habuit
1070 2617 1232 2704 predictos
1260 2617 1441 2684 Robertum
1469 2630 1507 2685 et

397 2723 477 2786 duos
491 2721 570 2786 alios
585 2721 642 2806 qui
656 2742 767 2785 omnes
782 2719 933 2783 obierunt
954 2720 1024 2783 sine
1044 2719 1163 2784 herede
1182 2721 1223 2785 de
1243 2743 1286 2794 se,
1303 2729 1338 2785 et
1357 2731 1509 2807 preterea
1635 2779 1636 2786 ,

394 2820 543 2907 predicta
571 2819 662 2884 Isilia
686 2819 794 2883 tenuit
823 2818 1002 2903 predictam
1032 2828 1152 2883 terram
1181 2819 1216 2883 in
1239 2820 1448 2907 maritagium
1468 2831 1507 2886 et

397 2925 519 3012 partita
544 2923 608 2987 fuit
630 2932 717 2987 term
738 2922 825 2986 inter
846 2921 931 2986 tres'
954 2921 1036 2985 filios
1057 2922 1099 2986 de
1124 2923 1264 2987 secundo
1289 2923 1360 2988 uiro
1381 2925 1508 2991 seilicet

396 3030 483 3094 inter
520 3029 731 3115 Sampsonem
769 3035 803 3092 et
841 3027 1006 3114 Rogerum
1035 3027 1176 3104 fratrem,
1206 3037 1241 3092 et
1268 3037 1383 3114 postea
1409 3031 1508 3094 uenit

397 3134 559 3199 Robertus
585 3141 620 3197 et
642 3133 791 3218 quietum
813 3131 967 3196 clamauit
991 3131 1162 3216 Sampsoni
1184 3132 1276 3196 fiatri
1296 3155 1355 3196 sno
1376 3142 1506 3219 partem

397 3259 489 3302 suam
505 3244 538 3300 et
554 3234 707 3321 quiequid
722 3233 802 3298 iuris
817 3233 934 3298 habuit
949 3234 983 3297 in
999 3242 1085 3298 terra
1099 3234 1182 3311 illa0,
1197 3242 1232 3298 et
1251 3243 1399 3319 preterea
1415 3235 1508 3301 idem
1635 3261 1636 3264 ¹

397 3339 559 3403 Robertus
586 3359 669 3401 suus
692 3335 787 3400 istius
813 3335 950 3399 Roberti
974 3357 1142 3420 nunquam
1166 3357 1298 3399 uxorem
1322 3335 1447 3410 habuit,
1468 3345 1509 3400 et

398 3443 485 3528 quod
500 3443 548 3506 ite
562 3442 605 3506 sit
620 3441 712 3527 ponit
727 3439 811 3504 sein
827 3438 1002 3525 magnam⁸
1013 3439 1106 3504 Dom
1123 3440 1231 3526 Regis,
1246 3449 1280 3504 et
1294 3439 1381 3526 petit
1394 3461 1506 3528 recog·

397 3545 557 3611 nicionem
571 3543 650 3620 fieri,
666 3551 778 3606 utrum
793 3542 936 3627 ipsemm
952 3541 1057 3606 maius
1072 3543 1123 3606 ius
1138 3542 1258 3608 habeat
1273 3543 1307 3606 in
1322 3552 1410 3608 tene.
1422 3543 1490 3609 illa

464 3648 508 3711 Et
530 3647 693 3711 Robertus
714 3646 755 3710 de
778 3646 863 3709 Moiz
889 3645 982 3710 uenit
1004 3653 1039 3709 et
1068 3645 1128 3709 hoc
1157 3654 1265 3710 totum
1294 3645 1439 3711 defendit
1469 3657 1508 3713 et
1635 3671 1636 3730 j

392 3751 477 3817 dicit
493 3749 579 3837 quod
593 3749 758 3835 predictus
772 3749 935 3814 Robertus
950 3771 1032 3814 auus
1046 3749 1149 3836 petris
1163 3749 1215 3814 sui
1234 3750 1350 3814 hebuit
1370 3773 1507 3817 uxorem

397 3857 460 3922 sibi
475 3855 700 3941 desponsatam
716 3853 757 3918 de
776 3875 841 3939 quc
860 3852 978 3918 habuit
997 3853 1180 3939 predictum
1200 3854 1380 3919 Robertnm
1402 3877 1508 3922 auum

399 3984 501 4026 suum.

431 4173 440 4204 ¹
459 4173 557 4235 Supply
568 4175 617 4221 1111.
1007 4171 1020 4205 ⁷
1036 4176 1103 4222 inter
1114 4175 1240 4236 trcsfilios
1249 4174 1344 4222 snosde
1355 4175 1439 4238 prime
1447 4179 1510 4226 niro

430 4237 632 4286 ²Demnndsnt.
976 4247 1000 4287 et
1019 4242 1086 4287 inter
1104 4237 1165 4287 duce
1176 4240 1248 4301 filios
1274 4253 1331 4287 11111
1346 4241 1378 4287 de
1396 4243 1509 4292 seeundo
1635 4239 1636 4280 3

430 4303 441 4336 ³
458 4303 569 4352 Tenent.
974 4307 1040 4361 ciro,
1051 4303 1082 4351 A.
1110 4303 1133 4350 A
1144 4302 1232 4365 stupid
1243 4303 1378 4352 omission.

430 4370 536 4430 ‘palen
548 4367 697 4426 interlinsd3
715 4383 787 4428 1111111,
799 4368 829 4418 A.
1007 4369 1063 4417 ⁸in
1074 4370 1210 4417 hereditate
1221 4370 1278 4427 illa,
1289 4368 1320 4417 Α.

430 4434 445 4530 ἶ
458 4432 632 4548 gemantdsnt.
1007 4433 1018 4464 ⁹
1036 4433 1136 4496 Supply
1146 4436 1259 4491 11111111,
1271 4432 1304 4482 Δ.

482 4512 550 4546 enen
565 4533 573 4546 .
