3342 5217
189 584 334 648 379.

442 63 652 149 ipsius
697 60 1027 126 Willelmi.
1118 61 1204 124 Et
1265 59 1418 146 quia
1474 58 1600 144 ipsi
1653 59 1946 144 Rogerus
1991 66 2060 122 et
2108 56 2300 122 Sarra
2343 54 2664 120 aduocant

449 177 689 232 terram
748 166 926 230 illam
976 173 1054 230 ut
1099 186 1282 228 suam
1327 173 1395 227 et
1438 170 1790 249 pasturam,
1834 170 1904 225 et
1947 159 2122 225 idem
2169 158 2536 223 Willelmus
2586 166 2664 221 ut

446 293 652 347 suam,
707 270 1203 336 Consideratum
1261 276 1361 332 est
1412 255 1584 353 ‹iuod
1630 265 1757 350 ipsi
1808 266 2100 351 Rogerus
2152 271 2221 328 et
2276 263 2469 327 Sarra
2512 262 2664 327 inde

449 375 591 439 sine
651 373 760 438 die
819 381 889 437 et
946 371 1316 436 Willelmus
1372 369 1705 456 perquirat
1763 367 1888 432 sibi
1946 389 2063 453 per
2110 367 2308 431 breue
2362 366 2442 430 de
2495 387 2667 430 noua

447 477 792 542 disseisina
822 475 876 543 si
908 476 1190 540 uoluerit
1210 474 1246 539 ¹.

583 581 907 646 Robertus
936 580 1018 645 de
1050 580 1238 665 Moyz
1266 578 1437 665 petit
1477 599 1703 641 uersus
1732 576 2091 640 Robertum
2122 574 2204 639 de
2237 573 2666 660 Estradlegha

448 683 615 748 duas
637 692 854 769 partes
885 683 1084 748 trium
1115 684 1330 748 bouat.
1367 692 1534 748 terre
1565 707 1714 749 cum
1745 693 1907 770 pert.
1937 685 2007 749 in
2038 684 2427 751 Chelewella
2456 693 2532 749 ut
2563 685 2664 749 ius

449 811 644 852 suum
676 794 794 853 ete.
827 787 999 852 unde
1031 787 1356 852 Robertus
1384 788 1466 853 de
1499 789 1687 874 Moyz
1717 797 1906 874 pater
1934 812 2089 854 suus
2119 789 2246 854 fuit
2290 787 2550 853 seisitus
2595 788 2663 852 in

448 890 773 955 dominico
803 913 919 955 suo
949 898 1026 955 ut
1057 889 1137 954 de
1161 889 1346 954 feodo
1376 898 1444 954 et
1473 890 1612 954 iure
1641 898 1931 977 tempore
1956 892 2039 956 H.
2065 891 2265 978 Regis
2285 891 2396 955 aui
2416 889 2663 955 domini

449 993 652 1080 Regis
682 991 993 1078 oepiendo
1024 1001 1143 1057 etc.
1169 1000 1237 1056 et
1264 991 1347 1056 de
1370 991 1659 1077 predicto
1691 993 1975 1058 Roberto
1998 992 2330 1057 descendit
2360 992 2462 1056 ius
2493 1001 2661 1056 terre

450 1097 631 1162 illius
675 1096 787 1162 isti
831 1097 1116 1161 Roberto
1161 1106 1241 1161 ut
1285 1096 1420 1161 filio
1463 1107 1532 1161 et
1576 1096 1801 1162 heredi
1846 1106 1966 1163 etc.
2004 1105 2073 1162 et
2118 1096 2289 1183 quod
2334 1095 2663 1181 predictus

452 1201 782 1265 Robertus
817 1199 914 1264 ita.
942 1199 1073 1264 fuit
1102 1198 1362 1264 seisitus
1392 1206 1459 1264 et
1490 1199 1662 1285 quod
1693 1200 1825 1265 tale
1856 1198 1943 1264 sit
1973 1200 2076 1263 ius
2104 1221 2295 1263 suum
2326 1199 2512 1263 offert
2543 1207 2662 1264 etc,

587 1303 672 1368 Et
705 1301 1032 1367 Robertus
1069 1301 1152 1366 de
1185 1300 1613 1388 Estradlegha
1652 1301 1839 1365 uenit
1880 1309 1949 1366 et
1994 1300 2287 1365 defendit
2331 1301 2433 1366 ius
2474 1323 2664 1365 suum

450 1428 626 1470 nunc
667 1413 736 1471 et
776 1404 936 1469 alias
978 1412 1096 1468 ete.
1130 1413 1200 1468 et
1244 1403 1545 1468 seisinam
1589 1404 1866 1489 predicti
1910 1403 2179 1469 Roberti
2226 1411 2295 1468 et
2339 1412 2553 1469 totum
2599 1414 2668 1470 et

451 1509 639 1596 ponit
668 1531 737 1573 se
765 1507 836 1573 in
865 1530 1169 1594 magnam
1201 1506 1464 1571 assisam
1495 1515 1564 1571 et
1593 1507 1764 1592 petit
1794 1506 2302 1593 recognicionem
2333 1506 2475 1571 fieri
2503 1514 2622 1573 ete.

585 1613 771 1678 Idem
802 1613 1126 1676 Robertus
1166 1610 1248 1676 de
1280 1611 1470 1697 Moyz
1511 1611 1684 1697 petit
1725 1634 1951 1676 uersus
1995 1611 2275 1676 eundem
2307 1612 2668 1676 Robertum

451 1715 663 1780 filium
694 1713 969 1779 Walteri
999 1714 1080 1800 xj.
1113 1714 1330 1779 bouat.
1364 1721 1534 1777 terre
1565 1736 1715 1777 cum
1747 1721 1906 1799 pert.
1939 1713 2010 1777 in
2040 1713 2432 1779 Chelewella
2460 1724 2538 1779 ut
2566 1715 2669 1779 ius

451 1841 646 1883 suum
686 1818 858 1882 unde
900 1816 1178 1903 quedam
1219 1815 1402 1881 Isilia
1441 1817 1709 1902 proauia
1745 1817 1950 1902 ipsius
1979 1818 2251 1882 Roberti
2280 1819 2407 1883 fuit
2447 1819 2670 1884 seisita

452 1921 524 1986 in
555 1920 872 1986 dominico
918 1943 1034 1984 suo
1074 1927 1152 1983 ut
1181 1919 1262 1983 de
1293 1918 1478 1983 feodo
1518 1927 1587 1984 et
1631 1919 1772 1983 iure
1811 1919 1821 2003 Ι
1861 1927 2152 2005 tempore
2198 1920 2283 1985 H.
2315 1921 2515 2007 Regis
2558 1921 2668 1985 aui

449 2035 575 2090 etc.
622 2023 933 2109 capiendo
992 2023 1143 2088 inde
1204 2031 1322 2087 etc.
1369 2032 1439 2088 et
1489 2023 1572 2088 de
1615 2023 1910 2109 predicta
1958 2024 2142 2088 Isilia
2182 2025 2516 2089 descendit
2566 2025 2669 2089 ius

435 2132 624 2194 ‘terre
664 2128 840 2194 illius
876 2129 1133 2224 quidam
1174 2129 1459 2193 Roberto
1500 2137 1577 2192 ut
1620 2127 1755 2192 filio
1796 2135 1864 2191 et
1909 2127 2131 2192 heredi
2175 2137 2243 2192 et
2272 2128 2354 2193 de
2387 2128 2669 2194 Roberto

450 2232 714 2298 cuidam
758 2232 872 2297 alii
924 2233 1212 2297 Roberto
1259 2240 1337 2295 ut
1384 2231 1518 2296 filio
1573 2239 1642 2296 et
1690 2230 1914 2296 heredi
1965 2238 2035 2295 et
2087 2231 2168 2296 (16
2218 2232 2330 2296 1110
2383 2232 2668 2297 Roberto

451 2336 566 2402 isti
618 2337 902 2401 Roberto
960 2344 1039 2400 ut
1083 2336 1215 2400 filio
1281 2345 1350 2401 et
1409 2335 1629 2400 heredi
1681 2345 1751 2400 et
1795 2335 1967 2421 quod
2012 2336 2304 2422 predicta
2346 2337 2529 2402 Isilia
2571 2338 2668 2403 ita

457 2440 588 2505 fuit
619 2439 843 2504 seisita
871 2448 940 2504 et
970 2439 1141 2525 quod
1171 2439 1304 2504 tale
1335 2439 1422 2504 sit
1450 2439 1554 2503 ius
1583 2461 1776 2503 suum
1807 2439 1995 2502 offert
2028 2447 2144 2503 etc.

588 2543 676 2607 Et
706 2543 1028 2608 Robertus
1057 2542 1139 2607 (16
1171 2541 1557 2606 Estradleha
1586 2541 1773 2605 uenit
1802 2549 1871 2606 et
1900 2541 2193 2606 defendit
2223 2542 2326 2607 ius
2368 2566 2559 2609 suum
2600 2554 2668 2610 et

2704 591 2972 641 Nounghnm.

453 2646 616 2711 dicit
677 2646 847 2732 quod
919 2645 1213 2730 predicta
1270 2645 1452 2709 Isilia
1509 2643 1745 2708 habuit
1804 2643 1965 2708 duos
2033 2643 2204 2707 uiros
2263 2645 2667 2711 Willelmum
2764 2677 2769 2681 ·

454 2752 537 2815 de
585 2751 772 2837 Moyz
816 2751 1100 2837 primum
1144 2750 1361 2814 uirum
1405 2772 1595 2813 suum
1641 2748 1770 2813 scil.
1804 2771 2118 2834 proauum
2163 2749 2354 2814 istius
2397 2751 2668 2815 Roberti

452 2854 572 2939 qui
601 2853 791 2918 modo
821 2853 991 2939 petit
1021 2862 1090 2917 et
1119 2853 1486 2917 Walterum
1517 2853 1598 2917 de
1634 2852 2024 2939 Stradlegha
2054 2854 2410 2918 secundum
2452 2854 2667 2919 uirum

455 2979 652 3021 suum
697 2964 1161 3021 antecessorem
1206 2956 1398 3021 istius
1442 2956 1713 3020 Roberti
1757 2956 1838 3020 de
1878 2956 2304 3044 Estradlegha
2332 2958 2447 3043 qui
2486 2967 2670 3023 tenet

454 3069 527 3125 et
557 3060 641 3125 de
672 3059 880 3146 primo
911 3059 1050 3123 uiro
1091 3082 1208 3124 suo
1248 3060 1481 3124 habuit
1521 3060 1887 3146 predictum
1919 3059 2280 3124 Robertum
2311 3061 2668 3125 Hem-icum

455 3172 527 3227 et
570 3160 939 3227 Ricardum.
1031 3162 1133 3226 De
1178 3162 1469 3227 Waltero
1514 3163 1748 3227 habuit
1793 3162 2139 3248 quemdam
2183 3163 2393 3227 filium
2441 3164 2668 3251 Samp-

458 3290 685 3332 sonem
722 3274 790 3331 et
821 3267 1148 3352 Rogemm
1169 3267 1191 3298 ²
1219 3267 1496 3333 nomine.
1586 3268 1847 3331 Mortuo
1877 3276 2153 3353 utroque
2195 3268 2334 3332 uiro
2364 3269 2491 3333 fuit
2530 3269 2673 3355 ipsa

454 3370 643 3436 lsilia
683 3370 754 3435 in
797 3370 1035 3435 seisina
1068 3371 1149 3435 de
1190 3382 1361 3437 terra
1389 3373 1503 3437 1116
1532 3380 1677 3436 tota
1705 3373 1801 3437 ita
1830 3372 2002 3458 quod
2032 3394 2148 3458 per
2186 3371 2391 3457 ipsam
2422 3371 2670 3437 Isiliam

456 3477 587 3542 fuit
618 3475 760 3562 ipsa
788 3485 963 3540 terra
990 3477 1236 3562 partita
1275 3478 1596 3563 equaliter
1632 3477 1807 3542 inter
1837 3477 2159 3562 predictos
2189 3477 2476 3563 quinque
2506 3477 2672 3541 filios

457 3591 598 3644 tam
629 3579 824 3665 primi
854 3602 1049 3665 quam
1080 3580 1347 3645 secundi
1389 3580 1532 3645 uiri.
1623 3580 1781 3645 Post
1828 3589 2153 3646 uenerunt
2193 3602 2414 3645 omnes
2455 3589 2673 3667 preter

526 3712 546 3745 ¹
580 3712 691 3764 The
725 3713 853 3764 time
885 3714 931 3763 is
963 3718 1058 3764 not
1089 3719 1180 3777 yet
1217 3715 1364 3765 when
1400 3715 1516 3765 title
1684 3716 1706 3748 ²
1740 3715 1825 3766 Sic
1870 3717 1940 3776 A;
1996 3726 2045 3767 et
2089 3719 2338 3779 Roqerum
2372 3732 2479 3767 was
2514 3689 2669 3767 111161·-

454 3778 596 3829 shall
631 3779 693 3829 be
727 3778 861 3828 tried
895 3780 951 3828 in
986 3793 1053 3829 an
1089 3780 1265 3830 aetion
1300 3781 1358 3830 of
1389 3785 1513 3831 tres·
1619 3780 1761 3830 lined
1795 3781 1850 3830 in
1875 3785 1919 3832 A
1952 3782 2059 3833 and
2092 3784 2352 3846 quemdam
2372 3785 2545 3846 filium
2577 3783 2669 3832 left

455 3859 584 3908 pass
617 3844 669 3893 vi
703 3848 757 3893 et
779 3844 968 3903 armis;
1005 3845 1096 3896 but
1119 3846 1226 3895 this
1250 3845 1296 3895 is
1320 3862 1351 3896 6
1374 3851 1514 3896 note·
1619 3846 1883 3908 standing.
1953 3847 2081 3897 This
2104 3848 2287 3898 caseis
2321 3846 2407 3897 the
2440 3863 2579 3897 same
2612 3864 2671 3899 66

456 3908 660 3972 worthy
692 3913 929 3973 attempt.
1621 3914 1733 3962 315.
