3342 5217
389 437 528 523 [Hilury
550 437 616 502 und
638 437 764 515 Ecstor,
786 454 851 503 sn.
877 441 969 514 1228,
992 455 1056 506 An.
1081 442 1144 524 12]
1254 445 1318 506 223

213 626 351 690 eandem
381 633 499 692 terrem
529 625 621 691 dedit
651 625 794 713 predicto
818 627 891 691 Ade
917 627 999 692 Ceto
1027 651 1086 714 pro
1112 629 1262 715 homagio
1285 639 1320 694 et

213 730 350 795 seruicio
372 753 440 808 suo,
462 729 553 795 etin
576 739 706 794 tontum
729 729 858 794 locutus
880 731 944 795 fuit
967 754 1042 795 cum
1066 732 1212 819 predicto
1238 733 1320 810 Ado,

213 834 299 918 quod
329 833 417 898 idem
439 833 546 898 Adam
572 841 691 897 tenum
717 833 807 898 illam
837 834 979 900 reddidit
1009 836 1116 901 eidem
1139 836 1320 923 Reginsldo

212 947 252 1002 ut
280 939 332 1004 ius
361 961 457 1003 suum
487 947 522 1002 et
550 937 640 1002 illem
678 939 803 1003 remisit
832 948 867 1003 et
904 941 1050 1026 quietam
1080 942 1234 1007 clamauit
1263 965 1321 1028 pro

211 1067 284 1108 xxx.
323 1042 439 1107 mercis
473 1065 553 1129 quas
583 1042 614 1107 ei
643 1042 735 1107 dedit
765 1051 799 1106 et
836 1043 913 1108 inde
942 1045 1043 1111 hebet
1068 1059 1189 1111 cartam
1219 1046 1321 1131 ipsius

212 1147 364 1233 Episcopi
379 1155 413 1211 et
434 1148 536 1212 eciam
557 1156 679 1212 cartem
700 1147 802 1233 ipsius
817 1148 899 1225 Ade,
914 1149 1001 1214 unde
1021 1150 1102 1215 dicit
1124 1151 1211 1237 quod
1232 1150 1320 1216 idem

211 1251 320 1316 Adam
334 1251 434 1315 nichil
450 1251 567 1316 hebuit
582 1253 657 1316 cum
672 1251 786 1317 eedem
801 1253 920 1318 Emme
933 1254 1033 1319 immo
1048 1255 1089 1320 de
1104 1256 1320 1333 feoffemento,

211 1361 246 1417 et
260 1353 337 1418 inde
353 1355 445 1440 ponit
459 1377 493 1419 se
509 1377 606 1440 super
620 1354 760 1419 assisam.

279 1460 323 1524 Et
357 1459 431 1523 Ade
466 1480 596 1544 presens
626 1465 676 1522 est
705 1466 740 1522 et
769 1458 829 1523 hoc
859 1467 966 1524 totum
1000 1461 1147 1527 defendit
1176 1471 1210 1526 et
1239 1462 1320 1527 dicit

211 1561 298 1647 quod
327 1561 477 1626 uendidit
507 1561 538 1625 ei
567 1561 745 1646 predictam
777 1561 927 1626 Emmam
957 1585 1032 1626 cum
1061 1571 1149 1628 terra
1174 1587 1234 1628 sua
1261 1588 1319 1650 pro

211 1687 283 1730 xxx.
300 1665 415 1730 mercis
430 1673 465 1728 et
479 1663 539 1728 hoc
560 1663 648 1728 idem
671 1664 849 1750 Episcopus
867 1665 948 1730 dicit
968 1675 1003 1731 et
1024 1667 1105 1731 dicit
1124 1668 1212 1753 quod
1230 1679 1318 1754 post-

210 1789 309 1853 quem
339 1789 374 1832 se
397 1767 535 1832 retraxit
560 1789 673 1831 uersus
704 1767 901 1853 Episcopum
925 1769 1127 1834 Willelmum
1151 1793 1318 1856 nunquam

210 1869 364 1935 seisinam
385 1870 501 1935 hebuit
523 1881 637 1956 postea
658 1871 721 1935 nisi
742 1894 801 1957 per
822 1873 1006 1958 predictum
1020 1873 1128 1938 Adam
1150 1874 1207 1960 qui
1227 1873 1318 1940 illam

209 1973 362 2038 Emmam
391 1973 423 2038 ei
451 1972 601 2037 uendidit
640 1996 714 2038 cum
745 1982 839 2052 terre,
868 1983 903 2038 et
931 1974 1008 2039 inde
1037 1976 1130 2060 ponit
1158 1999 1193 2040 se
1222 1999 1319 2062 super

209 2077 351 2142 iuratam
366 2085 401 2141 et
416 2077 616 2163 Reginsldus
631 2077 787 2142 similiter.
834 2079 878 2143 Et
893 2078 966 2143 ideo
981 2079 1040 2142 fiat
1059 2079 1136 2143 inde
1156 2079 1264 2144 iurata
1283 2089 1318 2144 et

208 2179 324 2244 ueniet
352 2201 373 2244 a
409 2178 461 2243 die
492 2179 613 2244 Pasche
643 2179 678 2244 in
707 2202 757 2245 xv.
788 2180 858 2245 dies
893 2181 937 2246 ed
965 2181 1258 2267 recognoscendum
1288 2184 1317 2246 si

208 2283 317 2348 dictus
345 2283 546 2370 Reginaldus
575 2283 665 2349 eliud
690 2284 741 2348 ius
764 2293 799 2349 et
825 2284 928 2348 elium
951 2285 1132 2371 ingressum
1158 2285 1259 2350 hebet
1281 2285 1317 2350 in

208 2387 356 2473 predicta
371 2396 457 2452 terre
472 2394 531 2453 etc.
576 2387 670 2452 Idem
686 2389 755 2453 dies
769 2389 867 2453 dctus
882 2397 932 2453 est
946 2389 1102 2475 partibus

275 2489 330 2554 Ad
358 2489 445 2554 diem
469 2489 562 2554 illum
584 2498 746 2554 uenerunt
769 2490 822 2576 xij.
846 2490 1004 2555 iuratores
1027 2499 1061 2555 et
1082 2490 1197 2555 dicunt
1220 2515 1318 2578 super

208 2601 447 2657 sacramentum
477 2614 575 2656 suum
606 2592 692 2678 quod
718 2593 897 2679 Episcopus
919 2577 1104 2658 Willelmtis
1129 2594 1219 2660 dedit
1244 2618 1316 2681 pre·

208 2694 332 2759 dictem
358 2703 477 2759 terrem
502 2693 608 2759 eidem
631 2694 704 2760 Ade
728 2695 810 2760 Ceto
829 2693 929 2782 lcum
951 2696 1098 2781 predicte
1118 2697 1237 2762 Emme,
1256 2698 1317 2763 tali

208 2799 314 2876 modo,
343 2798 371 2863 si
396 2821 468 2863 eam
493 2799 701 2884 desponsaret
725 2798 812 2884 quod
838 2798 974 2863 heberet
998 2807 1118 2863 terrum
1144 2800 1243 2878 illam,
1265 2801 1317 2865 sin

208 2913 427 2980 autemnon,
450 2904 528 2989 quic
550 2926 621 2968 eam
645 2904 780 2968 tradidit
802 2904 833 2968 ei
856 2903 941 2968 sicut
966 2903 1017 2968 ius
1041 2912 1076 2967 et
1101 2904 1316 2969 hereditatem

206 3008 311 3094 ipsius
334 3008 457 3084 Emme,
477 3016 511 3072 et
532 3007 620 3072 idem
642 3007 749 3071 Adam
771 3007 884 3072 eodem
906 3007 1001 3071 modo
1023 3007 1158 3072 tradidit
1180 3009 1317 3073 eandem

207 3122 328 3177 terrem
359 3112 422 3198 ipsi
450 3113 632 3199 Regineldo
659 3135 732 3177 cum
763 3112 833 3197 ipse
863 3113 980 3176 Emme
1008 3135 1065 3197 pro
1090 3135 1163 3176 xxx.
1192 3114 1317 3190 marcis,

207 3239 289 3302 quas
312 3215 343 3280 ei
365 3215 465 3293 dedit,
486 3215 535 3280 its
556 3215 643 3300 quod
664 3215 752 3279 idem
775 3214 976 3300 Regineldus
997 3214 1097 3278 nichil
1118 3214 1194 3279 inde
1216 3215 1317 3280 hebet

207 3321 272 3385 nisi
286 3342 346 3406 per
364 3319 544 3405 predictam
568 3320 726 3384 Emmsm.
773 3319 816 3383 Et
837 3319 878 3383 de
898 3341 970 3383 xxx.
992 3317 1074 3383 acris
1094 3317 1206 3382 dicunt
1229 3318 1316 3402 quod

207 3423 292 3488 hene
329 3421 437 3486 sciunt
474 3423 561 3508 quod
598 3423 776 3508 Episcopus
811 3421 900 3507 cepit
936 3443 990 3485 ess
1026 3421 1061 3484 in
1097 3420 1253 3497 namium,
1281 3429 1316 3485 et

206 3527 402 3593 multociens
421 3549 475 3592 ees
495 3527 617 3613 optulit
641 3527 746 3592 eidem
768 3527 952 3613 Reginaldo
973 3547 1031 3610 per
1052 3525 1097 3588 sie
1120 3523 1206 3610 quod
1228 3523 1316 3588 idem

207 3631 409 3718 Reginsldus
423 3632 544 3696 feceret
559 3631 589 3696 ei
604 3631 742 3696 seruicia
755 3631 874 3696 debite

274 3735 318 3799 Et
346 3734 420 3800 ideo
449 3735 689 3800 consideratum
720 3743 771 3800 est
807 3733 895 3820 quod
930 3733 1110 3818 Episcopus
1138 3753 1214 3796 eum
1250 3754 1316 3795 non

206 3836 387 3901 disseisiuit
399 3837 520 3903 iniuste
535 3839 613 3924 quia
627 3847 854 3903 tenementum
869 3837 951 3901 illud
966 3844 1016 3899 est
1030 3834 1175 3920 predicte
1191 3836 1315 3913 Emme,

206 3949 242 4005 et
272 3940 343 4027 ipss
372 3950 539 4006 remaneat
568 3941 603 4005 in
637 3941 756 4005 seisino
791 3961 851 4002 sus
879 3937 1023 4023 exceptis
1059 3937 1212 4022 predictis
1240 3961 1313 4002 xxx.

205 4043 289 4108 acris
319 4050 405 4108 terre
429 4065 509 4129 ques
535 4043 623 4107 idem
647 4043 825 4128 Episcopus
854 4040 969 4106 reddat
998 4041 1105 4105 eidem
1134 4041 1315 4128 Reginaldo

205 4148 298 4212 seluo
327 4146 464 4211 seruicio
493 4167 551 4210 suo
578 4155 613 4210 et
643 4145 844 4232 Regineldus
872 4145 907 4209 in
936 4143 1161 4208 misericordie
1206 4143 1316 4208 Idem¹

205 4249 365 4314 iudicium
388 4246 428 4311 de
453 4246 635 4334 Reginaldo
658 4246 699 4312 de
722 4247 824 4311 Kanc'
851 4245 907 4332 qui
933 4245 1062 4309 nullum
1084 4244 1186 4309 elium
1215 4245 1317 4310 habet

204 4353 389 4439 ingressum
405 4349 469 4414 nisi
483 4373 541 4436 per
556 4349 782 4438 Reginsldum.

327 4481 334 4512 ¹
354 4478 419 4528 This
430 4481 549 4530 sentence
560 4479 583 4530 is
592 4479 729 4544 explained
741 4480 773 4542 by
785 4479 830 4530 the
841 4493 948 4541 passage
959 4477 1044 4528 which
1055 4479 1154 4528 follows
1164 4477 1194 4527 it.
