3342 5217
485 443 626 504 nicini,
648 442 711 492 An.
738 430 831 504 1230,
853 444 916 493 aa.
943 433 991 494 lo.
1222 435 1288 500 317

247 616 291 680 Et
307 615 407 702 Hugo
418 613 586 680 Graundin
602 636 661 699 per
671 620 872 678 attomatnm
884 636 981 678 suum
992 615 1085 681 uenit
1096 624 1131 681 et
1143 615 1288 682 defendit
1300 633 1453 719 gpffluoet

184 720 233 786 ius
247 743 343 786 suum
359 727 392 784 et
407 719 509 784 talem
528 719 706 805 ingressum
724 726 758 783 et
778 717 858 782 dicit
877 718 964 805 quod
986 719 1086 784 habet
1107 720 1288 806 ingressum
1301 730 1438 820 m

183 826 217 890 in
245 834 364 890 terram
394 825 482 889 illam
513 844 571 909 per
594 823 756 909 quendam
779 823 959 888 Henricum
980 825 1022 889 de
1045 824 1233 889 Gleunuilla
1254 819 1425 906 etffiffi

184 929 261 995 dicit
291 929 378 1017 quod
407 927 484 993 inde
506 927 606 993 habet
628 936 750 992 cartam
772 935 807 992 et
829 950 901 992 eam
924 927 1059 993 habebit
1080 928 1123 993 ad
1145 928 1232 993 diem
1254 914 1441 999 etffi‘d't'

183 1035 366 1100 terminum.
403 1033 448 1096 Et
459 1031 537 1118 quia
551 1031 679 1096 nullum
693 1039 790 1097 uocat
804 1031 881 1097 inde
897 1041 1077 1097 warantum
1093 1055 1152 1097 nec
1166 1039 1288 1096 cartam
1301 1006 1385 1091 dt'tt‘
1391 1011 1436 1092 3·

183 1137 302 1221 profert
317 1158 376 1222 per
389 1134 475 1221 qnod
495 1135 608 1200 docere
629 1143 736 1220 potest
756 1135 798 1200 de
817 1135 882 1199 alio
902 1135 1049 1222 ingressu
1072 1143 1107 1200 et
1128 1099 1434 1233 Βεᾰιιίῆιεὲἓῇῃὲ

183 1239 331 1322 producit
342 1247 463 1303 sectam
475 1239 698 1315 sufficientem,
710 1238 958 1305 Consideratum
970 1248 1020 1304 est
1032 1239 1118 1324 quod
1129 1239 1289 1304 Radnlfue
1301 1239 1429 1325 m?

184 1350 351 1428 recuperat
366 1342 518 1408 seiainam
532 1365 625 1406 suam
640 1350 674 1406 et
690 1343 790 1429 Hugo
805 1343 841 1408 in
854 1341 1079 1407 misericordia
1438 1378 1453 1420 ι,

133 1503 138 1515 ,
244 1444 445 1510 'Wilielmus
459 1446 546 1511 filius
559 1446 632 1510 Ade
647 1446 733 1533 petit
747 1468 861 1510 uersus
875 1445 1055 1510 Robertum
1070 1445 1174 1511 filium
1193 1447 1289 1510 Eme·
1340 1447 1414 1486 ‘¹¹⁰²‘-

184 1547 246 1613 line
264 1549 289 1634 j.
304 1549 385 1637 uirg.
401 1557 486 1616 terre
505 1571 580 1616 cum
594 1558 676 1636 pert.
690 1549 727 1614 in
741 1549 985 1636 Melgereabiria
998 1557 1037 1614 ut
1051 1549 1103 1615 ius
1117 1573 1213 1615 auum
1228 1559 1287 1616 etc.
1301 1560 1436 1648 2333*

183 1857 244 1922 fuit
259 1881 351 1934 aune,
366 1881 451 1924 anno
466 1867 501 1923 et
515 1858 577 1936 die,
589 1859 745 1945 capiendo
760 1858 837 1924 inde
852 1867 925 1935 etc,
936 1869 970 1924 et
984 1859 1025 1924 de
1040 1859 1110 1945 ipso
1125 1860 1289 1925 chardo
1301 1889 1364 1928 anu·
1373 1851 1452 1928 ridicu

182 1961 348 2042 descendit
377 1963 506 2028 cuidam
528 1962 693 2027 Willclmo
722 1973 761 2028 ut
791 1963 860 2027 filio
888 1971 923 2028 et
952 1962 1064 2028 heredi
1093 1972 1128 2029 et
1157 1964 1198 2029 de
1219 1965 1289 2050 ipso
1300 1935 1440 2068 {nidd}

183 2063 346 2130 Willelmo
371 2065 500 2130 cuidam
522 2065 594 2130 Ado
617 2074 656 2130 ut
678 2066 745 2131 filio
768 2075 826 2132 etc
851 2076 885 2131 et
907 2067 947 2131 de
970 2067 1115 2152 predicto
1137 2069 1212 2134 Ada
1233 2068 1289 2132 isti
1301 2033 1451 2169 ἓξὲξ

182 2168 345 2234 Willelmo
365 2177 404 2233 ut
426 2169 493 2233 filio
512 2177 547 2233 et
567 2168 680 2234 heredi
699 2178 733 2234 et
748 2168 835 2255 quod
855 2170 921 2234 tale
942 2170 986 2234 sit
1006 2170 1057 2236 ius
1076 2194 1172 2236 suum
1194 2173 1288 2237 offert
1301 2169 1425 2302 ffiffi

1300 2273 1329 2302 m

183 2280 240 2337 etc.
1337 2322 1350 2348 0
1436 2328 1445 2337 ·

242 2377 288 2440 Et
303 2377 465 2442 Robertus
479 2377 572 2442 uenit
587 2385 622 2442 et
636 2376 783 2443 defendit
797 2378 849 2443 ius
863 2401 960 2444 suum
982 2389 1016 2446 et
1036 2381 1119 2446 bene
1141 2381 1289 2446 concedit
1301 2310 1453 2449 fflffi

181 2479 264 2565 quod
279 2480 447 2565 predictus
462 2481 645 2545 Bernardus
663 2481 712 2545 ita
732 2481 796 2546 fuit
816 2481 947 2547 scisitus
969 2491 1003 2547 et
1023 2483 1108 2569 quod
1130 2484 1182 2548 ius
1204 2493 1289 2549 terre
1300 2450 1423 2537 ΨΥ*

181 2583 268 2649 illiu's
293 2584 343 2649 ita
367 2584 534 2677 depcendit
564 2585 709 2671 predicto
733 2585 805 2650 Ade
834 2595 885 2651 eet
914 2586 1002 2651 idem
1031 2587 1106 2651 Ada
1133 2586 1226 2652 dedit
1255 2596 1289 2652 et

182 2690 338 2754 concessit
353 2690 384 2754 ei
400 2697 507 2754 totum
528 2689 579 2754 ius
599 2699 633 2753 et
653 2689 806 2755 clamium
826 2690 912 2776 quod
936 2691 1052 2756 hebuit
1071 2691 1106 2755 in
1126 2699 1214 2756 terra
1233 2691 1293 2756 illa

182 2813 238 2877 pro
259 2817 294 2860 ae
317 2804 352 2859 et
375 2795 549 2860 heredibus
568 2795 636 2859 auis
655 2817 714 2880 per
735 2803 858 2859 cartam
878 2818 970 2860 suam
993 2818 1091 2881 quam
1112 2796 1234 2881 profert
1256 2803 1290 2860 et

182 2917 243 2981 qne
258 2897 320 2962 hoc
336 2904 485 2962 testatur.

246 3001 291 3065 Et
304 3000 490 3065 Willelmus
509 3000 590 3066 dicit
610 3000 696 3087 quod
718 3001 818 3067 nichil
839 3003 900 3067 scit
920 3004 961 3069 de
983 3012 1073 3068 curta
1093 3004 1150 3068 illa
1169 3012 1204 3069 et
1226 3027 1291 3069 non

181 3102 328 3169 defendit
358 3104 438 3190 quin
464 3113 558 3190 pater
579 3127 657 3170 snus
679 3106 728 3170 ita
749 3107 898 3192 quietum
921 3109 1091 3173 clamasset
1112 3108 1164 3173 ius
1185 3131 1291 3174 suum.

182 3205 224 3270 Et
238 3207 314 3272 ideo
330 3206 577 3272 Consideratum
592 3217 642 3273 est
657 3209 744 3295 quod
759 3210 924 3296 predictus
939 3211 1101 3275 Rcbertue
1112 3219 1146 3275 et
1157 3211 1292 3276 heredes

181 3311 230 3375 aui
244 3319 382 3376 teneant
397 3311 433 3375 in
446 3333 525 3397 pace
541 3320 660 3378 terram
676 3312 766 3378 illam
785 3313 897 3400 quiete
917 3315 958 3380 dc
980 3315 1050 3401 ipso
1070 3315 1234 3380 Willelmo
1256 3324 1291 3381 et

181 3411 355 3479 heredibus
370 3413 437 3478 suis
451 3413 682 3499 inperpetuum
698 3424 732 3479 et
746 3414 931 3480 Willelmus
946 3416 982 3480 in
995 3416 1223 3482 misericordie

130 3575 136 3586 .
243 3516 375 3582 ’Anna
404 3517 497 3582 uenit
527 3517 733 3604 recognitum
762 3519 789 3583 si
819 3517 998 3585 Gaufridus
1027 3519 1172 3586 Clericus
1197 3529 1292 3607 pater
1393 3545 1412 3574 ¹·

181 3619 343 3686 Gileberti
357 3619 398 3684 de
414 3618 659 3685 Wethercfeuld
674 3621 738 3686 fuit
752 3621 883 3686 seiaitus
897 3621 932 3687 in
947 3621 1106 3687 dominico
1120 3645 1178 3687 sno
1196 3631 1234 3687 ut
1248 3623 1290 3687 de

181 3725 272 3790 seodo
295 3726 339 3790 de
362 3748 414 3790 xx.
431 3747 492 3791 acr.
514 3732 599 3790 terre
621 3749 695 3790 cum
716 3727 848 3812 pertin
867 3726 1055 3813 Heingham
1070 3726 1123 3792 die
1138 3734 1197 3791 etc
1213 3735 1248 3790 et
1262 3726 1290 3790 si

180 3838 237 3896 etc.
252 3851 356 3916 quarn
370 3837 490 3894 terram
506 3829 597 3894 Prior
615 3829 656 3894 de
678 3829 814 3896 Oulum‘
829 3839 922 3895 tenet
943 3830 1000 3916 qui
1022 3830 1115 3894 uenit
1137 3838 1172 3894 et
1193 3839 1290 3894 uocat

179 3931 313 3998 indeed
329 3940 510 3996 warantum
525 3932 727 3998 Willelmum
742 3933 783 3998 de
804 3934 917 3998 Monte
939 3933 1066 4010 (luniso,
1081 3934 1138 4019 qui
1159 3956 1290 4019 presens
1373 3939 1376 3949 '

180 4044 229 4102 est
258 4044 293 4101 et
320 4034 509 4121 dicitquod
538 4057 603 4100 non
626 4035 723 4101 debet
745 4036 776 4100 ei
800 4037 1006 4102 warentizare
1028 4037 1105 4123 quia
1126 4037 1291 4123 predictus

213 4189 287 4241 ¹Sec
310 4191 356 4241 Br.
381 4191 398 4243 t
419 4192 475 4241 320.
509 4191 622 4241 Bractcn
640 4190 711 4241 there
794 4189 980 4241 ²n.m.1od.

182 4254 244 4306 cites
261 4272 279 4307 a
298 4271 359 4306 cunc
376 4257 443 4306 ircm
460 4255 506 4306 the
522 4260 583 4307 next
600 4261 667 4306 term
683 4261 711 4306 tn
793 4255 981 4306 8Δ.ιπι.11(1.

184 4319 226 4370 the
237 4321 313 4371 effect
325 4320 385 4370 that
395 4321 423 4370 in
436 4320 500 4370 such
511 4321 712 4371 circumstances
794 4322 805 4354 ⁴
821 4322 913 4371 Enna
924 4321 1010 4381 Golne,
1022 4320 1190 4371 Benedictinc
1200 4322 1291 4386 Priory

183 4383 332 4502 hrfl'mffl
347 4401 409 4450 may
421 4385 486 4436 have
503 4379 586 4449 a‘day
597 4391 625 4436 to
642 4387 712 4436 setch
763 4386 791 4436 in
804 4387 894 4436 Emer.
928 4385 1041 4437 Mcnact.
1055 4386 1106 4437 vol.
1119 4389 1181 4450 4,p.
1194 4390 1236 4438 95.

211 4465 249 4501 ec
328 4465 363 4501 ra.
