<?xml version="1.0" encoding="UTF-8"?>
<!DOCTYPE html PUBLIC "-//W3C//DTD XHTML 1.0 Transitional//EN"
    "http://www.w3.org/TR/xhtml1/DTD/xhtml1-transitional.dtd">
<html xmlns="http://www.w3.org/1999/xhtml" xml:lang="en" lang="en">
 <head>
  <title>
</title>
<meta http-equiv="Content-Type" content="text/html;charset=utf-8" />
  <meta name='ocr-system' content='tesseract 3.04.00' />
  <meta name='ocr-capabilities' content='ocr_page ocr_carea ocr_par ocr_line ocrx_word'/>
</head>
<body>
  <div class='ocr_page' id='page_1' title='image "bractonsnoteboo01maitgoog_0223.png"; bbox 0 0 3342 5217; ppageno 0'>
   <div class='ocr_carea' id='block_1_1' title="bbox 489 473 1303 550">
    <p class='ocr_par' dir='ltr' id='par_1_1' title="bbox 489 473 1303 550">
     <span class='ocr_line' id='line_1_1' title="bbox 489 473 1303 550; baseline 0.01 -14"><span class='ocrx_word' id='word_1_1' title='bbox 489 483 638 550; x_wconf 77' lang='lat' dir='ltr'>ramur,</span> <span class='ocrx_word' id='word_1_2' title='bbox 663 485 727 538; x_wconf 74' lang='lat' dir='ltr'>an.</span> <span class='ocrx_word' id='word_1_3' title='bbox 751 473 845 550; x_wconf 77' lang='lat'>1227,</span> <span class='ocrx_word' id='word_1_4' title='bbox 867 488 931 539; x_wconf 76' lang='lat' dir='ltr'>aa.</span> <span class='ocrx_word' id='word_1_5' title='bbox 955 477 1005 538; x_wconf 93' lang='lat' dir='ltr'>ll.</span> <span class='ocrx_word' id='word_1_6' title='bbox 1236 475 1303 544; x_wconf 77' lang='lat' dir='ltr'>art</span> 
     </span>
    </p>
   </div>
   <div class='ocr_carea' id='block_1_2' title="bbox 106 658 1304 4050">
    <p class='ocr_par' dir='ltr' id='par_1_2' title="bbox 190 658 1303 1056">
     <span class='ocr_line' id='line_1_2' title="bbox 191 658 1302 746; baseline 0.004 -22"><span class='ocrx_word' id='word_1_7' title='bbox 191 682 255 746; x_wconf 88' lang='lat' dir='ltr'>que</span> <span class='ocrx_word' id='word_1_8' title='bbox 279 667 420 726; x_wconf 87' lang='lat' dir='ltr'>testatur</span> <span class='ocrx_word' id='word_1_9' title='bbox 443 659 530 746; x_wconf 88' lang='lat' dir='ltr'>quod</span> <span class='ocrx_word' id='word_1_10' title='bbox 559 659 601 725; x_wconf 92' lang='lat' dir='ltr'>ad</span> <span class='ocrx_word' id='word_1_11' title='bbox 630 660 904 745; x_wconf 79' lang='lat' dir='ltr'>presentationem</span> <span class='ocrx_word' id='word_1_12' title='bbox 929 661 961 726; x_wconf 89' lang='lat' dir='ltr'>S.</span> <span class='ocrx_word' id='word_1_13' title='bbox 988 658 1107 725; x_wconf 89' lang='lat' dir='ltr'>Prioris</span> <span class='ocrx_word' id='word_1_14' title='bbox 1131 661 1173 726; x_wconf 84' lang='lat' dir='ltr'>de</span> <span class='ocrx_word' id='word_1_15' title='bbox 1199 663 1302 728; x_wconf 91' lang='lat' dir='ltr'>Vasto</span> 
     </span>
     <span class='ocr_line' id='line_1_3' title="bbox 190 763 1303 832; baseline 0.001 -3"><span class='ocrx_word' id='word_1_16' title='bbox 190 765 324 830; x_wconf 89' lang='lat' dir='ltr'>admisit</span> <span class='ocrx_word' id='word_1_17' title='bbox 347 765 503 829; x_wconf 88' lang='lat' dir='ltr'>Thomam</span> <span class='ocrx_word' id='word_1_18' title='bbox 533 763 685 830; x_wconf 85' lang='lat' dir='ltr'>clericum</span> <span class='ocrx_word' id='word_1_19' title='bbox 709 763 751 828; x_wconf 89' lang='lat' dir='ltr'>ad</span> <span class='ocrx_word' id='word_1_20' title='bbox 780 764 948 829; x_wconf 88' lang='lat' dir='ltr'>eeclesiam</span> <span class='ocrx_word' id='word_1_21' title='bbox 971 763 1014 829; x_wconf 86' lang='lat' dir='ltr'>de</span> <span class='ocrx_word' id='word_1_22' title='bbox 1037 765 1243 830; x_wconf 85' lang='lat' dir='ltr'>Westerham</span> <span class='ocrx_word' id='word_1_23' title='bbox 1266 775 1303 832; x_wconf 91' lang='lat' dir='ltr'>et</span> 
     </span>
     <span class='ocr_line' id='line_1_4' title="bbox 191 865 1303 952; baseline 0.004 -23"><span class='ocrx_word' id='word_1_24' title='bbox 191 867 299 952; x_wconf 86' lang='lat' dir='ltr'>ipsum</span> <span class='ocrx_word' id='word_1_25' title='bbox 323 867 358 932; x_wconf 91' lang='lat' dir='ltr'>in</span> <span class='ocrx_word' id='word_1_26' title='bbox 382 889 421 932; x_wconf 87' lang='lat' dir='ltr'>ea</span> <span class='ocrx_word' id='word_1_27' title='bbox 444 888 612 952; x_wconf 84' lang='lat' dir='ltr'>personam</span> <span class='ocrx_word' id='word_1_28' title='bbox 639 865 786 931; x_wconf 72' lang='lat' dir='ltr'>instituit</span> <span class='ocrx_word' id='word_1_29' title='bbox 815 867 976 945; x_wconf 74' lang='lat' dir='ltr'>eanonioe,</span> <span class='ocrx_word' id='word_1_30' title='bbox 1001 867 1166 933; x_wconf 86' lang='lat' dir='ltr'>reddendo</span> <span class='ocrx_word' id='word_1_31' title='bbox 1194 869 1303 934; x_wconf 90' lang='lat' dir='ltr'>eidem</span> 
     </span>
     <span class='ocr_line' id='line_1_5' title="bbox 191 970 732 1056; baseline -0.004 -21"><span class='ocrx_word' id='word_1_32' title='bbox 191 970 295 1035; x_wconf 89' lang='lat' dir='ltr'>Priori</span> <span class='ocrx_word' id='word_1_33' title='bbox 310 971 374 1056; x_wconf 81' lang='lat' dir='ltr'>viij.</span> <span class='ocrx_word' id='word_1_34' title='bbox 391 993 514 1036; x_wconf 87' lang='lat' dir='ltr'>marcas</span> <span class='ocrx_word' id='word_1_35' title='bbox 528 992 732 1056; x_wconf 88' lang='lat' dir='ltr'>perannum.</span> 
     </span>
    </p>

    <p class='ocr_par' dir='ltr' id='par_1_3' title="bbox 190 1071 1304 1346">
     <span class='ocr_line' id='line_1_6' title="bbox 211 1071 1301 1159; baseline 0.001 -22"><span class='ocrx_word' id='word_1_36' title='bbox 211 1107 214 1112; x_wconf 55' lang='lat'><strong><em>¹</em></strong></span> <span class='ocrx_word' id='word_1_37' title='bbox 257 1075 302 1138; x_wconf 90' lang='lat' dir='ltr'>Et</span> <span class='ocrx_word' id='word_1_38' title='bbox 322 1074 461 1138; x_wconf 78' lang='lat' dir='ltr'><strong>Thomas</strong></span> <span class='ocrx_word' id='word_1_39' title='bbox 483 1072 563 1138; x_wconf 85' lang='lat' dir='ltr'>dicit</span> <span class='ocrx_word' id='word_1_40' title='bbox 585 1071 671 1158; x_wconf 93' lang='lat' dir='ltr'>quod</span> <span class='ocrx_word' id='word_1_41' title='bbox 693 1095 758 1136; x_wconf 89' lang='lat' dir='ltr'>non</span> <span class='ocrx_word' id='word_1_42' title='bbox 780 1073 856 1138; x_wconf 90' lang='lat' dir='ltr'>uult</span> <span class='ocrx_word' id='word_1_43' title='bbox 878 1073 921 1138; x_wconf 91' lang='lat' dir='ltr'>ad</span> <span class='ocrx_word' id='word_1_44' title='bbox 942 1073 1104 1159; x_wconf 85' lang='lat' dir='ltr'>predictas</span> <span class='ocrx_word' id='word_1_45' title='bbox 1126 1083 1231 1138; x_wconf 86' lang='lat' dir='ltr'>eartas</span> <span class='ocrx_word' id='word_1_46' title='bbox 1252 1097 1301 1138; x_wconf 85' lang='lat' dir='ltr'>re·</span> 
     </span>
     <span class='ocr_line' id='line_1_7' title="bbox 190 1173 1304 1261; baseline 0.002 -23"><span class='ocrx_word' id='word_1_47' title='bbox 190 1175 358 1260; x_wconf 88' lang='lat' dir='ltr'>spondere,</span> <span class='ocrx_word' id='word_1_48' title='bbox 380 1183 432 1239; x_wconf 89' lang='lat' dir='ltr'>set</span> <span class='ocrx_word' id='word_1_49' title='bbox 453 1174 539 1259; x_wconf 88' lang='lat' dir='ltr'>petit</span> <span class='ocrx_word' id='word_1_50' title='bbox 562 1173 719 1239; x_wconf 87' lang='lat' dir='ltr'>iudicium</span> <span class='ocrx_word' id='word_1_51' title='bbox 741 1197 838 1239; x_wconf 90' lang='lat' dir='ltr'>suum</span> <span class='ocrx_word' id='word_1_52' title='bbox 867 1174 908 1240; x_wconf 93' lang='lat' dir='ltr'>de</span> <span class='ocrx_word' id='word_1_53' title='bbox 937 1175 999 1240; x_wconf 89' lang='lat' dir='ltr'>hoc</span> <span class='ocrx_word' id='word_1_54' title='bbox 1028 1176 1116 1261; x_wconf 91' lang='lat' dir='ltr'>quod</span> <span class='ocrx_word' id='word_1_55' title='bbox 1143 1175 1304 1240; x_wconf 72' lang='lat' dir='ltr'>iuratores</span> 
     </span>
     <span class='ocr_line' id='line_1_8' title="bbox 191 1279 356 1346; baseline 0.012 -3"><span class='ocrx_word' id='word_1_56' title='bbox 191 1279 356 1346; x_wconf 83' lang='lat' dir='ltr'>dixerunt.</span> 
     </span>
    </p>

    <p class='ocr_par' dir='ltr' id='par_1_4' title="bbox 106 1380 1304 3407">
     <span class='ocr_line' id='line_1_9' title="bbox 257 1380 1302 1467; baseline 0 -21"><span class='ocrx_word' id='word_1_57' title='bbox 257 1381 337 1446; x_wconf 86' lang='lat' dir='ltr'>Dies</span> <span class='ocrx_word' id='word_1_58' title='bbox 360 1381 458 1446; x_wconf 86' lang='lat' dir='ltr'>datus</span> <span class='ocrx_word' id='word_1_59' title='bbox 481 1390 531 1446; x_wconf 89' lang='lat' dir='ltr'>est</span> <span class='ocrx_word' id='word_1_60' title='bbox 555 1381 704 1467; x_wconf 88' lang='lat' dir='ltr'>partibus</span> <span class='ocrx_word' id='word_1_61' title='bbox 729 1380 770 1446; x_wconf 94' lang='lat' dir='ltr'>de</span> <span class='ocrx_word' id='word_1_62' title='bbox 794 1380 957 1446; x_wconf 87' lang='lat' dir='ltr'>audiendo</span> <span class='ocrx_word' id='word_1_63' title='bbox 979 1381 1100 1446; x_wconf 85' lang='lat' dir='ltr'>iudicio</span> <span class='ocrx_word' id='word_1_64' title='bbox 1123 1403 1182 1446; x_wconf 89' lang='lat' dir='ltr'>suo</span> <span class='ocrx_word' id='word_1_65' title='bbox 1204 1404 1227 1446; x_wconf 89' lang='lat' dir='ltr'>a</span> <span class='ocrx_word' id='word_1_66' title='bbox 1249 1381 1302 1446; x_wconf 90' lang='lat' dir='ltr'>die</span> 
     </span>
     <span class='ocr_line' id='line_1_10' title="bbox 192 1482 1302 1570; baseline 0 -21"><span class='ocrx_word' id='word_1_67' title='bbox 192 1485 224 1549; x_wconf 88' lang='lat' dir='ltr'>S.</span> <span class='ocrx_word' id='word_1_68' title='bbox 241 1484 337 1550; x_wconf 73' lang='lat' dir='ltr'>Miels</span> <span class='ocrx_word' id='word_1_69' title='bbox 353 1484 388 1548; x_wconf 93' lang='lat' dir='ltr'>in</span> <span class='ocrx_word' id='word_1_70' title='bbox 403 1507 452 1548; x_wconf 89' lang='lat' dir='ltr'>xv.</span> <span class='ocrx_word' id='word_1_71' title='bbox 469 1483 538 1548; x_wconf 90' lang='lat' dir='ltr'>dies</span> <span class='ocrx_word' id='word_1_72' title='bbox 553 1491 591 1547; x_wconf 89' lang='lat' dir='ltr'>ut</span> <span class='ocrx_word' id='word_1_73' title='bbox 606 1482 739 1548; x_wconf 88' lang='lat' dir='ltr'>interim</span> <span class='ocrx_word' id='word_1_74' title='bbox 753 1482 907 1568; x_wconf 87' lang='lat' dir='ltr'>loquatur</span> <span class='ocrx_word' id='word_1_75' title='bbox 920 1505 995 1548; x_wconf 86' lang='lat' dir='ltr'>eum</span> <span class='ocrx_word' id='word_1_76' title='bbox 1008 1483 1140 1549; x_wconf 88' lang='lat' dir='ltr'>domino</span> <span class='ocrx_word' id='word_1_77' title='bbox 1160 1485 1251 1570; x_wconf 85' lang='lat' dir='ltr'>Rege</span> <span class='ocrx_word' id='word_1_78' title='bbox 1267 1494 1302 1549; x_wconf 88' lang='lat' dir='ltr'>et</span> 
     </span>
     <span class='ocr_line' id='line_1_11' title="bbox 191 1584 1304 1653; baseline 0.002 -3"><span class='ocrx_word' id='word_1_79' title='bbox 191 1585 313 1650; x_wconf 88' lang='lat' dir='ltr'>iustio&#39;¹</span> <span class='ocrx_word' id='word_1_80' title='bbox 344 1595 378 1650; x_wconf 87' lang='lat' dir='ltr'>et</span> <span class='ocrx_word' id='word_1_81' title='bbox 408 1585 566 1650; x_wconf 89' lang='lat' dir='ltr'>iuratores</span> <span class='ocrx_word' id='word_1_82' title='bbox 587 1585 657 1650; x_wconf 86' lang='lat' dir='ltr'>sine</span> <span class='ocrx_word' id='word_1_83' title='bbox 686 1585 739 1650; x_wconf 88' lang='lat' dir='ltr'>die</span> <span class='ocrx_word' id='word_1_84' title='bbox 769 1584 871 1650; x_wconf 85' lang='lat' dir='ltr'>donee</span> <span class='ocrx_word' id='word_1_85' title='bbox 893 1585 983 1650; x_wconf 89' lang='lat' dir='ltr'>aliud</span> <span class='ocrx_word' id='word_1_86' title='bbox 1004 1587 1213 1653; x_wconf 89' lang='lat' dir='ltr'>audiuerint¹.</span> <span class='ocrx_word' id='word_1_87' title='bbox 1258 1589 1304 1652; x_wconf 88' lang='lat' dir='ltr'>Et</span> 
     </span>
     <span class='ocr_line' id='line_1_12' title="bbox 190 1689 1303 1775; baseline 0.003 -21"><span class='ocrx_word' id='word_1_88' title='bbox 190 1699 306 1774; x_wconf 91' lang='lat' dir='ltr'>postea</span> <span class='ocrx_word' id='word_1_89' title='bbox 319 1690 417 1755; x_wconf 87' lang='lat' dir='ltr'>datus</span> <span class='ocrx_word' id='word_1_90' title='bbox 431 1689 495 1754; x_wconf 81' lang='lat' dir='ltr'>fuit</span> <span class='ocrx_word' id='word_1_91' title='bbox 509 1689 557 1755; x_wconf 92' lang='lat' dir='ltr'>eis</span> <span class='ocrx_word' id='word_1_92' title='bbox 571 1712 592 1753; x_wconf 91' lang='lat' dir='ltr'>a</span> <span class='ocrx_word' id='word_1_93' title='bbox 609 1689 663 1755; x_wconf 89' lang='lat' dir='ltr'>die</span> <span class='ocrx_word' id='word_1_94' title='bbox 684 1690 805 1755; x_wconf 85' lang='lat' dir='ltr'>Pasehe</span> <span class='ocrx_word' id='word_1_95' title='bbox 827 1689 863 1754; x_wconf 86' lang='lat' dir='ltr'>in</span> <span class='ocrx_word' id='word_1_96' title='bbox 880 1689 905 1775; x_wconf 90' lang='lat' dir='ltr'>j.</span> <span class='ocrx_word' id='word_1_97' title='bbox 921 1712 1065 1755; x_wconf 89' lang='lat' dir='ltr'>mensem</span> <span class='ocrx_word' id='word_1_98' title='bbox 1084 1690 1125 1756; x_wconf 92' lang='lat' dir='ltr'>de</span> <span class='ocrx_word' id='word_1_99' title='bbox 1140 1691 1303 1757; x_wconf 88' lang='lat' dir='ltr'>audiendo</span> 
     </span>
     <span class='ocr_line' id='line_1_13' title="bbox 191 1791 1303 1878; baseline 0.004 -22"><span class='ocrx_word' id='word_1_100' title='bbox 191 1791 312 1856; x_wconf 87' lang='lat' dir='ltr'>iudicio</span> <span class='ocrx_word' id='word_1_101' title='bbox 327 1815 385 1857; x_wconf 90' lang='lat' dir='ltr'>suo</span> <span class='ocrx_word' id='word_1_102' title='bbox 404 1791 446 1856; x_wconf 90' lang='lat' dir='ltr'>ad</span> <span class='ocrx_word' id='word_1_103' title='bbox 467 1813 565 1878; x_wconf 90' lang='lat' dir='ltr'>quem</span> <span class='ocrx_word' id='word_1_104' title='bbox 587 1791 675 1856; x_wconf 89' lang='lat' dir='ltr'>diem</span> <span class='ocrx_word' id='word_1_105' title='bbox 695 1791 787 1856; x_wconf 89' lang='lat' dir='ltr'>Prior·</span> <span class='ocrx_word' id='word_1_106' title='bbox 807 1814 872 1856; x_wconf 92' lang='lat' dir='ltr'>non</span> <span class='ocrx_word' id='word_1_107' title='bbox 892 1792 994 1869; x_wconf 90' lang='lat' dir='ltr'>uenit,</span> <span class='ocrx_word' id='word_1_108' title='bbox 1009 1801 1044 1857; x_wconf 90' lang='lat' dir='ltr'>et</span> <span class='ocrx_word' id='word_1_109' title='bbox 1065 1792 1140 1858; x_wconf 91' lang='lat' dir='ltr'>ideo</span> <span class='ocrx_word' id='word_1_110' title='bbox 1162 1795 1303 1862; x_wconf 79' lang='lat' dir='ltr'>Thomas</span> 
     </span>
     <span class='ocr_line' id='line_1_14' title="bbox 191 1893 1302 1981; baseline 0.003 -21"><span class='ocrx_word' id='word_1_111' title='bbox 191 1895 324 1960; x_wconf 85' lang='lat' dir='ltr'>recedat</span> <span class='ocrx_word' id='word_1_112' title='bbox 345 1895 414 1960; x_wconf 91' lang='lat' dir='ltr'>sine</span> <span class='ocrx_word' id='word_1_113' title='bbox 434 1894 496 1972; x_wconf 89' lang='lat' dir='ltr'>die,</span> <span class='ocrx_word' id='word_1_114' title='bbox 512 1903 546 1958; x_wconf 92' lang='lat' dir='ltr'>et</span> <span class='ocrx_word' id='word_1_115' title='bbox 566 1894 686 1958; x_wconf 87' lang='lat' dir='ltr'>habeat</span> <span class='ocrx_word' id='word_1_116' title='bbox 706 1893 953 1958; x_wconf 85' lang='lat' dir='ltr'>aduocationem</span> <span class='ocrx_word' id='word_1_117' title='bbox 973 1903 1008 1959; x_wconf 89' lang='lat' dir='ltr'>et</span> <span class='ocrx_word' id='word_1_118' title='bbox 1027 1897 1302 1981; x_wconf 79' lang='lat' dir='ltr'>presentationem</span> 
     </span>
     <span class='ocr_line' id='line_1_15' title="bbox 192 1998 1302 2087; baseline 0.002 -23"><span class='ocrx_word' id='word_1_119' title='bbox 192 2001 304 2085; x_wconf 90' lang='lat' dir='ltr'>quiete</span> <span class='ocrx_word' id='word_1_120' title='bbox 326 2000 368 2064; x_wconf 92' lang='lat' dir='ltr'>de</span> <span class='ocrx_word' id='word_1_121' title='bbox 390 2000 459 2085; x_wconf 90' lang='lat' dir='ltr'>ipso</span> <span class='ocrx_word' id='word_1_122' title='bbox 481 1999 590 2062; x_wconf 86' lang='lat' dir='ltr'>Priore</span> <span class='ocrx_word' id='word_1_123' title='bbox 617 2007 651 2063; x_wconf 89' lang='lat' dir='ltr'>et</span> <span class='ocrx_word' id='word_1_124' title='bbox 671 1999 905 2064; x_wconf 66' lang='lat' dir='ltr'>suecessoribus</span> <span class='ocrx_word' id='word_1_125' title='bbox 927 1998 995 2064; x_wconf 90' lang='lat' dir='ltr'>suis</span> <span class='ocrx_word' id='word_1_126' title='bbox 1015 2000 1193 2064; x_wconf 86' lang='lat' dir='ltr'>secundum</span> <span class='ocrx_word' id='word_1_127' title='bbox 1216 2001 1302 2087; x_wconf 91' lang='lat' dir='ltr'>quod</span> 
     </span>
     <span class='ocr_line' id='line_1_16' title="bbox 193 2102 846 2189; baseline -0.006 -19"><span class='ocrx_word' id='word_1_128' title='bbox 193 2105 272 2170; x_wconf 87' lang='lat' dir='ltr'>data</span> <span class='ocrx_word' id='word_1_129' title='bbox 285 2112 336 2168; x_wconf 84' lang='lat' dir='ltr'>est</span> <span class='ocrx_word' id='word_1_130' title='bbox 351 2103 382 2168; x_wconf 90' lang='lat' dir='ltr'>ei</span> <span class='ocrx_word' id='word_1_131' title='bbox 396 2126 454 2189; x_wconf 89' lang='lat' dir='ltr'>per</span> <span class='ocrx_word' id='word_1_132' title='bbox 468 2125 621 2188; x_wconf 86' lang='lat' dir='ltr'>magnam</span> <span class='ocrx_word' id='word_1_133' title='bbox 635 2102 768 2166; x_wconf 80' lang='lat' dir='ltr'>assisam</span> <span class='ocrx_word' id='word_1_134' title='bbox 785 2111 846 2166; x_wconf 84' lang='lat' dir='ltr'>ete.</span> 
     </span>
     <span class='ocr_line' id='line_1_17' title="bbox 106 2203 1301 2292; baseline 0.002 -22"><span class='ocrx_word' id='word_1_135' title='bbox 106 2217 142 2276; x_wconf 81' lang='lat'>¹,</span> <span class='ocrx_word' id='word_1_136' title='bbox 258 2206 367 2270; x_wconf 76' lang='lat' dir='ltr'>&#39;Prior</span> <span class='ocrx_word' id='word_1_137' title='bbox 389 2204 572 2290; x_wconf 80' lang='lat' dir='ltr'>Hospitalis</span> <span class='ocrx_word' id='word_1_138' title='bbox 595 2203 781 2268; x_wconf 90' lang='lat' dir='ltr'>Ierosolime</span> <span class='ocrx_word' id='word_1_139' title='bbox 805 2203 842 2268; x_wconf 93' lang='lat' dir='ltr'>in</span> <span class='ocrx_word' id='word_1_140' title='bbox 862 2203 985 2291; x_wconf 79' lang='lat' dir='ltr'>Anglia</span> <span class='ocrx_word' id='word_1_141' title='bbox 1011 2227 1071 2292; x_wconf 91' lang='lat' dir='ltr'>per</span> <span class='ocrx_word' id='word_1_142' title='bbox 1099 2214 1301 2272; x_wconf 87' lang='lat' dir='ltr'>attornatum</span> 
     </span>
     <span class='ocr_line' id='line_1_18' title="bbox 192 2306 1301 2395; baseline 0.004 -23"><span class='ocrx_word' id='word_1_143' title='bbox 192 2332 289 2373; x_wconf 90' lang='lat' dir='ltr'>suum</span> <span class='ocrx_word' id='word_1_144' title='bbox 316 2308 401 2394; x_wconf 89' lang='lat' dir='ltr'>petit</span> <span class='ocrx_word' id='word_1_145' title='bbox 425 2329 538 2372; x_wconf 87' lang='lat' dir='ltr'>uersus</span> <span class='ocrx_word' id='word_1_146' title='bbox 564 2306 744 2371; x_wconf 89' lang='lat' dir='ltr'>Robertum</span> <span class='ocrx_word' id='word_1_147' title='bbox 769 2307 799 2372; x_wconf 90' lang='lat' dir='ltr'>le</span> <span class='ocrx_word' id='word_1_148' title='bbox 988 2307 1100 2395; x_wconf 86' lang='lat' dir='ltr'>‘quod</span> <span class='ocrx_word' id='word_1_149' title='bbox 1123 2310 1301 2376; x_wconf 86' lang='lat' dir='ltr'>secundnm</span> 
     </span>
     <span class='ocr_line' id='line_1_19' title="bbox 192 2411 1303 2498; baseline 0.004 -21"><span class='ocrx_word' id='word_1_150' title='bbox 192 2412 461 2478; x_wconf 80' lang='lat' dir='ltr'>consuetudinem</span> <span class='ocrx_word' id='word_1_151' title='bbox 487 2411 705 2476; x_wconf 86' lang='lat' dir='ltr'>maneriorum</span> <span class='ocrx_word' id='word_1_152' title='bbox 730 2411 771 2476; x_wconf 91' lang='lat' dir='ltr'>de</span> <span class='ocrx_word' id='word_1_153' title='bbox 802 2411 1013 2498; x_wconf 83' lang='lat' dir='ltr'>Buningtona</span> <span class='ocrx_word' id='word_1_154' title='bbox 1041 2422 1076 2478; x_wconf 92' lang='lat' dir='ltr'>et</span> <span class='ocrx_word' id='word_1_155' title='bbox 1105 2414 1147 2479; x_wconf 91' lang='lat' dir='ltr'>de</span> <span class='ocrx_word' id='word_1_156' title='bbox 1176 2415 1303 2480; x_wconf 68' lang='lat' dir='ltr'>Herts&#39;l</span> 
     </span>
     <span class='ocr_line' id='line_1_20' title="bbox 192 2513 1304 2602; baseline 0.004 -23"><span class='ocrx_word' id='word_1_157' title='bbox 192 2515 291 2580; x_wconf 83' lang='lat' dir='ltr'>faeiat</span> <span class='ocrx_word' id='word_1_158' title='bbox 304 2515 462 2580; x_wconf 88' lang='lat' dir='ltr'>auxilium</span> <span class='ocrx_word' id='word_1_159' title='bbox 477 2515 520 2581; x_wconf 93' lang='lat' dir='ltr'>ad</span> <span class='ocrx_word' id='word_1_160' title='bbox 535 2514 639 2578; x_wconf 89' lang='lat' dir='ltr'>uallas</span> <span class='ocrx_word' id='word_1_161' title='bbox 653 2521 688 2578; x_wconf 89' lang='lat' dir='ltr'>et</span> <span class='ocrx_word' id='word_1_162' title='bbox 700 2515 819 2578; x_wconf 87' lang='lat' dir='ltr'>fossata</span> <span class='ocrx_word' id='word_1_163' title='bbox 833 2513 927 2579; x_wconf 81' lang='lat' dir='ltr'>facit⁶</span> <span class='ocrx_word' id='word_1_164' title='bbox 940 2515 976 2578; x_wconf 90' lang='lat' dir='ltr'>in</span> <span class='ocrx_word' id='word_1_165' title='bbox 986 2515 1140 2602; x_wconf 85' lang='lat' dir='ltr'>predictis</span> <span class='ocrx_word' id='word_1_166' title='bbox 1151 2517 1304 2584; x_wconf 81' lang='lat' dir='ltr'>maneriis</span> 
     </span>
     <span class='ocr_line' id='line_1_21' title="bbox 191 2618 1303 2707; baseline 0.002 -23"><span class='ocrx_word' id='word_1_167' title='bbox 191 2620 234 2684; x_wconf 89' lang='lat' dir='ltr'>ad</span> <span class='ocrx_word' id='word_1_168' title='bbox 253 2642 458 2684; x_wconf 90' lang='lat' dir='ltr'>communem</span> <span class='ocrx_word' id='word_1_169' title='bbox 479 2619 659 2683; x_wconf 87' lang='lat' dir='ltr'>utilitatem</span> <span class='ocrx_word' id='word_1_170' title='bbox 680 2627 715 2683; x_wconf 89' lang='lat' dir='ltr'>et</span> <span class='ocrx_word' id='word_1_171' title='bbox 735 2618 997 2683; x_wconf 88' lang='lat' dir='ltr'>emendationem</span> <span class='ocrx_word' id='word_1_172' title='bbox 1019 2629 1178 2685; x_wconf 86' lang='lat' dir='ltr'>terrarum</span> <span class='ocrx_word' id='word_1_173' title='bbox 1199 2621 1303 2707; x_wconf 89' lang='lat' dir='ltr'>ipsius</span> 
     </span>
     <span class='ocr_line' id='line_1_22' title="bbox 193 2719 1302 2808; baseline 0.002 -22"><span class='ocrx_word' id='word_1_174' title='bbox 193 2722 312 2786; x_wconf 84' lang='lat' dir='ltr'>Prioris</span> <span class='ocrx_word' id='word_1_175' title='bbox 326 2730 360 2786; x_wconf 88' lang='lat' dir='ltr'>et</span> <span class='ocrx_word' id='word_1_176' title='bbox 380 2720 516 2786; x_wconf 88' lang='lat' dir='ltr'>Roberti</span> <span class='ocrx_word' id='word_1_177' title='bbox 537 2729 607 2798; x_wconf 81' lang='lat' dir='ltr'>ete,</span> <span class='ocrx_word' id='word_1_178' title='bbox 623 2719 709 2785; x_wconf 92' lang='lat' dir='ltr'>unde</span> <span class='ocrx_word' id='word_1_179' title='bbox 729 2720 816 2785; x_wconf 91' lang='lat' dir='ltr'>idem</span> <span class='ocrx_word' id='word_1_180' title='bbox 837 2721 929 2785; x_wconf 83' lang='lat' dir='ltr'>Prior</span> <span class='ocrx_word' id='word_1_181' title='bbox 947 2721 1091 2787; x_wconf 85' lang='lat' dir='ltr'>ostendit</span> <span class='ocrx_word' id='word_1_182' title='bbox 1110 2721 1196 2808; x_wconf 90' lang='lat' dir='ltr'>quod</span> <span class='ocrx_word' id='word_1_183' title='bbox 1217 2723 1302 2788; x_wconf 85' lang='lat' dir='ltr'>sieut</span> 
     </span>
     <span class='ocr_line' id='line_1_23' title="bbox 190 2822 1301 2911; baseline 0.001 -23"><span class='ocrx_word' id='word_1_184' title='bbox 190 2827 260 2911; x_wconf 88' lang='lat' dir='ltr'>ipse</span> <span class='ocrx_word' id='word_1_185' title='bbox 276 2833 311 2890; x_wconf 88' lang='lat' dir='ltr'>et</span> <span class='ocrx_word' id='word_1_186' title='bbox 326 2824 383 2888; x_wconf 89' lang='lat' dir='ltr'>alii</span> <span class='ocrx_word' id='word_1_187' title='bbox 397 2823 553 2889; x_wconf 89' lang='lat' dir='ltr'>deberent</span> <span class='ocrx_word' id='word_1_188' title='bbox 573 2822 730 2888; x_wconf 86' lang='lat' dir='ltr'>auxilium</span> <span class='ocrx_word' id='word_1_189' title='bbox 754 2823 858 2888; x_wconf 82' lang='lat' dir='ltr'>faeere</span> <span class='ocrx_word' id='word_1_190' title='bbox 878 2822 921 2887; x_wconf 91' lang='lat' dir='ltr'>ad</span> <span class='ocrx_word' id='word_1_191' title='bbox 942 2845 1045 2888; x_wconf 89' lang='lat' dir='ltr'>unum</span> <span class='ocrx_word' id='word_1_192' title='bbox 1065 2825 1301 2890; x_wconf 79' lang='lat' dir='ltr'>exsucatorem&#39;</span> 
     </span>
     <span class='ocr_line' id='line_1_24' title="bbox 190 2927 1303 3014; baseline 0.001 -21"><span class='ocrx_word' id='word_1_193' title='bbox 190 2929 377 2994; x_wconf 82' lang='lat' dir='ltr'>faciendum</span> <span class='ocrx_word' id='word_1_194' title='bbox 400 2951 459 3014; x_wconf 88' lang='lat' dir='ltr'>per</span> <span class='ocrx_word' id='word_1_195' title='bbox 479 2928 625 2992; x_wconf 89' lang='lat' dir='ltr'>medium</span> <span class='ocrx_word' id='word_1_196' title='bbox 647 2935 730 2992; x_wconf 91' lang='lat' dir='ltr'>terre</span> <span class='ocrx_word' id='word_1_197' title='bbox 751 2927 886 2991; x_wconf 92' lang='lat' dir='ltr'>Domini</span> <span class='ocrx_word' id='word_1_198' title='bbox 904 2927 1022 3004; x_wconf 81' lang='lat' dir='ltr'>Cant&#39;⁸,</span> <span class='ocrx_word' id='word_1_199' title='bbox 1037 2927 1124 2992; x_wconf 88' lang='lat' dir='ltr'>idem</span> <span class='ocrx_word' id='word_1_200' title='bbox 1139 2929 1303 2994; x_wconf 86' lang='lat' dir='ltr'>Robertus</span> 
     </span>
     <span class='ocr_line' id='line_1_25' title="bbox 189 3029 1304 3116; baseline 0 -20"><span class='ocrx_word' id='word_1_201' title='bbox 189 3031 297 3097; x_wconf 90' lang='lat' dir='ltr'>noluit</span> <span class='ocrx_word' id='word_1_202' title='bbox 312 3031 471 3095; x_wconf 83' lang='lat' dir='ltr'>auxilium</span> <span class='ocrx_word' id='word_1_203' title='bbox 486 3032 590 3094; x_wconf 82' lang='lat' dir='ltr'>faeere</span> <span class='ocrx_word' id='word_1_204' title='bbox 605 3038 766 3116; x_wconf 88' lang='lat' dir='ltr'>quantum</span> <span class='ocrx_word' id='word_1_205' title='bbox 781 3029 925 3114; x_wconf 90' lang='lat' dir='ltr'>pertinet</span> <span class='ocrx_word' id='word_1_206' title='bbox 940 3029 982 3094; x_wconf 87' lang='lat' dir='ltr'>sd</span> <span class='ocrx_word' id='word_1_207' title='bbox 997 3038 1117 3095; x_wconf 85' lang='lat' dir='ltr'>terram</span> <span class='ocrx_word' id='word_1_208' title='bbox 1137 3033 1238 3108; x_wconf 86' lang='lat' dir='ltr'>suani,</span> <span class='ocrx_word' id='word_1_209' title='bbox 1254 3032 1304 3097; x_wconf 90' lang='lat' dir='ltr'>ita</span> 
     </span>
     <span class='ocr_line' id='line_1_26' title="bbox 189 3131 1300 3219; baseline 0.003 -23"><span class='ocrx_word' id='word_1_210' title='bbox 189 3134 278 3219; x_wconf 91' lang='lat' dir='ltr'>quod</span> <span class='ocrx_word' id='word_1_211' title='bbox 293 3134 325 3198; x_wconf 89' lang='lat' dir='ltr'>ei</span> <span class='ocrx_word' id='word_1_212' title='bbox 336 3155 357 3198; x_wconf 90' lang='lat' dir='ltr'>a</span> <span class='ocrx_word' id='word_1_213' title='bbox 370 3142 456 3198; x_wconf 88' lang='lat' dir='ltr'>retro</span> <span class='ocrx_word' id='word_1_214' title='bbox 471 3141 549 3198; x_wconf 88' lang='lat' dir='ltr'>sunt</span> <span class='ocrx_word' id='word_1_215' title='bbox 564 3133 582 3196; x_wconf 93' lang='lat' dir='ltr'>l.</span> <span class='ocrx_word' id='word_1_216' title='bbox 599 3132 653 3196; x_wconf 90' lang='lat' dir='ltr'>sol.</span> <span class='ocrx_word' id='word_1_217' title='bbox 670 3141 705 3195; x_wconf 88' lang='lat' dir='ltr'>et</span> <span class='ocrx_word' id='word_1_218' title='bbox 720 3140 807 3196; x_wconf 82' lang='lat' dir='ltr'>terra</span> <span class='ocrx_word' id='word_1_219' title='bbox 820 3131 923 3217; x_wconf 88' lang='lat' dir='ltr'>ipsius</span> <span class='ocrx_word' id='word_1_220' title='bbox 938 3132 1057 3197; x_wconf 89' lang='lat' dir='ltr'>Prioris</span> <span class='ocrx_word' id='word_1_221' title='bbox 1071 3155 1130 3218; x_wconf 88' lang='lat' dir='ltr'>per</span> <span class='ocrx_word' id='word_1_222' title='bbox 1144 3134 1300 3199; x_wconf 85' lang='lat' dir='ltr'>defaltam</span> 
     </span>
     <span class='ocr_line' id='line_1_27' title="bbox 187 3235 1300 3322; baseline 0.001 -21"><span class='ocrx_word' id='word_1_223' title='bbox 187 3237 280 3302; x_wconf 89' lang='lat' dir='ltr'>illam</span> <span class='ocrx_word' id='word_1_224' title='bbox 304 3237 500 3302; x_wconf 85' lang='lat' dir='ltr'>deteriorata</span> <span class='ocrx_word' id='word_1_225' title='bbox 523 3245 574 3302; x_wconf 89' lang='lat' dir='ltr'>est</span> <span class='ocrx_word' id='word_1_226' title='bbox 597 3236 640 3302; x_wconf 88' lang='lat' dir='ltr'>ad</span> <span class='ocrx_word' id='word_1_227' title='bbox 663 3236 844 3301; x_wconf 85' lang='lat' dir='ltr'>ualenoiam</span> <span class='ocrx_word' id='word_1_228' title='bbox 864 3236 942 3322; x_wconf 81' lang='lat' dir='ltr'>iiij¹¹</span> <span class='ocrx_word' id='word_1_229' title='bbox 962 3235 1032 3301; x_wconf 90' lang='lat' dir='ltr'>libr.</span> <span class='ocrx_word' id='word_1_230' title='bbox 1049 3244 1084 3300; x_wconf 91' lang='lat' dir='ltr'>et</span> <span class='ocrx_word' id='word_1_231' title='bbox 1102 3237 1180 3302; x_wconf 91' lang='lat' dir='ltr'>inde</span> <span class='ocrx_word' id='word_1_232' title='bbox 1200 3237 1300 3304; x_wconf 89' lang='lat' dir='ltr'>habet</span> 
     </span>
     <span class='ocr_line' id='line_1_28' title="bbox 187 3351 323 3407; baseline -0.007 0"><span class='ocrx_word' id='word_1_233' title='bbox 187 3351 323 3407; x_wconf 85' lang='lat' dir='ltr'>sectam.</span> 
     </span>
    </p>

    <p class='ocr_par' dir='ltr' id='par_1_5' title="bbox 185 3443 1301 4050">
     <span class='ocr_line' id='line_1_29' title="bbox 255 3443 1300 3512; baseline 0.003 -3"><span class='ocrx_word' id='word_1_234' title='bbox 255 3445 300 3509; x_wconf 87' lang='lat' dir='ltr'>Et</span> <span class='ocrx_word' id='word_1_235' title='bbox 316 3445 478 3510; x_wconf 87' lang='lat' dir='ltr'>Robertus</span> <span class='ocrx_word' id='word_1_236' title='bbox 493 3443 586 3510; x_wconf 90' lang='lat' dir='ltr'>uenit</span> <span class='ocrx_word' id='word_1_237' title='bbox 600 3453 635 3509; x_wconf 93' lang='lat' dir='ltr'>et</span> <span class='ocrx_word' id='word_1_238' title='bbox 650 3443 796 3510; x_wconf 86' lang='lat' dir='ltr'>defendit</span> <span class='ocrx_word' id='word_1_239' title='bbox 811 3447 882 3510; x_wconf 91' lang='lat' dir='ltr'>uim</span> <span class='ocrx_word' id='word_1_240' title='bbox 897 3452 931 3510; x_wconf 93' lang='lat' dir='ltr'>et</span> <span class='ocrx_word' id='word_1_241' title='bbox 945 3443 1098 3510; x_wconf 90' lang='lat' dir='ltr'>iniuriam</span> <span class='ocrx_word' id='word_1_242' title='bbox 1114 3453 1149 3510; x_wconf 89' lang='lat' dir='ltr'>et</span> <span class='ocrx_word' id='word_1_243' title='bbox 1163 3446 1300 3512; x_wconf 89' lang='lat' dir='ltr'>deterio-</span> 
     </span>
     <span class='ocr_line' id='line_1_30' title="bbox 185 3549 1300 3636; baseline -0.001 -19"><span class='ocrx_word' id='word_1_244' title='bbox 185 3553 348 3618; x_wconf 89' lang='lat' dir='ltr'>rationem</span> <span class='ocrx_word' id='word_1_245' title='bbox 365 3560 399 3616; x_wconf 90' lang='lat' dir='ltr'>et</span> <span class='ocrx_word' id='word_1_246' title='bbox 414 3558 522 3616; x_wconf 90' lang='lat' dir='ltr'>totum</span> <span class='ocrx_word' id='word_1_247' title='bbox 537 3551 577 3616; x_wconf 87' lang='lat' dir='ltr'>de</span> <span class='ocrx_word' id='word_1_248' title='bbox 592 3550 693 3616; x_wconf 90' lang='lat' dir='ltr'>uerbo</span> <span class='ocrx_word' id='word_1_249' title='bbox 707 3550 742 3614; x_wconf 92' lang='lat' dir='ltr'>in</span> <span class='ocrx_word' id='word_1_250' title='bbox 762 3551 901 3614; x_wconf 88' lang='lat' dir='ltr'>uerbum</span> <span class='ocrx_word' id='word_1_251' title='bbox 922 3558 956 3615; x_wconf 90' lang='lat' dir='ltr'>et</span> <span class='ocrx_word' id='word_1_252' title='bbox 975 3549 1057 3613; x_wconf 86' lang='lat' dir='ltr'>dicit</span> <span class='ocrx_word' id='word_1_253' title='bbox 1071 3551 1158 3636; x_wconf 93' lang='lat' dir='ltr'>quod</span> <span class='ocrx_word' id='word_1_254' title='bbox 1172 3552 1300 3616; x_wconf 90' lang='lat' dir='ltr'>nullum</span> 
     </span>
     <span class='ocr_line' id='line_1_31' title="bbox 185 3652 1301 3742; baseline -0.002 -19"><span class='ocrx_word' id='word_1_255' title='bbox 185 3657 349 3723; x_wconf 84' lang='lat' dir='ltr'>auxilium</span> <span class='ocrx_word' id='word_1_256' title='bbox 365 3657 464 3722; x_wconf 90' lang='lat' dir='ltr'>debet</span> <span class='ocrx_word' id='word_1_257' title='bbox 484 3656 525 3721; x_wconf 89' lang='lat' dir='ltr'>ad</span> <span class='ocrx_word' id='word_1_258' title='bbox 546 3655 606 3720; x_wconf 87' lang='lat' dir='ltr'>boo</span> <span class='ocrx_word' id='word_1_259' title='bbox 627 3656 730 3720; x_wconf 82' lang='lat' dir='ltr'>faeere</span> <span class='ocrx_word' id='word_1_260' title='bbox 750 3678 810 3720; x_wconf 88' lang='lat' dir='ltr'>neo</span> <span class='ocrx_word' id='word_1_261' title='bbox 830 3677 975 3742; x_wconf 90' lang='lat' dir='ltr'>unquam</span> <span class='ocrx_word' id='word_1_262' title='bbox 998 3652 1077 3720; x_wconf 80' lang='lat' dir='ltr'>fecit</span> <span class='ocrx_word' id='word_1_263' title='bbox 1100 3656 1179 3742; x_wconf 92' lang='lat' dir='ltr'>quia</span> <span class='ocrx_word' id='word_1_264' title='bbox 1200 3656 1301 3721; x_wconf 90' lang='lat' dir='ltr'>habet</span> 
     </span>
     <span class='ocr_line' id='line_1_32' title="bbox 186 3759 1298 3829; baseline 0.003 -4"><span class='ocrx_word' id='word_1_265' title='bbox 186 3771 309 3826; x_wconf 87' lang='lat' dir='ltr'>terram</span> <span class='ocrx_word' id='word_1_266' title='bbox 333 3781 426 3824; x_wconf 89' lang='lat' dir='ltr'>suarn</span> <span class='ocrx_word' id='word_1_267' title='bbox 449 3759 484 3823; x_wconf 90' lang='lat' dir='ltr'>in</span> <span class='ocrx_word' id='word_1_268' title='bbox 508 3759 652 3824; x_wconf 88' lang='lat' dir='ltr'>manerio</span> <span class='ocrx_word' id='word_1_269' title='bbox 677 3759 734 3823; x_wconf 92' lang='lat' dir='ltr'>illo</span> <span class='ocrx_word' id='word_1_270' title='bbox 760 3781 800 3824; x_wconf 84' lang='lat' dir='ltr'>ex</span> <span class='ocrx_word' id='word_1_271' title='bbox 826 3759 910 3823; x_wconf 94' lang='lat' dir='ltr'>dono</span> <span class='ocrx_word' id='word_1_272' title='bbox 939 3767 1180 3824; x_wconf 85' lang='lat' dir='ltr'>antecessorum</span> <span class='ocrx_word' id='word_1_273' title='bbox 1205 3760 1298 3829; x_wconf 91' lang='lat' dir='ltr'>Dom.</span> 
     </span>
     <span class='ocr_line' id='line_1_33' title="bbox 186 3861 1300 3950; baseline -0.003 -21"><span class='ocrx_word' id='word_1_274' title='bbox 186 3863 289 3950; x_wconf 85' lang='lat' dir='ltr'>Regis</span> <span class='ocrx_word' id='word_1_275' title='bbox 305 3861 362 3949; x_wconf 91' lang='lat' dir='ltr'>qui</span> <span class='ocrx_word' id='word_1_276' title='bbox 379 3862 455 3927; x_wconf 92' lang='lat' dir='ltr'>inde</span> <span class='ocrx_word' id='word_1_277' title='bbox 477 3863 694 3928; x_wconf 87' lang='lat' dir='ltr'>feoffauerunt</span> <span class='ocrx_word' id='word_1_278' title='bbox 713 3870 930 3926; x_wconf 74' lang='lat' dir='ltr'>antecessores</span> <span class='ocrx_word' id='word_1_279' title='bbox 953 3884 1028 3927; x_wconf 90' lang='lat' dir='ltr'>suos</span> <span class='ocrx_word' id='word_1_280' title='bbox 1047 3883 1106 3948; x_wconf 87' lang='lat' dir='ltr'>per</span> <span class='ocrx_word' id='word_1_281' title='bbox 1126 3862 1300 3927; x_wconf 86' lang='lat' dir='ltr'>semioium</span> 
     </span>
     <span class='ocr_line' id='line_1_34' title="bbox 185 3964 1300 4050; baseline -0.003 -17"><span class='ocrx_word' id='word_1_282' title='bbox 185 3965 394 4033; x_wconf 83' lang='lat' dir='ltr'>custodiendi</span> <span class='ocrx_word' id='word_1_283' title='bbox 422 3965 562 4030; x_wconf 79' lang='lat' dir='ltr'>falcones</span> <span class='ocrx_word' id='word_1_284' title='bbox 590 3988 665 4030; x_wconf 92' lang='lat' dir='ltr'>suos</span> <span class='ocrx_word' id='word_1_285' title='bbox 690 3987 748 4050; x_wconf 90' lang='lat' dir='ltr'>pro</span> <span class='ocrx_word' id='word_1_286' title='bbox 775 3965 865 4030; x_wconf 91' lang='lat' dir='ltr'>omni</span> <span class='ocrx_word' id='word_1_287' title='bbox 888 3964 1032 4044; x_wconf 87' lang='lat' dir='ltr'>seruieio,</span> <span class='ocrx_word' id='word_1_288' title='bbox 1056 3964 1143 4030; x_wconf 89' lang='lat' dir='ltr'>unde</span> <span class='ocrx_word' id='word_1_289' title='bbox 1172 3967 1300 4030; x_wconf 90' lang='lat' dir='ltr'>nullum</span> 
     </span>
    </p>
   </div>
   <div class='ocr_carea' id='block_1_3' title="bbox 186 4162 1301 4555">
    <p class='ocr_par' dir='ltr' id='par_1_6' title="bbox 186 4162 1297 4292">
     <span class='ocr_line' id='line_1_35' title="bbox 221 4162 1297 4231; baseline 0.004 -15"><span class='ocrx_word' id='word_1_290' title='bbox 221 4166 232 4200; x_wconf 90' lang='lat'>¹</span> <span class='ocrx_word' id='word_1_291' title='bbox 249 4165 379 4228; x_wconf 80' lang='lat' dir='ltr'>Probably</span> <span class='ocrx_word' id='word_1_292' title='bbox 388 4165 451 4214; x_wconf 83' lang='lat' dir='ltr'>with</span> <span class='ocrx_word' id='word_1_293' title='bbox 461 4164 506 4216; x_wconf 86' lang='lat' dir='ltr'>the</span> <span class='ocrx_word' id='word_1_294' title='bbox 514 4162 584 4215; x_wconf 77' lang='lat' dir='ltr'>ahiel</span> <span class='ocrx_word' id='word_1_295' title='bbox 590 4165 718 4228; x_wconf 62' lang='lat' dir='ltr'>justicias</span> <span class='ocrx_word' id='word_1_296' title='bbox 770 4179 820 4228; x_wconf 83' lang='lat' dir='ltr'>ney</span> <span class='ocrx_word' id='word_1_297' title='bbox 829 4164 928 4215; x_wconf 80' lang='lat' dir='ltr'>Marah.</span> <span class='ocrx_word' id='word_1_298' title='bbox 956 4165 1168 4230; x_wconf 78' lang='lat' dir='ltr'>Hutod’sKent,</span> <span class='ocrx_word' id='word_1_299' title='bbox 1177 4167 1229 4218; x_wconf 78' lang='lat' dir='ltr'>vol.</span> <span class='ocrx_word' id='word_1_300' title='bbox 1238 4169 1262 4227; x_wconf 79' lang='grc'>3,</span> <span class='ocrx_word' id='word_1_301' title='bbox 1271 4183 1297 4231; x_wconf 90' lang='lat' dir='ltr'>p.</span> 
     </span>
     <span class='ocr_line' id='line_1_36' title="bbox 186 4229 900 4292; baseline -0.007 -8"><span class='ocrx_word' id='word_1_302' title='bbox 186 4232 292 4284; x_wconf 80' lang='lat' dir='ltr'>Hubert</span> <span class='ocrx_word' id='word_1_303' title='bbox 303 4229 336 4280; x_wconf 87' lang='lat' dir='ltr'>de</span> <span class='ocrx_word' id='word_1_304' title='bbox 346 4229 445 4292; x_wconf 78' lang='lat' dir='ltr'>Burgh.</span> <span class='ocrx_word' id='word_1_305' title='bbox 771 4230 900 4288; x_wconf 55' lang='grc'>4511461.</span> 
     </span>
    </p>

    <p class='ocr_par' dir='ltr' id='par_1_7' title="bbox 223 4295 1301 4361">
     <span class='ocr_line' id='line_1_37' title="bbox 223 4295 1301 4361; baseline 0.001 -15"><span class='ocrx_word' id='word_1_306' title='bbox 223 4297 235 4329; x_wconf 75' lang='lat'><strong>¹</strong></span> <span class='ocrx_word' id='word_1_307' title='bbox 250 4297 273 4346; x_wconf 91' lang='grc' dir='ltr'><strong>Β</strong></span> <span class='ocrx_word' id='word_1_308' title='bbox 285 4299 367 4359; x_wconf 85' lang='lat' dir='ltr'>stops.</span> <span class='ocrx_word' id='word_1_309' title='bbox 804 4295 815 4328; x_wconf 79' lang='lat'>⁶</span> <span class='ocrx_word' id='word_1_310' title='bbox 832 4295 904 4344; x_wconf 82' lang='lat' dir='ltr'>Oorr.</span> <span class='ocrx_word' id='word_1_311' title='bbox 916 4296 1098 4361; x_wconf 59' lang='lat' dir='ltr'>soeinrdaad).</span> <span class='ocrx_word' id='word_1_312' title='bbox 1109 4295 1301 4347; x_wconf 80' lang='lat' dir='ltr'>Bhassdwal·</span> 
     </span>
    </p>

    <p class='ocr_par' dir='ltr' id='par_1_8' title="bbox 223 4361 1121 4424">
     <span class='ocr_line' id='line_1_38' title="bbox 223 4361 1121 4424; baseline 0 -14"><span class='ocrx_word' id='word_1_313' title='bbox 223 4361 281 4413; x_wconf 79' lang='lat'>³13.</span> <span class='ocrx_word' id='word_1_314' title='bbox 296 4363 385 4411; x_wconf 82' lang='lat' dir='ltr'>m.1a.</span> <span class='ocrx_word' id='word_1_315' title='bbox 773 4363 823 4410; x_wconf 62' lang='lat' dir='ltr'>rrae</span> <span class='ocrx_word' id='word_1_316' title='bbox 830 4362 968 4423; x_wconf 68' lang='lat' dir='ltr'>faciendas</span> <span class='ocrx_word' id='word_1_317' title='bbox 979 4363 1121 4424; x_wconf 68' lang='lat' dir='ltr'>assonam.</span> 
     </span>
    </p>

    <p class='ocr_par' dir='ltr' id='par_1_9' title="bbox 223 4425 953 4488">
     <span class='ocr_line' id='line_1_39' title="bbox 223 4425 953 4488; baseline -0.001 -14"><span class='ocrx_word' id='word_1_318' title='bbox 223 4425 468 4488; x_wconf 74' lang='lat' dir='ltr'>‘Ablankspsoe3</span> <span class='ocrx_word' id='word_1_319' title='bbox 487 4427 510 4476; x_wconf 82' lang='lat' dir='ltr'>le</span> <span class='ocrx_word' id='word_1_320' title='bbox 522 4427 661 4483; x_wconf 71' lang='lat' dir='ltr'>Fateatur,</span> <span class='ocrx_word' id='word_1_321' title='bbox 673 4427 704 4476; x_wconf 91' lang='lat' dir='ltr'>B.</span> <span class='ocrx_word' id='word_1_322' title='bbox 805 4425 953 4474; x_wconf 80' lang='lat' dir='ltr'>⁷Asswer.</span> 
     </span>
    </p>

    <p class='ocr_par' dir='ltr' id='par_1_10' title="bbox 224 4489 1215 4555">
     <span class='ocr_line' id='line_1_40' title="bbox 224 4489 1215 4555; baseline 0.003 -15"><span class='ocrx_word' id='word_1_323' title='bbox 224 4491 235 4524; x_wconf 73' lang='lat'>⁸</span> <span class='ocrx_word' id='word_1_324' title='bbox 251 4491 420 4554; x_wconf 75' lang='lat' dir='ltr'>Bonnington</span> <span class='ocrx_word' id='word_1_325' title='bbox 434 4490 488 4541; x_wconf 87' lang='lat' dir='ltr'>and</span> <span class='ocrx_word' id='word_1_326' title='bbox 504 4491 588 4542; x_wconf 84' lang='lat' dir='ltr'>Hurst</span> <span class='ocrx_word' id='word_1_327' title='bbox 601 4493 630 4541; x_wconf 89' lang='lat' dir='ltr'>in</span> <span class='ocrx_word' id='word_1_328' title='bbox 644 4491 722 4542; x_wconf 83' lang='lat' dir='ltr'>Rom·</span> <span class='ocrx_word' id='word_1_329' title='bbox 806 4491 817 4524; x_wconf 80' lang='lat'>⁸</span> <span class='ocrx_word' id='word_1_330' title='bbox 834 4489 997 4554; x_wconf 83' lang='lat' dir='ltr'>Arohbishop</span> <span class='ocrx_word' id='word_1_331' title='bbox 1009 4491 1037 4540; x_wconf 86' lang='lat' dir='ltr'>ol</span> <span class='ocrx_word' id='word_1_332' title='bbox 1047 4490 1215 4555; x_wconf 65' lang='lat' dir='ltr'>cenarum.</span> 
     </span>
    </p>
   </div>
   <div class='ocr_carea' id='block_1_4' title="bbox 0 0 1676 5217">
    <p class='ocr_par' dir='ltr' id='par_1_11' title="bbox 0 0 1676 5217">
     <span class='ocr_line' id='line_1_41' title="bbox 0 0 1676 5217; baseline 0 0"><span class='ocrx_word' id='word_1_333' title='bbox 0 0 1676 5217; x_wconf 95' lang='lat' dir='ltr'> </span> 
     </span>
    </p>
   </div>
  </div>
 </body>
</html>
