3342 5217
416 371 749 445 1110111111111111).
776 357 870 431 1231,
891 370 955 421 an
980 359 1115 422 15-1e
1261 364 1323 423 511

218 546 299 623 pert.
319 538 353 603 in
375 537 586 622 Wilingham,
606 546 641 603 et
663 558 776 603 uersus
797 536 1000 605 Willelmum
1024 537 1130 605 filium
1152 538 1273 626 Rogeri
1294 541 1327 627 ij,

217 664 279 707 ecr.
302 649 387 705 terre
409 662 484 705 cum
505 638 637 723 pertin
661 638 842 707 Karletona
863 648 898 707 et
915 638 941 723 j.
956 661 1019 708 aer.
1042 648 1129 707 terre
1148 663 1223 707 cum
1245 652 1326 728 pert.

217 745 250 811 in
272 743 277 831 1
296 744 454 809 Westona
474 749 510 807 et
532 764 646 811 uersus
664 741 867 808 Willelmum
889 742 995 812 filium
1010 743 1142 811 Ricardi
1161 744 1244 811 duas
1265 769 1327 811 aer.
1382 756 1448 806 [aa]

217 856 302 913 terre
321 870 395 913 cum
416 845 549 932 pertin
564 845 766 931 Wilingham
788 846 838 913 ita
859 847 946 931 quod
967 847 1107 932 predicti
1129 849 1328 916 Lanmncius

217 958 251 1015 at
271 950 329 1015 alii
349 956 551 1016 uocauerunt
573 948 616 1013 ed
637 957 818 1013 warantum
844 949 1027 1034 predictum
1052 952 1238 1019 Osbertnm.
1282 954 1327 1017 Et

217 1053 376 1119 Osbertus
398 1050 490 1117 uenit
513 1059 547 1117 et
570 1050 617 1115 eis
638 1053 827 1117 warentizat
849 1059 909 1119 etc.
954 1052 999 1119 Et
1020 1052 1187 1142 predictus
1201 1054 1327 1119 Willel·

216 1180 290 1223 mus
304 1156 390 1242 petit
406 1178 519 1223 uersus
533 1178 609 1223 eum
624 1162 728 1221 totam
749 1154 929 1245 predictam
952 1164 1073 1223 terram
1094 1180 1170 1223 cnm
1190 1167 1272 1243 pert.
1288 1168 1327 1223 ut

216 1259 268 1327 ius
283 1283 378 1327 suum
394 1268 429 1325 et
440 1260 475 1323 in
491 1280 572 1343 quaa
586 1280 651 1323 non
667 1257 767 1326 habet
781 1256 964 1344 ingressum
978 1258 1042 1326 nisi
1056 1282 1115 1344 per
1128 1260 1325 1327 Nicholaum

215 1374 343 1450 patrem
380 1362 496 1429 suum¹
534 1363 587 1432 cui
622 1364 722 1449 Hugo
758 1371 852 1449 pater
879 1362 979 1431 suus¹
1007 1363 1098 1429 illam
1127 1364 1254 1431 dimisit
1283 1366 1326 1431 ad

216 1466 392 1533 terminum
416 1466 474 1551 qui
494 1464 653 1551 preteriit,
669 1474 703 1529 et
719 1465 805 1531 unde
826 1464 914 1531 idem
930 1465 1114 1533 willelmus
1137 1467 1217 1532 dicit
1239 1470 1326 1553 qued

215 1570 329 1635 statim
344 1576 517 1655 postquam
534 1568 604 1633 Rex
620 1568 779 1637 Ricardua
794 1567 888 1633 uenit
903 1568 944 1633 de
958 1568 1175 1637 Alemanni&
1189 1572 1325 1637 tradidit

215 1674 284 1759 ipse
297 1674 397 1759 Hugo
411 1681 506 1759 pater
521 1694 599 1737 suus
614 1681 735 1737 terram
751 1672 841 1739 illam
853 1672 916 1759 ipsi
928 1672 1087 1740 Nicholae
1097 1674 1325 1740 adterminnm
1338 1695 1395 1735 roa
1402 1696 1458 1781 {¹:⁰⁶

215 1801 267 1845 xx.
282 1800 449 1853 annorum,
465 1785 500 1841 et
514 1776 591 1843 inde
606 1776 756 1861 producit
770 1784 893 1843 sectam
911 1784 962 1844 set
981 1786 1071 1844 secta
1091 1801 1155 1864 que
1177 1779 1324 1865 produci-
1336 1746 1489 1876 fficffiss

215 1890 271 1949 tur
291 1904 357 1949 non
379 1880 530 1951 interfuit
552 1877 724 1947 tradicioni
745 1901 805 1945 nec
827 1878 952 1964 aliquid
972 1880 1191 1947 testificantur
1205 1883 1269 1947 nisi
1283 1884 1323 1948 ds
1336 1883 1487 1968 ¹ffl¹3ffl

215 1985 341 2053 auditu.
387 1984 431 2053 Et
454 1983 612 2049 Osbertus
636 1982 728 2049 uenit
750 1990 785 2050 ct
806 1982 887 2050 dicit
907 1983 994 2068 quod
1008 1983 1085 2051 inde
1100 1986 1251 2051 feoffatus
1264 1994 1321 2053 est
1336 1940 1479 2063 ffifflffl

216 2090 294 2155 Post
310 2088 402 2157 uenit
417 2096 452 2155 et
466 2087 547 2153 dicit
562 2086 649 2172 quod
664 2094 757 2153 tenet
772 2094 892 2153 terram
912 2086 1003 2153 illam
1023 2087 1066 2153 ad
1087 2088 1213 2154 firmem
1236 2090 1323 2157 unde

215 2192 375 2259 terminus
403 2191 501 2257 durat
530 2190 636 2258 adhue
662 2212 713 2256 xx.
741 2210 843 2257 annos
868 2210 927 2273 per
951 2197 1074 2257 cartam
1101 2212 1196 2257 suam
1225 2216 1323 2279 quam

215 2298 336 2383 profert
351 2304 385 2361 et
400 2318 464 2381 que
479 2303 628 2362 testatur.

282 2401 325 2467 Et
334 2400 518 2467 Willelmus
532 2398 612 2465 dicit
628 2397 714 2483 quod
729 2404 915 2481 paterenus
929 2420 1097 2483 nunquam
1112 2400 1190 2465 fecit
1200 2410 1323 2467 cartam

214 2505 305 2571 illam
327 2512 378 2571 aet
399 2503 497 2567 aliam
520 2501 551 2567 ei
572 2500 650 2567 fecit
673 2499 713 2566 de
734 2508 821 2567 terra
838 2500 895 2565 illa
909 2501 951 2565 ad
966 2501 1092 2567 firmam
1107 2512 1142 2567 et
1155 2503 1198 2568 ad
1212 2505 1324 2569 termi-

215 2630 296 2676 num
322 2606 379 2693 qui
404 2604 554 2692 preteriit
580 2611 630 2671 set
659 2604 784 2672 nullam
813 2613 937 2671 cartam
965 2606 1109 2673 ostendit
1138 2630 1197 2673 nec
1225 2609 1323 2674 aliam

215 2712 345 2776 dedicit.
391 2710 434 2774 Et
449 2709 522 2774 ideo
538 2706 788 2774 consideratum
803 2708 956 2794 estquod
976 2709 1133 2775 Osbertus
1155 2712 1232 2776 inde
1253 2712 1323 2778 sine

214 2814 268 2883 die
283 2823 318 2881 et
333 2813 517 2879 Willelmus
532 2811 567 2891 in
581 2809 807 2877 misericordia.
939 2808 944 2815 “

156 2988 163 3001 ,
281 2920 427 3005 Rogems
443 2916 483 2981 de
498 2916 531 2981 la
544 2914 669 2981 Zusche
685 2914 771 3003 petit
791 2937 906 2981 uersus
922 2914 1132 2981 Petronillam
1146 2917 1187 2981 de
1203 2918 1322 3003 Wyne-

215 3025 313 3112 legha
342 3020 428 3108 quod
453 3018 552 3087 iaciat
581 3018 612 3083 ei
642 3019 893 3084 consuetudines
922 3026 956 3083 et
981 3028 1071 3083 recta
1098 3019 1235 3084 semicia
1258 3042 1323 3105 que

215 3129 248 3195 ei
273 3129 376 3193 faeere
401 3124 500 3193 debet
525 3124 566 3191 de
590 3124 692 3189 libere
716 3132 905 3189 tenemento
928 3123 1014 3209 qnod
1039 3123 1080 3187 de
1106 3146 1144 3187 eo
1170 3132 1262 3189 tenet
1287 3126 1322 3189 in

216 3232 437 3317 Grotingtuna
462 3236 497 3295 et
527 3226 613 3293 unde
643 3226 731 3293 idem
760 3226 907 3311 Rogems
935 3224 1021 3310 petit
1050 3226 1136 3311 quod
1165 3228 1263 3291 faciat
1291 3228 1323 3293 ei

214 3334 388 3403 senrieium
404 3338 519 3419 quarte
534 3330 637 3415 partis
652 3329 737 3397 feodi
754 3329 778 3413 j.
794 3327 959 3395 militiast
974 3328 1061 3393 unde
1076 3329 1224 3413 queritur
1237 3331 1323 3416 quud

214 3447 289 3526 post
318 3434 533 3505 obsessionem
562 3434 659 3501 castri
689 3433 729 3501 de
760 3431 972 3499 Bedefordia⁶
1001 3433 1164 3497 subtraxit
1192 3434 1264 3519 ipsa
1292 3436 1323 3500 ei

213 3541 397 3629 predictum
420 3537 594 3605 seruicium
616 3546 731 3621 quarte
753 3536 857 3621 partis
875 3536 899 3623 j.
914 3534 1030 3602 militis
1044 3534 1109 3601 scil.
1125 3536 1166 3601 de
1181 3537 1322 3625 Mungu-

213 3642 325 3728 mery⁶
354 3638 539 3724 scutagium
570 3650 685 3723 quarte
715 3636 817 3722 partis
848 3645 882 3701 et
912 3635 1097 3720 scutagium
1133 3638 1322 3705 Britannie⁷

214 3756 249 3812 et
271 3742 455 3829 scutagium
478 3740 518 3805 ds
542 3740 657 3807 Castro
680 3739 879 3808 Matillidis⁸.

280 3848 324 3913 Et
347 3843 524 3913 Petronilia
545 3842 637 3907 uenit
660 3850 694 3906 et
716 3842 864 3907 defendit
886 3842 955 3908 uim
975 3851 1010 3907 et
1025 3842 1178 3911 iniuriam
1193 3854 1227 3910 et
1241 3846 1323 3912 dicit
1373 3914 1377 3925 ,

247 3986 256 4019 ²
272 3983 370 4033 Father
381 3982 409 4031 of
418 3979 519 4029 Osbert.
824 3978 835 4011 ⁵
851 3978 985 4029 Rsbellion
1001 3980 1032 4029 of
1045 3980 1151 4033 Favkes
1168 3982 1197 4030 o!
1211 3982 1321 4035 Basante

246 4044 541 4099 ’ratherorwillism
793 4045 866 4094 1221.

246 4114 324 4163 Ι111.
339 4112 410 4163 1191.
824 4108 1211 4171 ο11111111111111111311011228.

247 4181 258 4213 ⁴
274 4178 339 4227 This
350 4177 372 4225 is
383 4174 502 4225 valnable
513 4188 543 4223 aa
554 4172 671 4235 showing
682 4172 740 4223 that
823 4172 834 4207 ⁷
851 4173 1010 4236 Expedition
1022 4175 1050 4223 ο1
1061 4176 1134 4223 1230.

213 4246 260 4297 the
271 4243 367 4294 saitem
378 4255 442 4291 were
453 4238 575 4301 expected
587 4242 613 4287 to
625 4238 743 4301 speaker
823 4238 939 4288 ³Oastle
960 4238 1040 4288 Maud
1060 4238 1197 4302 destroyed
1219 4242 1253 4304 by
1274 4242 1320 4293 tha

214 4312 280 4361 facts
289 4306 381 4357 within
390 4304 458 4354 their
466 4304 627 4365 knowledgs3
646 4303 740 4353 “hear-
791 4302 881 4353 Welsh
892 4318 945 4353 was
956 4304 1051 4353 rsbuilt
1061 4303 1090 4352 in
1103 4306 1174 4355 1231.

214 4390 261 4438 say
271 4374 294 4423 is
306 4376 353 4421 not
364 4368 510 4420 cadente?
