3342 5217
419 455 653 518 monianum,
676 455 743 506 an.
767 443 861 518 1229,
882 457 946 508 aa
971 445 1108 508 13—14.
1251 446 1316 512 292

209 628 250 694 de
270 627 467 695 Pandemore
488 630 522 694 in
543 629 681 695 liberum
701 630 911 718 maritagium
933 631 1069 718 Hugoni
1082 629 1124 696 de
1146 631 1317 697 Morewico

209 755 289 830 oum·
307 732 379 818 ipsa
399 732 499 798 Alina
519 741 554 798 et
576 732 662 819 quod
684 733 764 799 uilla
785 731 824 798 de
848 733 1046 798 Pendemore
1067 734 1195 798 nullum
1217 734 1316 800 debet

209 837 401 901 forinsecum
416 846 451 902 et
465 837 553 923 quod
565 857 733 923 nunquam
749 837 841 902 dedit
855 837 1048 902 forinsecum
1062 836 1156 922 ponit
1169 859 1204 901 ee
1218 859 1317 923 super

207 939 356 1026 patriam
401 939 445 1004 Et
474 947 670 1028 cognoscunt
694 939 780 1026 quod
804 940 955 1005 omnibus
980 939 1076 1004 terris
1099 947 1134 1005 et
1159 940 1225 1004 ten’
1251 963 1316 1026 que

207 1040 272 1127 ipai
294 1041 439 1129 Rogerua
461 1050 496 1106 et
517 1041 617 1106 Alina
637 1042 677 1107 de
700 1064 739 1107 eo
768 1049 883 1106 tenent
905 1041 1028 1107 debent
1052 1040 1095 1106 ad
1123 1050 1253 1107 acutum
1281 1041 1314 1127 ij.

207 1165 303 1208 mam
318 1167 367 1210 xv.
383 1145 436 1209 eoi
453 1144 544 1210 etad
559 1145 632 1230 plus
647 1145 727 1231 plus,
742 1143 834 1209 etad
849 1143 959 1210 minua
972 1145 1089 1210 minua

273 1249 317 1313 Et
334 1271 435 1335 quum
458 1248 615 1324 Rioardue
635 1271 694 1336 per
714 1257 916 1314 attornatnm
938 1271 1034 1314 auum
1055 1250 1208 1336 oognouit
1229 1249 1317 1336 quod

205 1351 315 1416 dietus
329 1351 486 1418 Ricardua
502 1375 561 1418 neo
576 1361 670 1438 pater
687 1375 764 1418 suus
783 1351 915 1438 aliquod
929 1352 1123 1420 forinsecum
1142 1353 1315 1422 seruitium

206 1464 364 1543 oeperunt
385 1477 540 1542 umquam
566 1457 607 1521 de
631 1457 711 1521 uilla
734 1455 774 1522 de
801 1457 1000 1522 Pendemore
1026 1465 1062 1523 et
1087 1466 1231 1544 tempore
1260 1459 1316 1524 aui

206 1559 258 1624 aui
280 1560 372 1624 nulla
391 1560 471 1624 uilla
492 1560 539 1624 ibi
561 1560 625 1624 fuit
646 1583 711 1646 quo
733 1561 925 1626 forinsecum
946 1561 1061 1626 datum
1082 1561 1146 1626 fuit
1166 1571 1206 1626 ut
1227 1560 1315 1626 idem

206 1661 365 1728 Rioardus
385 1662 478 1740 dixit,
494 1663 741 1729 Consideratum
763 1673 814 1728 est
833 1663 920 1754 quod
941 1664 1050 1730 dictus
1068 1664 1225 1730 Rioandua
1242 1667 1314 1732 nul·

205 1765 275 1831 lum
290 1766 482 1831 forinsecum
496 1765 573 1830 inde
589 1766 717 1853 exigere
732 1775 891 1852 potestat
911 1766 984 1832 ideo
998 1768 1145 1854 Rogerua
1166 1776 1202 1832 et
1215 1768 1316 1834 Alina

204 1869 281 1936 inde
297 1869 366 1936 aine
381 1870 435 1935 die
449 1879 485 1935 et
500 1870 658 1935 Rioardus
673 1871 708 1935 in
722 1870 948 1938 misericordia

143 2025 151 2040 .
270 1972 382 2038 Abbas
402 1973 442 2038 de
464 1971 549 2037 Hal¹
566 1971 651 2058 petit
670 1994 784 2038 uersus
799 1973 994 2060 Margeriam
1015 1974 1056 2040 de
1072 1974 1213 2061 Ripariis
1227 1976 1314 2062 quod

204 2077 352 2163 aquietet
375 2099 450 2142 eum
473 2077 513 2142 de
536 2077 681 2142 seruioiia
703 2086 738 2142 et
759 2077 1049 2142 consuetudinibus
1070 2100 1134 2164 que
1159 2079 1314 2166 capitales

204 2179 329 2244 domini
343 2179 479 2267 exigunt
493 2179 535 2244 ab
554 2202 593 2244 eo
614 2180 655 2245 de
676 2187 865 2246 tenemento
879 2179 966 2266 quod
987 2180 1075 2246 idern
1089 2181 1201 2247 Abbao
1220 2190 1315 2248 tenet

204 2282 246 2347 de
275 2282 389 2348 eadem
419 2282 581 2370 Margania
609 2283 644 2347 in
674 2282 882 2348 Horeburnia
908 2292 943 2348 et
973 2283 1196 2362 Smethewioo‚
1225 2285 1313 2350 unde

203 2384 292 2450 idem
304 2386 415 2451 Abbas
429 2385 577 2472 queritur
591 2385 677 2472 quod
692 2385 877 2452 Alexander
891 2385 1069 2472 Episcopus
1084 2387 1314 2454 Couentrenaia

203 2488 371 2576 distringit
407 2489 511 2575 ipsam
541 2489 736 2576 Margariam
765 2473 824 2575 per
852 2497 1079 2554 tenementum
1109 2489 1196 2575 quod
1225 2489 1313 2556 idem

202 2593 317 2658 Abbaa
353 2603 445 2658 tenet
474 2593 514 2658 de
535 2587 585 2660 'e'a
613 2593 656 2658 ad
686 2593 847 2659 faciendas
875 2602 981 2658 sectas
1015 2601 1051 2658 et
1078 2593 1121 2659 ad
1150 2595 1315 2662 reddenda

203 2695 352 2781 aoutagia
364 2718 423 2783 per
437 2696 523 2782 quod
538 2696 751 2762 deterioratae
766 2683 816 2762 est
831 2703 866 2760 et
881 2695 1059 2782 dampnum
1073 2696 1174 2762 habet
1188 2706 1249 2763 eta

271 2799 315 2864 Et
345 2799 506 2886 Margaria
534 2822 593 2886 per
621 2808 824 2866 attornatum
853 2823 949 2866 auum
979 2801 1073 2866 uenit
1102 2810 1138 2867 et
1167 2802 1313 2869 defendit

205 2902 352 2988 predicta
380 2903 521 2990 dampna
546 2912 581 2970 et
603 2904 683 2970 dioit
705 2904 791 2991 quod
813 2927 879 2970 non
901 2914 994 2972 tenet
1016 2906 1146 2971 feodum
1167 2906 1250 2971 illud
1270 2907 1312 2972 de

206 3006 364 3093 Episcopo
387 3007 601 3074 Oouentrensi
623 3019 674 3074 set
700 3019 793 3077 tenet
819 3011 948 3076 feodum
974 3011 1057 3077 illud
1081 3011 1122 3076 de
1148 3013 1314 3078 Willelmo

205 3109 409 3197 Lungespeia
447 3119 482 3176 et
511 3111 634 3176 Idonea
669 3135 767 3179 uxore
797 3113 869 3178 eius
897 3122 932 3178 et
961 3113 1037 3178 iude
1066 3123 1163 3178 uocat
1187 3137 1243 3180 eos
1269 3115 1313 3180 ad

206 3222 386 3278 warantum
408 3215 485 3301 quia
506 3214 581 3279 iude
605 3209 770 3280 fecerunt²
791 3215 979 3303 homagium
1002 3224 1061 3280 eto.
1085 3215 1207 3281 eisdem
1229 3216 1324 3280 wit·

205 3315 303 3382 lelmo
324 3325 360 3382 et
385 3317 514 3396 Idonee,
536 3317 656 3383 habeat
677 3339 732 3382 eos
753 3325 813 3384 eta
836 3328 871 3383 et
893 3319 974 3384 eum'
998 3318 1087 3384 Com'
1110 3319 1223 3384 Berok.
1268 3319 1312 3384 Et

204 3419 396 3486 mandatum
420 3429 470 3486 est
498 3420 683 3486 uioecomiti
713 3420 886 3486 Staffordie
915 3419 1002 3507 quod
1030 3419 1163 3484 interim
1191 3420 1311 3486 habere

205 3524 305 3589 faciat
327 3524 451 3590 Abbati
476 3524 552 3590 inda
577 3547 691 3611 paoem
703 3563 707 3572 «
721 3546 887 3610 quousque
909 3524 1030 3589 sciatur
1051 3523 1125 3610 quis
1145 3524 1312 3610 aquietara

203 3625 323 3692 debeat
337 3634 397 3691 eto

138 3810 147 3824 ·
270 3729 331 3794 Ela
368 3729 541 3796 Comitiaea
576 3729 744 3795 Smiebirie
782 3751 841 3814 per
869 3737 1071 3793 attornatum
1100 3750 1196 3793 suum
1225 3728 1311 3814 petit
1353 3757 1436 3799 nona

204 3855 317 3898 uersus
342 3833 543 3899 Willelmum
566 3835 720 3898 Briwerre
743 3856 842 3918 quem
864 3833 1021 3898 Oabertus
1043 3833 1168 3899 Giffard
1189 3842 1224 3897 et
1245 3834 1311 3899 Re-

203 3937 355 4028 ginaldua
384 3935 424 4002 de
454 3937 555 4002 Moun
579 3946 696 4002 uocant
718 3935 760 4001 ad
782 3946 963 4001 warantum
985 3945 1020 4002 et
1041 3937 1099 4023 qui
1120 3938 1168 4003 eis
1190 3960 1310 4003 waren-

203 4041 321 4106 tizauit
350 4039 406 4124 iiij.
432 4063 534 4106 carue
565 4049 650 4106 terre
680 4040 715 4105 in
744 4040 990 4106 Winterburnia
1019 4040 1146 4107 Feroles
1174 4051 1311 4129 excepta

203 4143 416 4210 aduooacione
435 4143 441 4232 Ι
461 4144 605 4210 eiusdem
640 4145 718 4209 uille
756 4154 795 4209 ut
829 4144 881 4208 iue
914 4166 1011 4210 auum
1047 4145 1082 4210 in
1111 4169 1209 4232 quam
1244 4170 1310 4213 non
1362 4170 1429 4220 [aa]

203 4247 305 4314 habet
326 4247 506 4334 ingressum
532 4246 595 4312 nisi
616 4269 675 4334 per
696 4246 898 4312 Willelmum
921 4248 1083 4313 Brewene
1104 4249 1158 4314 oui
1184 4249 1310 4315 Willel·

236 4413 245 4445 ¹
264 4413 435 4463 Halafflweu
448 4413 476 4463 in
489 4413 652 4480 Shmpehire.
679 4415 731 4466 Mo·
816 4417 826 4448 ²
844 4415 916 4468 corr.
924 4418 997 4479 fecit.

203 4483 273 4529 nant.
285 4478 337 4529 rol.
350 4479 373 4540 6,
388 4492 413 4543 p.
427 4482 482 4532 226.
