3342 5217
378 425 445 490 300
590 436 912 497 urentissimus.
938 422 1030 498 1229,
1052 437 1115 486 aa
1141 424 1277 487 13-11

377 635 449 678 mus
485 611 679 699 Lungespey
708 609 815 674 uirum
846 607 966 674 suum¹
996 609 1050 674 cui
1079 609 1151 696 ipsa
1178 610 1395 676 contradicere
1424 634 1491 676 non

376 715 493 802 potuit.
1341 773 1347 784 .

383 837 386 842 '
443 821 487 884 Et
501 819 686 884 Willelmus
700 819 864 883 Brewerre
887 817 980 882 uenit
1001 825 1036 883 et
1056 817 1203 883 defendit
1222 817 1274 883 ius
1289 841 1385 883 suum
1400 841 1488 884 nunc

377 932 412 990 et
432 925 512 988 alias
532 932 591 988 etc.
608 931 642 988 et
663 923 762 987 talem
785 923 966 1009 ingressum
989 931 1024 987 et
1046 945 1161 987 uerum
1183 923 1257 987 uult
1279 923 1384 989 dicere
1399 924 1487 1010 qnod

378 1026 509 1114 quidam
542 1025 642 1112 Hugo
672 1024 712 1088 de
743 1024 871 1088 Fercles
900 1025 1009 1088 tenuit
1038 1032 1157 1088 terram
1186 1024 1276 1089 illam
1305 1034 1344 1089 ut
1373 1025 1424 1090 ius
1452 1034 1489 1091 61

378 1131 594 1196 hereditatem
620 1152 712 1194 suam
735 1129 775 1194 de
798 1129 963 1193 Willelmo
985 1129 1112 1194 Pateria
1135 1129 1264 1195 Comite
1285 1139 1486 1195 antecessore

378 1231 479 1320 ipsius
510 1231 701 1298 0616111666ς
730 1231 779 1295 ita
808 1230 894 1316 quod
923 1229 1057 1316 quidam
1086 1230 1244 1295 Ricardus
1275 1230 1407 1295 Musard
1435 1230 1486 1295 in·

379 1333 549 1421 placitauit
572 1356 646 1398 eum
670 1332 710 1398 de
733 1333 846 1398 eadem
870 1344 956 1397 terra
976 1333 1025 1397 ita
1046 1333 1133 1419 quod
1153 1333 1230 1398 inde
1253 1333 1399 1398 duellum
1422 1333 1488 1398 fuit

379 1438 551 1503 uadiatum
575 1447 609 1502 et
631 1460 818 1524 percussum
849 1437 937 1524 apud
964 1437 1195 1524 Syrehurniam
1224 1446 1259 1502 et
1280 1437 1349 1502 sine
1371 1438 1489 1502 clamio

379 1542 466 1628 quod
484 1542 602 1628 aliquis
624 1542 699 1606 inde
721 1542 923 1628 apposuisset
944 1541 1099 1606 remansit
1121 1541 1152 1606 ei
1177 1541 1324 1627 predicta
1343 1549 1488 1606 tenuat

378 1646 454 1711 inde
484 1647 565 1712 obiit
589 1647 718 1712 seisitus
740 1657 778 1711 ut
802 1645 843 1711 de
866 1647 958 1711 feodo
980 1655 1014 1710 et
1036 1645 1115 1724 iure,
1137 1654 1210 1732 post
1232 1645 1324 1709 cuius
1345 1653 1485 1710 mortem

378 1751 504 1816 seisiuit
524 1751 689 1838 predictus
702 1751 887 1816 Willclmus
902 1751 1019 1817 Comes
1041 1758 1160 1814 terram
1182 1750 1272 1814 illam
1294 1749 1329 1813 in
1350 1771 1485 1814 manum

378 1877 469 1919 suam
496 1878 662 1942 quousque
684 1855 821 1921 sciretur
842 1855 915 1941 quis
936 1863 1022 1920 esset
1043 1863 1151 1919 rectus
1173 1854 1274 1930 heres,
1295 1861 1331 1917 et
1352 1853 1486 1918 tandem

378 1962 470 2026 uenit
492 1961 526 2026 in
549 1961 671 2048 Anglia
691 1959 823 2047 quidam
847 1960 947 2046 Hugo
969 1959 1009 2023 de
1032 1959 1191 2022 Lumbres
1211 1980 1311 2043 nepos
1333 1966 1368 2021 et
1393 1957 1486 2022 heres
1541 2013 1545 2017 .

378 2065 515 2152 predicti
532 2064 682 2152 Hugonis
696 2072 732 2128 61
746 2063 867 2150 optulit
884 2062 1029 2148 predicto
1045 2061 1166 2127 Comiti
1187 2061 1374 2148 homagium
1388 2083 1484 2126 suum

378 2168 419 2233 de
433 2167 578 2254 predicta
593 2175 679 2231 tenu
694 2173 729 2230 et
742 2165 778 2230 in
799 2173 929 2229 tantum
950 2164 1077 2228 locutus
1092 2163 1156 2228 fuit
1174 2186 1250 2228 cum
1270 2163 1383 2228 eodem
1398 2163 1485 2249 quod

325 2349 327 2352 Ι
378 2272 564 2359 homagium
587 2293 682 2335 suum
705 2270 780 2334 inde
803 2269 891 2355 cepit
912 2277 947 2334 61
968 2269 1004 2332 16
1025 2267 1176 2332 seisinam
1199 2290 1276 2332 eum
1297 2267 1406 2354 posuit
1427 2269 1485 2354 qui

378 2384 548 2462 postquam
564 2373 714 2438 saisinam
729 2371 806 2436 inde
820 2371 937 2436 habuit
951 2379 1071 2435 terram
1085 2370 1176 2434 illam
1196 2369 1345 2434 uendidit
1360 2369 1484 2435 Willcl·

378 2501 431 2542 mo
446 2477 600 2541 Briwerrc
623 2474 709 2560 patri
730 2473 825 2538 istius
840 2473 997 2538 Willelmi
1019 2496 1077 2559 per
1094 2481 1215 2538 cartam
1236 2495 1329 2537 suam
1350 2481 1386 2537 61
1407 2472 1483 2538 inde

377 2581 494 2648 habuit
508 2581 595 2646 idem
611 2581 794 2646 Willelmus
815 2580 1093 2645 confirmacionem
1107 2579 1189 2644 dicti
1202 2578 1361 2644 Willelmi
1376 2579 1483 2645 Comi·

377 2687 421 2752 tis
436 2710 493 2772 pro
509 2695 639 2751 centum
661 2708 754 2750 marc.
771 2707 852 2772 quas
874 2684 965 2750 dedit
982 2684 1127 2770 predicto
1143 2683 1273 2760 Comiti,
1287 2693 1322 2748 et
1336 2684 1429 2770 ponit
1448 2707 1483 2750 se

378 2792 412 2856 in
431 2814 583 2878 magnam
603 2790 735 2855 assisam
750 2791 844 2855 Dom.
860 2790 961 2877 Regis
980 2798 1014 2853 et
1036 2789 1122 2875 petit
1143 2788 1397 2876 recogniciouem
1411 2790 1483 2856 fieri

378 2901 488 2958 utrum
509 2891 578 2978 ipsc
600 2891 705 2956 maius
727 2891 778 2955 ius
799 2891 920 2956 habeat
941 2890 1075 2954 tenendi
1096 2899 1216 2954 terram
1237 2890 1326 2954 illam
1349 2889 1390 2956 de
1411 2913 1483 2978 pre-
1536 2935 1541 2947 ι

377 2996 466 3062 dieta
482 2995 654 3062 Comitissa
668 3018 726 3082 per
740 2995 861 3059 donum
877 2993 958 3058 illud
972 3017 1015 3058 an
1029 2994 1142 3059 eadem
1155 2993 1328 3060 Comitissa
1342 2995 1484 3060 habendi

377 3124 449 3166 eam
471 3100 506 3165 in
528 3099 696 3178 dominico,
711 3108 746 3164 et
768 3099 862 3164 offert
884 3099 978 3164 Dom.
997 3098 1081 3185 Regi
1101 3121 1130 3162 v.
1144 3120 1239 3162 marc.
1255 3120 1312 3184 pro
1333 3097 1485 3164 habenda

377 3226 496 3290 magna
509 3203 617 3268 assisa.

443 3307 486 3370 Et
508 3305 680 3371 Comitissa
701 3327 759 3391 per
779 3313 983 3369 attornatum
1004 3327 1101 3369 suum
1122 3304 1217 3369 uenit
1238 3313 1274 3370 et
1295 3304 1483 3392 dicitquod

377 3411 417 3476 de
438 3409 555 3474 saisina
574 3409 725 3497 Hugonis
745 3408 785 3474 (16
808 3409 936 3474 Fercles
957 3409 1057 3474 nichil
1079 3409 1141 3473 scit
1161 3419 1213 3474 661
1230 3408 1310 3475 dicit
1329 3411 1416 3496 quod
1430 3411 1481 3477 W.

377 3514 493 3580 Comes
507 3524 601 3600 pater
614 3536 692 3578 suus
712 3513 793 3578 obiit
813 3512 889 3577 inda
910 3513 1040 3578 saisitus
1062 3521 1101 3577 ut
1123 3511 1164 3577 (16
1186 3513 1278 3578 feodo
1300 3522 1334 3578 et
1355 3513 1426 3580 iure
1445 3525 1483 3582 61

376 3618 447 3704 ipsa
474 3627 547 3703 post
576 3641 652 3683 cum
682 3617 746 3682 fuit
774 3618 810 3682 in
839 3617 957 3682 seisina
982 3627 1021 3682 ut
1049 3618 1118 3682 filia
1147 3627 1181 3683 et
1217 3618 1310 3683 heres
1338 3641 1417 3685 suus
1445 3629 1482 3685 61

376 3722 559 3786 Willelmus
571 3721 781 3808 Lungespeye
793 3721 846 3785 uir
856 3744 933 3786 suus
945 3722 1007 3786 fuit
1016 3722 1092 3786 inde
1104 3723 1233 3787 scisitus
1247 3745 1413 3809 quousque
1425 3724 1484 3790 illa
1539 3796 1543 3803 ,

376 3825 481 3890 eidem
496 3825 661 3889 Willelmo
679 3824 803 3888 dimisit
824 3825 877 3889 cui
897 3834 966 3902 etc,
982 3834 1016 3890 61
1036 3827 1130 3890 offert
1145 3827 1238 3892 Dom.
1254 3827 1337 3914 Regi
1352 3828 1376 3912 j.
1392 3829 1482 3914 palc-

376 3929 495 3994 hidum
513 3951 570 4015 pro
591 3928 741 3994 habenda
761 3926 838 3991 inde
852 3927 1072 4013 inquisicione,
1087 3937 1122 3992 et
1136 3930 1219 3993 bene
1234 3928 1380 3993 defendit
1394 3931 1481 4015 quod

375 4031 539 4118 predictus
554 4033 654 4119 Hugo
668 4032 709 4096 de
724 4031 882 4096 Lumbres
896 4055 1063 4119 nunquam
1077 4033 1154 4098 inde
1168 4032 1318 4098 saisinam
1333 4033 1457 4098 habuit.

443 4135 487 4199 Et
508 4135 692 4199 Willelmus
713 4133 869 4199 Briweue
891 4135 971 4200 dicit
993 4135 1080 4222 quod
1101 4136 1264 4221 predictus
1289 4136 1339 4201 W.
1363 4135 1481 4202 Comes

412 4326 496 4384 11116ς
513 4331 702 4380 6616611666
719 4329 791 4377 ittam
808 4329 904 4378 dimisit
955 4329 1038 4379 swerd
1049 4343 1103 4379 was
1117 4329 1162 4379 the
1176 4328 1210 4378 da
1244 4327 1303 4377 hter
1319 4327 1348 4377 cf
1362 4327 1479 4378 william

380 4409 409 4443 or
421 4391 465 4442 tha
477 4392 535 4441 like.
814 4411 817 4416 ·
954 4395 1017 4444 Eat]
1028 4396 1057 4444 61
1067 4393 1233 4456 Salisburyw
1252 4391 1386 4444 ouasthe
1393 4395 1482 4444 aanor

412 4456 809 4509 ’ThisIllauidowulll'illiam
817 4459 901 4520 Leng·
953 4460 1122 4511 EarlPstric.
1456 4491 1459 4495 ·
