3342 5217
379 434 418 495 lo
551 426 681 495 nissen
705 446 776 495 nun
800 446 951 507 ramum,
975 444 1038 494 aa.
1066 432 1159 503 1219,
1184 442 1247 492 aa.
1270 430 1298 493 3.

376 629 454 684 ante
475 628 597 685 cartam
618 620 778 686 Johannis
797 621 897 707 Regis
919 621 966 685 eis
986 622 1113 696 factam,
1128 620 1241 685 dicunt
1256 618 1341 705 quod
1356 640 1420 682 non
1435 625 1486 681 set

377 745 435 808 per
449 732 571 787 cartam
586 723 675 787 illam
691 746 754 809 que
770 724 816 787 eis
832 726 918 787 facta
932 724 996 788 fuit
1006 723 1111 809 primo
1121 744 1206 786 anno
1218 721 1317 808 Regis
1327 720 1487 785 Johannis

377 832 432 889 xv⁰
453 826 506 891 die
529 826 642 892 Marcii
665 828 797 892 fuerunt
823 827 886 912 ipsi
908 851 1036 913 sempor
1060 837 1173 913 postea
1198 826 1302 913 quieti
1327 826 1403 891 inde
1430 848 1488 911 per

378 936 481 993 totam
497 929 660 1016 Angliam.
705 929 796 993 Idem
813 929 927 994 dicunt
941 930 1127 1017 burgenses.

444 1032 487 1097 Et
509 1033 580 1097 uisa
602 1034 664 1097 fuit
687 1042 777 1098 carta
802 1034 1012 1121 burgensium
1036 1034 1076 1098 de
1100 1033 1322 1119 Scandeburgo
1344 1039 1379 1096 et
1401 1032 1488 1097 facta

378 1136 441 1200 fuit
456 1135 569 1200 eodem
584 1158 669 1201 anno
684 1136 776 1223 regni
792 1137 891 1223 Regis
906 1138 929 1201 J
930 1136 1065 1200 ohannis
1080 1136 1193 1200 eodem
1208 1135 1269 1199 dio.
1290 1135 1295 1221 Ι

314 1294 320 1309 ,
443 1238 600 1303 Ricardus
630 1240 714 1303 Noel
744 1240 829 1324 petit
860 1261 972 1303 uersus
997 1238 1215 1325 Reginaldum
1245 1237 1285 1301 de
1312 1236 1489 1302 Cornhulla

276 1330 313 1369 '⁰¹¹
378 1350 503 1427 septem
526 1341 659 1407 libratas
681 1351 765 1407 terre
789 1366 863 1406 cum
886 1342 1094 1428 pertinenciis
1115 1342 1151 1406 in
1177 1341 1367 1405 Dauintona
1393 1350 1427 1405 et
1453 1341 1488 1405 in

379 1448 567 1535 Hokeringe
584 1456 622 1512 ut
636 1448 687 1512 ius
702 1471 797 1533 suum
813 1457 873 1513 etc.
890 1458 924 1513 et
940 1456 978 1512 ut
993 1448 1065 1512 illas
1079 1448 1166 1513 unde
1186 1446 1255 1533 ipse
1276 1447 1339 1512 suit
1359 1446 1489 1512 seisitus

380 1558 418 1613 ut
441 1549 480 1613 de
502 1549 593 1614 feodo
616 1559 650 1614 et
673 1551 751 1615 iure*
766 1559 911 1635 tempore
934 1551 1034 1637 Regis
1055 1550 1214 1614 Johannis
1235 1549 1392 1634 capiendo
1413 1549 1489 1614 inde

380 1651 511 1737 expleta
532 1660 591 1717 etc.
615 1662 650 1717 et
680 1652 741 1731 hoc
762 1642 856 1717 offert
886 1654 1020 1737 probare
1042 1651 1169 1717 uersus¹
1191 1652 1276 1716 sicut
1301 1652 1390 1716 curia
1414 1674 1489 1717 con-

379 1754 576 1820 siderauerit.
829 1752 832 1761 ’

445 1861 489 1924 Et
511 1860 711 1946 Reginaldus
733 1862 826 1926 uenit
848 1869 882 1925 et
902 1860 1048 1925 defendit
1067 1860 1119 1923 ius
1139 1882 1235 1924 suum
1250 1867 1285 1923 et
1299 1858 1392 1944 ponit
1406 1880 1440 1923 se
1455 1858 1491 1922 in

380 1986 531 2052 magnam
558 1964 690 2029 assisam
714 1964 838 2029 domini
860 1965 960 2050 Regis
982 1972 1016 2029 et
1038 1964 1123 2049 petit
1144 1963 1398 2050 recognicioncm
1420 1962 1491 2027 fieri

380 2068 452 2153 quis
467 2090 577 2131 eorum
592 2066 697 2131 maius
711 2066 763 2131 ius
777 2067 897 2131 habeat
913 2066 947 2130 in
962 2074 1081 2131 terram
1097 2066 1195 2131 illam.

446 2167 490 2233 Et
512 2168 669 2233 Ricardus
690 2168 770 2233 dicit
792 2169 879 2254 quod
898 2191 1016 2253 magna
1034 2167 1134 2231 assisa
1153 2190 1217 2231 non
1232 2166 1316 2232 iacet
1332 2165 1408 2254 quia
1421 2166 1491 2252 ipse

381 2273 489 2338 tenuit
519 2281 637 2337 terrem
666 2272 755 2337 illam
782 2282 820 2337 ut
846 2273 897 2337 ius
921 2295 1016 2336 suum
1043 2280 1077 2335 et
1103 2279 1141 2336 ut
1166 2271 1256 2335 illam
1280 2293 1343 2357 que
1367 2271 1398 2335 ei
1421 2270 1493 2335 iure

381 2376 576 2441 sesanam
602 2374 768 2439 deosum
793 2374 833 2439 de
858 2375 943 2439 noe
966 2375 1064 2439 fratre
1086 2397 1144 2438 suo
1166 2375 1219 2439 cui
1240 2376 1312 2439 aex
1334 2356 1496 2442 nimau&

382 2480 471 2545 illam
486 2479 577 2544 dedit
591 2502 650 2566 per
671 2488 793 2544 certam
809 2502 907 2565 quam
928 2480 1057 2564 profert.
1103 2478 1252 2564 Contigit
1273 2488 1385 2543 autem
1407 2480 1500 2565 quod

382 2583 505 2668 placuit
535 2582 663 2648 domino
690 2582 774 2669 Regi
799 2582 944 2646 «Iohanni
970 2582 1056 2668 quod
1084 2582 1178 2646 illum
1208 2582 1285 2646 fecit
1314 2605 1428 2668 capere
1458 2594 1498 2649 et

382 2684 595 2770 inprisonare²
609 2684 658 2748 ita
672 2686 757 2770 quod
772 2685 806 2748 in
822 2685 951 2770 prisona
964 2684 1063 2749 finem
1078 2684 1155 2748 fecit
1170 2707 1245 2748 cum
1260 2684 1390 2749 domino
1401 2687 1495 2773 Rege

382 2810 440 2873 pro
455 2810 583 2873 corpore
604 2811 662 2853 suo
681 2788 868 2852 redimendo
888 2810 945 2873 pro
966 2788 985 2852 l.
1006 2788 1122 2851 marcis
1143 2787 1192 2852 ita
1211 2788 1297 2873 quod
1314 2811 1374 2873 per
1394 2788 1496 2855 finem

383 2892 476 2955 illurn
501 2892 605 2956 exiuit
631 2891 671 2955 de
698 2891 826 2977 prisona
850 2899 884 2955 et
908 2890 1057 2955 dominas
1080 2892 1151 2955 Rex
1175 2891 1252 2955 fecit
1276 2914 1351 2956 eum
1375 2892 1497 2960 habere

385 2994 484 3057 talem
502 2994 653 3057 seisinam
674 2994 802 3079 qualem
822 2992 939 3057 habuit
959 2993 1011 3057 die
1032 3015 1096 3078 quo
1117 3002 1231 3078 captus
1253 2993 1316 3057 fuit
1339 2994 1386 3057 ita
1408 2996 1499 3079 quod

384 3103 463 3161 tunc
488 3095 617 3159 seisitus
644 3095 706 3159 fuit
730 3096 770 3159 de
793 3095 939 3179 predicta
960 3103 1047 3159 terra
1068 3102 1102 3159 et
1124 3094 1165 3159 de
1187 3094 1251 3159 fine
1273 3117 1330 3159 suo
1352 3095 1499 3162 reddidit

384 3198 514 3263 domino
538 3200 621 3286 Regi
645 3198 807 3285 quandam
831 3207 958 3284 partem
984 3198 1106 3262 scilicet
1132 3197 1219 3283 xviij.
1244 3220 1366 3262 marcas
1391 3206 1426 3263 et
1453 3202 1499 3267 xl.

386 3302 531 3367 denarios
554 3311 588 3367 et
610 3304 687 3389 quia
708 3326 771 3367 non
795 3303 903 3387 potuit
925 3303 1089 3368 residuum
1113 3303 1246 3367 reddere
1272 3302 1314 3367 ed
1339 3304 1501 3373 terminos

285 3401 288 3417 ¹
386 3428 459 3470 suos
474 3408 567 3470 uenit
587 3407 751 3492 predictus
771 3406 971 3493 Reginaldus
991 3416 1084 3492 pater
1103 3406 1204 3492 ipsius
1219 3406 1391 3493 Roginnldi
1405 3416 1442 3472 et
1459 3420 1502 3475 ut

387 3508 564 3574 uicecomes
582 3510 757 3574 disseisiuit
780 3532 855 3573 eum
878 3508 918 3573 de
941 3509 1087 3594 predicta
1108 3518 1195 3572 terra
1216 3530 1273 3594 pro
1295 3508 1360 3572 fine
1382 3508 1438 3573 illo
1465 3522 1503 3579 et

386 3614 472 3697 quod
496 3614 555 3678 tali
581 3614 743 3679 occasione
767 3614 947 3678 disseisitus
971 3613 1034 3677 fuit
1060 3636 1118 3699 per
1142 3612 1250 3698 ipsum
1276 3613 1504 3699 Reginaldum

386 3726 512 3803 patrem
528 3727 562 3783 et
577 3740 641 3782 non
656 3718 720 3783 alia
735 3718 898 3782 occasione
914 3718 1006 3803 ponit
1021 3740 1055 3782 se
1071 3740 1168 3802 super
1185 3718 1324 3781 iuratam
1340 3718 1449 3802 patrie
1466 3732 1504 3788 et

386 3821 585 3909 Reginaldus
600 3820 772 3887 similitor⁸.

280 3940 330 4003 18,
453 3923 595 3989 Cristina
624 3924 664 3988 de
695 3924 814 3989 Sancto
845 3923 940 3989 Claro
968 3922 1055 4007 petit
1084 3944 1197 3986 uersus
1224 3922 1428 3987 Gilebertnm
1456 3927 1501 3993 de

271 4023 326 4064 Μ
387 4028 507 4093 Sancto
534 4028 628 4093 Claro
653 4026 787 4091 terciam
814 4035 941 4111 partem
962 4025 986 4111 j.
1010 4033 1158 4089 oarucate
1185 4034 1269 4088 terre
1296 4046 1370 4088 cum
1395 4030 1502 4109 perti.

386 4131 508 4196 nenciis
523 4131 557 4194 in
574 4131 691 4196 Stanes
711 4151 808 4215 quam
829 4129 948 4193 clamat
969 4136 1007 4191 at
1026 4126 1253 4191 racionabilem
1273 4126 1382 4191 dotem
1403 4150 1502 4198 suam

418 4324 617 4388 ¹Supplyeum.
965 4320 1413 4385 pleadsspeoiallyandthepartiea
1424 4338 1460 4386 go
1473 4331 1503 4379 to

418 4389 429 4421 ¹
447 4390 488 4439 Sia
965 4403 982 4437 a
993 4387 1053 4449 jury
1063 4402 1098 4435 on
1109 4402 1144 4437 an
1156 4386 1225 4437 issue
1237 4386 1265 4437 ot
1275 4386 1336 4437 fact.

418 4456 428 4485 ³
445 4454 477 4504 In
488 4426 504 4504 i
516 4453 573 4503 urit
584 4454 612 4503 of
621 4450 690 4513 right
701 4451 745 4502 the
756 4450 916 4502 demandent
