3342 5217
372 368 438 430 388
674 377 818 436 munus,
840 375 905 424 no.
930 361 1025 436 1231,
1046 376 1110 424 nu
1135 364 1185 424 15.

375 551 420 614 Et
435 551 565 614 Hamon
580 546 738 612 similiter.
782 545 862 609 Post
881 545 975 609 uenit
992 555 1027 609 et
1048 545 1172 610 dedicit
1193 569 1305 611 omnes
1325 555 1431 610 curtas
1446 555 1481 608 et

375 653 488 740 sigilla.

442 755 485 820 Et
509 753 587 840 quis
607 752 774 818 Jobonnes
796 760 847 817 est
868 752 904 816 in
925 751 1045 816 seisins
1064 753 1106 818 de
1127 753 1274 839 predicto
1294 751 1424 817 redditu
1447 761 1484 816 et

375 859 539 946 predictus
564 858 728 922 Robertus
752 856 793 921 de
824 856 1013 920 Glotinham
1037 858 1201 943 cognoscit
1228 857 1316 942 quod
1344 856 1422 920 facit
1450 855 1484 919 ei

374 962 556 1039 seminium,
567 971 602 1027 et
615 984 711 1025 nemo
721 959 893 1045 inplacitst
904 958 1012 1044 ipsum
1023 959 1047 1022 J
1047 959 1218 1038 ohannem,
1228 960 1302 1024 ideo
1312 969 1484 1024 remaneat

374 1066 540 1131 Johonnes
564 1065 599 1129 in
620 1064 738 1129 seisins
755 1085 821 1148 qua
842 1083 929 1126 nunc
950 1069 1002 1125 est
1023 1069 1058 1125 et
1080 1062 1211 1126 Hamon
1232 1063 1399 1148 perquiret
1419 1059 1484 1125 sibi

375 1191 488 1233 uersus
502 1191 577 1232 eum
594 1189 651 1253 per
665 1166 770 1252 legem
786 1175 872 1230 terre
886 1165 915 1228 si
928 1163 1079 1228 uoluerit.

255 1289 328 1351 496,
441 1273 602 1337 Robertus
617 1269 842 1358 nggehestr’
862 1269 1062 1334 attachintus
1081 1269 1145 1333 suit
1164 1269 1206 1333 sd
1222 1268 1482 1356 respondendum

229 1385 353 1428 mm
377 1376 548 1441 Wakelino
562 1375 629 1439 filio
645 1374 805 1460 Funulphi
819 1397 920 1459 quare
934 1396 1000 1437 non
1021 1381 1114 1437 tenet
1132 1372 1165 1436 ei
1184 1373 1284 1436 finem
1302 1374 1425 1436 factum
1447 1372 1484 1436 in

376 1481 466 1546 curia
494 1481 587 1546 Dom.
618 1479 718 1566 Regis
743 1480 773 1543 J.
800 1479 903 1564 patris
932 1477 1026 1542 Dom
1057 1478 1157 1564 Regis
1185 1478 1273 1541 inter
1301 1477 1485 1562 predictum

377 1584 556 1648 Robertum
578 1590 746 1668 petentem
768 1588 803 1644 et
825 1578 1013 1644 Alienorum
1036 1589 1174 1642 matrem
1196 1579 1299 1664 ipsius
1319 1578 1485 1642 Wakelini

377 1687 469 1752 cuius
494 1685 587 1750 heres
611 1685 680 1770 ipse
706 1691 756 1748 est
781 1691 949 1748 tenentem
975 1683 1016 1747 de
1045 1683 1156 1747 dimid
1183 1683 1265 1770 uirg.
1294 1693 1377 1746 tene
1407 1706 1484 1747 curn

376 1796 457 1874 pert.
488 1787 522 1852 in
546 1787 720 1851 Andeuere
750 1785 838 1851 unde
861 1785 1096 1872 cyrographum
1125 1795 1187 1851 etc
1216 1795 1251 1850 et
1280 1786 1365 1850 unde
1394 1785 1484 1850 idem

377 1892 569 1958 Wekelinus
584 1891 731 1976 queritur
745 1890 832 1975 quod
846 1900 921 1976 post
940 1899 1079 1955 mortem
1093 1891 1229 1956 Emuldi
1243 1891 1410 1978 patrissui
1424 1892 1485 1977 qui

377 1997 556 2082 predictam
570 1994 757 2060 Alienoram
773 1995 889 2059 habuit
904 1995 939 2058 in
953 2019 1086 2060 uxorem
1102 1996 1194 2060 uenit
1213 1996 1301 2076 idem
1320 1995 1487 2060 Robertus

377 2120 453 2162 cum
481 2097 517 2162 ui
545 2120 604 2162 sus
632 2105 667 2161 et
692 2096 826 2161 intrusit
850 2119 886 2160 se
910 2096 945 2159 in
971 2106 1090 2161 tenum
1117 2097 1207 2161 illam
1232 2108 1267 2161 et
1288 2097 1385 2162 blada
1405 2097 1485 2161 inde

378 2201 558 2286 asportsuit
572 2201 614 2266 nd
629 2201 808 2266 unlenciam
824 2224 854 2265 rc
874 2223 969 2266 marc
991 2209 1104 2266 oontm
1122 2202 1221 2266 finem
1241 2202 1334 2266 illum
1357 2200 1487 2266 desicut

379 2315 466 2370 term
488 2305 545 2370 illa
567 2328 732 2370 remanere
757 2305 874 2370 debuit
899 2304 1004 2369 eidem
1036 2305 1177 2370 Emnldo
1203 2314 1238 2370 et
1267 2305 1419 2369 Alienore
1450 2314 1487 2368 et

379 2407 552 2472 heredibus
566 2408 667 2493 ipsius
681 2407 833 2472 Alienore
848 2429 906 2492 per
920 2407 1019 2471 finem
1040 2406 1143 2484 illum,
1162 2417 1197 2472 et
1218 2407 1305 2492 quod
1324 2406 1373 2471 its
1390 2407 1487 2471 uenit

380 2521 491 2577 contra
508 2513 606 2577 finem
627 2513 720 2576 illum
740 2512 955 2577 deterioratus
975 2520 1025 2576 est
1045 2519 1080 2576 et
1102 2512 1279 2598 dampnum
1301 2512 1402 2577 habet
1422 2521 1486 2576 etc

379 2623 414 2678 et
429 2613 504 2678 inde
519 2614 667 2700 producit
681 2623 810 2678 sectam.

445 2717 489 2782 Et
503 2719 665 2784 Robertus
680 2719 772 2784 uenit
787 2727 821 2782 et
835 2720 919 2784 bene
931 2718 1093 2805 cognoscit
1103 2719 1201 2784 finem
1213 2727 1248 2784 et
1258 2719 1485 2805 cimgmphum

379 2830 429 2888 set
444 2822 580 2888 credidit
595 2823 681 2908 quod
697 2824 854 2888 termille
871 2823 934 2888 fuit
954 2823 1005 2887 ius
1024 2832 1059 2887 et
1079 2823 1242 2888 hereditas
1261 2847 1321 2888 suo
1342 2833 1377 2888 et
1396 2823 1486 2910 quod

380 2927 462 2992 bene
492 2949 525 2991 se
557 2927 666 3012 potuit
695 2949 812 3012 ponere
843 2926 878 2991 in
907 2935 1026 2990 terram
1056 2927 1146 2991 illam
1171 2935 1206 2991 et
1229 2928 1290 2991 hoc
1319 2926 1396 2990 fecit
1425 2949 1486 3011 per

379 3031 548 3096 consilium
574 3040 609 3095 et
631 3031 789 3095 auxilium
811 3031 1020 3097 uicecomitis.
1063 3031 1109 3094 Et
1132 3031 1205 3096 ideo
1235 3030 1484 3097 Consideratum

378 3143 430 3200 est
452 3135 537 3220 quod
559 3134 750 3200 Wakelinus
772 3135 977 3221 recuperauit
1006 3135 1158 3199 seisincm
1183 3157 1276 3200 suom
1300 3158 1359 3222 per
1384 3135 1485 3200 finem

380 3237 474 3303 illum
489 3247 523 3302 et
539 3237 700 3302 Robertus
715 3238 940 3304 custodiatur&

445 3343 611 3408 Johsunes
640 3340 681 3404 dc
710 3340 916 3407 Littelebin'o,
943 3365 1001 3428 per
1029 3351 1230 3407 ottomatum
1260 3341 1346 3428 petit
1370 3364 1487 3406 uersus

299 3477 330 3506 cc
381 3446 551 3512 Warinum
565 3445 606 3509 de
617 3443 787 3509 Litlebiris
796 3446 882 3530 quod
893 3447 991 3511 faciat
1002 3447 1033 3511 ei
1042 3447 1179 3512 semicia
1190 3456 1225 3511 et
1236 3446 1488 3512 consuetudines

381 3571 461 3635 quas
476 3547 506 3613 ei
522 3549 624 3612 facere
640 3547 739 3611 debet
753 3547 793 3612 de
808 3547 911 3612 libero
926 3559 1113 3614 tenemento
1133 3551 1219 3636 quod
1234 3550 1274 3615 de
1289 3573 1328 3615 eo
1342 3559 1437 3614 tenet
1451 3550 1486 3614 in

382 3651 565 3719 Oesterford
580 3660 615 3715 et
629 3650 716 3716 unde
731 3650 819 3716 idem
833 3653 857 3717 J
858 3652 1000 3718 ohannes
1014 3653 1163 3739 queritur
1181 3654 1267 3739 quod
1290 3675 1364 3716 cum
1385 3652 1427 3717 de
1448 3677 1488 3718 eo

382 3765 492 3821 tenere
507 3755 625 3820 debeat
640 3754 680 3819 xl.
697 3777 758 3820 aer.
774 3763 859 3820 terre
875 3755 910 3819 in
921 3757 1119 3821 escambium
1128 3756 1297 3821 cuiusdam
1308 3756 1489 3821 molendini

382 3869 416 3924 et
427 3859 450 3942 j.
467 3859 546 3944 uirg.
564 3865 598 3923 et
614 3859 654 3943 xj.
671 3881 732 3924 cor.
749 3867 834 3924 terre
850 3883 924 3924 cum
938 3869 1020 3946 pert.
1034 3862 1069 3925 in
1091 3861 1306 3927 Cesterfordia
1320 3883 1383 3946 que
1398 3860 1488 3926 idem

382 3963 548 4028 Johannes
571 3962 601 4026 ei
617 3963 840 4027 warentizcuit
860 3973 894 4028 et
914 3986 977 4050 que
998 3965 1132 4043 amisit¹,
1151 3975 1187 4031 et
1210 3964 1251 4031 de
1269 3964 1426 4051 predictis
1444 3966 1488 4030 xl.

382 4088 442 4130 eor.
464 4065 495 4128 ei
514 4065 646 4130 reddero
665 4065 798 4131 deberet
818 4089 877 4152 per
898 4090 1020 4132 annum
1042 4067 1100 4154 iiij.
1120 4067 1318 4133 mercidem
1333 4067 1491 4134 Wnrinus

415 4207 425 4239 ¹
442 4207 645 4271 Imprisonmcnt
664 4209 704 4259 ior
726 4209 820 4260 brooch
843 4211 872 4261 ot
891 4227 908 4262 s
959 4227 1023 4261 were
1040 4211 1174 4261 recovered
1190 4210 1295 4272 against
1311 4225 1344 4259 ns
1362 4212 1399 4274 by
1415 4227 1492 4262 some

384 4275 443 4324 flue.
960 4277 1032 4326 third
1047 4292 1149 4338 person.
1182 4277 1215 4324 In
1232 4275 1363 4334 exchangc
1388 4277 1403 4324 Ι
1425 4293 1494 4340 gere

416 4337 536 4388 ²John's
563 4354 621 4389 csse
648 4338 672 4388 is
680 4339 734 4389 :-1
762 4341 909 4391 worrsuted
960 4343 1028 4403 forty
1036 4342 1156 4391 ncresfor
1164 4341 1249 4390 which
1259 4356 1310 4403 you
1322 4355 1387 4390 were
1399 4346 1427 4390 to
1439 4358 1494 4406 puy

383 4403 811 4466 younvirgstenndclevenccres
824 4407 909 4455 which
960 4411 1026 4455 rent.
1060 4407 1117 4456 You
1128 4405 1195 4456 hnve
1204 4410 1251 4454 not
1260 4405 1321 4468 psid
1334 4405 1378 4454 the
1388 4419 1459 4457 rent.
