<?xml version="1.0" encoding="UTF-8"?>
<!DOCTYPE html PUBLIC "-//W3C//DTD XHTML 1.0 Transitional//EN"
    "http://www.w3.org/TR/xhtml1/DTD/xhtml1-transitional.dtd">
<html xmlns="http://www.w3.org/1999/xhtml" xml:lang="en" lang="en">
 <head>
  <title>
</title>
<meta http-equiv="Content-Type" content="text/html;charset=utf-8" />
  <meta name='ocr-system' content='tesseract 3.04.00' />
  <meta name='ocr-capabilities' content='ocr_page ocr_carea ocr_par ocr_line ocrx_word'/>
</head>
<body>
  <div class='ocr_page' id='page_1' title='image "bractonsnoteboo01maitgoog_0711.png"; bbox 0 0 3342 5217; ppageno 0'>
   <div class='ocr_carea' id='block_1_1' title="bbox 404 386 1414 489">
    <p class='ocr_par' dir='ltr' id='par_1_1' title="bbox 404 386 1414 489">
     <span class='ocr_line' id='line_1_1' title="bbox 404 386 1414 489; baseline 0.017 -38"><span class='ocrx_word' id='word_1_1' title='bbox 404 400 638 463; x_wconf 71' lang='lat' dir='ltr'><strong>monimum,</strong></span> <span class='ocrx_word' id='word_1_2' title='bbox 659 400 724 451; x_wconf 70' lang='lat' dir='ltr'><strong>no.</strong></span> <span class='ocrx_word' id='word_1_3' title='bbox 748 386 842 463; x_wconf 75' lang='lat'>1224,</span> <span class='ocrx_word' id='word_1_4' title='bbox 864 402 929 451; x_wconf 71' lang='lat' dir='ltr'><strong>nn</strong></span> <span class='ocrx_word' id='word_1_5' title='bbox 948 390 1044 453; x_wconf 77' lang='lat'><strong>8-9.</strong></span> <span class='ocrx_word' id='word_1_6' title='bbox 1212 386 1279 465; x_wconf 75' lang='lat'><strong>⁷0⁷5</strong></span> <span class='ocrx_word' id='word_1_7' title='bbox 1412 484 1414 489; x_wconf 23' lang='grc' dir='ltr'>Ι</span> 
     </span>
    </p>
   </div>
   <div class='ocr_carea' id='block_1_2' title="bbox 130 570 1280 1260">
    <p class='ocr_par' dir='ltr' id='par_1_2' title="bbox 130 570 1280 1260">
     <span class='ocr_line' id='line_1_2' title="bbox 170 570 1279 664; baseline 0.002 -27"><span class='ocrx_word' id='word_1_8' title='bbox 170 572 288 653; x_wconf 79' lang='lat' dir='ltr'><strong>lelmue</strong></span> <span class='ocrx_word' id='word_1_9' title='bbox 310 572 345 637; x_wconf 90' lang='lat' dir='ltr'><strong>in</strong></span> <span class='ocrx_word' id='word_1_10' title='bbox 367 570 537 664; x_wconf 71' lang='lat' dir='ltr'><strong>dominico,</strong></span> <span class='ocrx_word' id='word_1_11' title='bbox 559 570 644 637; x_wconf 79' lang='lat' dir='ltr'><strong>etsi</strong></span> <span class='ocrx_word' id='word_1_12' title='bbox 668 571 769 637; x_wconf 72' lang='lat' dir='ltr'><strong>amiso</strong></span> <span class='ocrx_word' id='word_1_13' title='bbox 792 592 859 639; x_wconf 90' lang='lat' dir='ltr'><strong>non</strong></span> <span class='ocrx_word' id='word_1_14' title='bbox 884 572 983 639; x_wconf 85' lang='lat' dir='ltr'><strong>ieoot¹</strong></span> <span class='ocrx_word' id='word_1_15' title='bbox 1008 572 1101 660; x_wconf 87' lang='lat' dir='ltr'><strong>ponit</strong></span> <span class='ocrx_word' id='word_1_16' title='bbox 1124 596 1158 641; x_wconf 83' lang='lat' dir='ltr'><strong>eo</strong></span> <span class='ocrx_word' id='word_1_17' title='bbox 1181 594 1279 662; x_wconf 78' lang='lat' dir='ltr'><strong>super</strong></span> 
     </span>
     <span class='ocr_line' id='line_1_3' title="bbox 169 674 1279 764; baseline 0.003 -22"><span class='ocrx_word' id='word_1_18' title='bbox 169 677 311 743; x_wconf 76' lang='lat' dir='ltr'><strong>iuratum</strong></span> <span class='ocrx_word' id='word_1_19' title='bbox 325 676 431 763; x_wconf 79' lang='lat' dir='ltr'><strong>patrie</strong></span> <span class='ocrx_word' id='word_1_20' title='bbox 444 674 533 763; x_wconf 91' lang='lat' dir='ltr'><strong>quod</strong></span> <span class='ocrx_word' id='word_1_21' title='bbox 546 697 714 762; x_wconf 72' lang='lat' dir='ltr'><strong>uunquam</strong></span> <span class='ocrx_word' id='word_1_22' title='bbox 728 674 909 764; x_wconf 81' lang='lat' dir='ltr'><strong>ingressum</strong></span> <span class='ocrx_word' id='word_1_23' title='bbox 925 674 1042 742; x_wconf 76' lang='lat' dir='ltr'><strong>habuit</strong></span> <span class='ocrx_word' id='word_1_24' title='bbox 1057 699 1116 763; x_wconf 84' lang='lat' dir='ltr'><strong>per</strong></span> <span class='ocrx_word' id='word_1_25' title='bbox 1129 678 1279 756; x_wconf 77' lang='lat' dir='ltr'><strong>Aliciem,</strong></span> 
     </span>
     <span class='ocr_line' id='line_1_4' title="bbox 168 777 1279 845; baseline 0.001 0"><span class='ocrx_word' id='word_1_26' title='bbox 168 787 220 845; x_wconf 77' lang='lat' dir='ltr'><strong>eet</strong></span> <span class='ocrx_word' id='word_1_27' title='bbox 238 800 353 844; x_wconf 77' lang='lat' dir='ltr'><strong>reuera</strong></span> <span class='ocrx_word' id='word_1_28' title='bbox 370 784 574 843; x_wconf 76' lang='lat' dir='ltr'><strong>attornctum</strong></span> <span class='ocrx_word' id='word_1_29' title='bbox 594 777 659 843; x_wconf 84' lang='lat' dir='ltr'><strong>fuit</strong></span> <span class='ocrx_word' id='word_1_30' title='bbox 677 778 851 843; x_wconf 74' lang='lat' dir='ltr'><strong>ceruicium</strong></span> <span class='ocrx_word' id='word_1_31' title='bbox 871 800 966 845; x_wconf 82' lang='lat' dir='ltr'><strong>suum</strong></span> <span class='ocrx_word' id='word_1_32' title='bbox 989 778 1095 845; x_wconf 87' lang='lat' dir='ltr'><strong>eidem</strong></span> <span class='ocrx_word' id='word_1_33' title='bbox 1117 779 1221 845; x_wconf 80' lang='lat' dir='ltr'><strong>Alicie</strong></span> <span class='ocrx_word' id='word_1_34' title='bbox 1243 781 1279 845; x_wconf 89' lang='lat' dir='ltr'><strong>in</strong></span> 
     </span>
     <span class='ocr_line' id='line_1_5' title="bbox 168 880 1278 968; baseline 0 -19"><span class='ocrx_word' id='word_1_35' title='bbox 168 882 287 949; x_wconf 90' lang='lat' dir='ltr'><strong>dotem.</strong></span> <span class='ocrx_word' id='word_1_36' title='bbox 331 881 376 947; x_wconf 87' lang='lat' dir='ltr'><strong>Et</strong></span> <span class='ocrx_word' id='word_1_37' title='bbox 391 880 469 967; x_wconf 81' lang='lat' dir='ltr'><strong>quie</strong></span> <span class='ocrx_word' id='word_1_38' title='bbox 482 880 627 947; x_wconf 87' lang='lat' dir='ltr'><strong>nescitur</strong></span> <span class='ocrx_word' id='word_1_39' title='bbox 639 881 721 968; x_wconf 88' lang='lat' dir='ltr'><strong>quid</strong></span> <span class='ocrx_word' id='word_1_40' title='bbox 739 881 898 949; x_wconf 75' lang='lat' dir='ltr'><strong>Ricardus</strong></span> <span class='ocrx_word' id='word_1_41' title='bbox 920 882 961 949; x_wconf 86' lang='lat' dir='ltr'><strong>de</strong></span> <span class='ocrx_word' id='word_1_42' title='bbox 981 883 1165 951; x_wconf 81' lang='lat' dir='ltr'><strong>Pekintone</strong></span> <span class='ocrx_word' id='word_1_43' title='bbox 1186 885 1278 951; x_wconf 91' lang='lat' dir='ltr'><strong>uolu-</strong></span> 
     </span>
     <span class='ocr_line' id='line_1_6' title="bbox 168 983 1280 1072; baseline 0.003 -19"><span class='ocrx_word' id='word_1_44' title='bbox 168 987 232 1053; x_wconf 87' lang='lat' dir='ltr'><strong>erit</strong></span> <span class='ocrx_word' id='word_1_45' title='bbox 254 983 446 1071; x_wconf 76' lang='lat' dir='ltr'><strong>respondere</strong></span> <span class='ocrx_word' id='word_1_46' title='bbox 467 983 603 1071; x_wconf 89' lang='lat' dir='ltr'><strong>ponitur</strong></span> <span class='ocrx_word' id='word_1_47' title='bbox 621 983 781 1051; x_wconf 88' lang='lat' dir='ltr'><strong>iudicium</strong></span> <span class='ocrx_word' id='word_1_48' title='bbox 803 985 840 1051; x_wconf 91' lang='lat' dir='ltr'><strong>in</strong></span> <span class='ocrx_word' id='word_1_49' title='bbox 859 994 1010 1072; x_wconf 82' lang='lat' dir='ltr'><strong>respectu</strong></span> <span class='ocrx_word' id='word_1_50' title='bbox 1034 987 1076 1053; x_wconf 89' lang='lat' dir='ltr'><strong>de</strong></span> <span class='ocrx_word' id='word_1_51' title='bbox 1099 988 1280 1055; x_wconf 69' lang='lat' dir='ltr'><strong>maisnillo</strong></span> 
     </span>
     <span class='ocr_line' id='line_1_7' title="bbox 130 1087 1279 1177; baseline 0.004 -22"><span class='ocrx_word' id='word_1_52' title='bbox 130 1175 132 1177; x_wconf 6' lang='lat' dir='ltr'>v</span> <span class='ocrx_word' id='word_1_53' title='bbox 167 1112 271 1177; x_wconf 78' lang='lat' dir='ltr'><strong>usque</strong></span> <span class='ocrx_word' id='word_1_54' title='bbox 294 1087 452 1156; x_wconf 76' lang='lat' dir='ltr'><strong>Riocrdus</strong></span> <span class='ocrx_word' id='word_1_55' title='bbox 474 1088 735 1155; x_wconf 77' lang='lat' dir='ltr'><strong>warentizouerit</strong></span> <span class='ocrx_word' id='word_1_56' title='bbox 753 1096 814 1155; x_wconf 79' lang='lat' dir='ltr'><strong>etc.</strong></span> <span class='ocrx_word' id='word_1_57' title='bbox 861 1089 906 1155; x_wconf 87' lang='lat' dir='ltr'><strong>Et</strong></span> <span class='ocrx_word' id='word_1_58' title='bbox 924 1090 1022 1157; x_wconf 77' lang='lat' dir='ltr'><strong>datus</strong></span> <span class='ocrx_word' id='word_1_59' title='bbox 1041 1098 1092 1157; x_wconf 82' lang='lat' dir='ltr'><strong>est</strong></span> <span class='ocrx_word' id='word_1_60' title='bbox 1111 1090 1182 1159; x_wconf 77' lang='lat' dir='ltr'><strong>dies</strong></span> <span class='ocrx_word' id='word_1_61' title='bbox 1203 1092 1279 1159; x_wconf 74' lang='lat' dir='ltr'><strong>teliu</strong></span> 
     </span>
     <span class='ocr_line' id='line_1_8' title="bbox 167 1192 994 1260; baseline 0 -1"><span class='ocrx_word' id='word_1_62' title='bbox 167 1202 228 1259; x_wconf 85' lang='lat' dir='ltr'><strong>etc</strong></span> <span class='ocrx_word' id='word_1_63' title='bbox 243 1201 279 1259; x_wconf 89' lang='lat' dir='ltr'><strong>et</strong></span> <span class='ocrx_word' id='word_1_64' title='bbox 295 1202 374 1259; x_wconf 88' lang='lat' dir='ltr'><strong>tunc</strong></span> <span class='ocrx_word' id='word_1_65' title='bbox 388 1193 508 1258; x_wconf 78' lang='lat' dir='ltr'><strong>hebeat</strong></span> <span class='ocrx_word' id='word_1_66' title='bbox 522 1192 680 1258; x_wconf 82' lang='lat' dir='ltr'><strong>Ricordue</strong></span> <span class='ocrx_word' id='word_1_67' title='bbox 694 1202 876 1259; x_wconf 74' lang='lat' dir='ltr'><strong>warantum</strong></span> <span class='ocrx_word' id='word_1_68' title='bbox 891 1216 994 1260; x_wconf 82' lang='lat' dir='ltr'><strong>suum.</strong></span> 
     </span>
    </p>
   </div>
   <div class='ocr_carea' id='block_1_3' title="bbox 110 1296 1401 1385">
    <p class='ocr_par' dir='ltr' id='par_1_3' title="bbox 110 1296 1401 1385">
     <span class='ocr_line' id='line_1_9' title="bbox 110 1296 1401 1385; baseline 0.002 -21"><span class='ocrx_word' id='word_1_69' title='bbox 110 1360 117 1374; x_wconf 83' lang='lat'><strong>,</strong></span> <span class='ocrx_word' id='word_1_70' title='bbox 232 1296 440 1384; x_wconf 73' lang='lat' dir='ltr'><strong>&#39;Cupitulum</strong></span> <span class='ocrx_word' id='word_1_71' title='bbox 468 1296 593 1362; x_wconf 85' lang='lat' dir='ltr'><strong>Exonie</strong></span> <span class='ocrx_word' id='word_1_72' title='bbox 617 1296 837 1362; x_wconf 82' lang='lat' dir='ltr'><strong>attechietum</strong></span> <span class='ocrx_word' id='word_1_73' title='bbox 863 1296 996 1363; x_wconf 75' lang='lat' dir='ltr'><strong>suited</strong></span> <span class='ocrx_word' id='word_1_74' title='bbox 1018 1298 1278 1385; x_wconf 82' lang='lat' dir='ltr'><strong>respondendum</strong></span> <span class='ocrx_word' id='word_1_75' title='bbox 1332 1366 1334 1371; x_wconf 82' lang='grc'>,</span> <span class='ocrx_word' id='word_1_76' title='bbox 1365 1321 1401 1365; x_wconf 68' lang='grc' dir='ltr'><strong>οι·</strong></span> 
     </span>
    </p>
   </div>
   <div class='ocr_carea' id='block_1_4' title="bbox 110 1397 1280 2627">
    <p class='ocr_par' dir='ltr' id='par_1_4' title="bbox 110 1397 1280 2627">
     <span class='ocr_line' id='line_1_10' title="bbox 168 1397 1279 1489; baseline 0.004 -24"><span class='ocrx_word' id='word_1_77' title='bbox 168 1397 329 1487; x_wconf 77' lang='lat' dir='ltr'><strong>liutgario</strong></span> <span class='ocrx_word' id='word_1_78' title='bbox 355 1398 451 1463; x_wconf 89' lang='lat' dir='ltr'><strong>Belet</strong></span> <span class='ocrx_word' id='word_1_79' title='bbox 475 1406 512 1465; x_wconf 84' lang='lat' dir='ltr'><strong>et</strong></span> <span class='ocrx_word' id='word_1_80' title='bbox 540 1398 684 1464; x_wconf 85' lang='lat' dir='ltr'><strong>Roberto</strong></span> <span class='ocrx_word' id='word_1_81' title='bbox 712 1399 753 1464; x_wconf 86' lang='lat' dir='ltr'><strong>de</strong></span> <span class='ocrx_word' id='word_1_82' title='bbox 779 1399 963 1487; x_wconf 83' lang='lat' dir='ltr'><strong>Gosethorp</strong></span> <span class='ocrx_word' id='word_1_83' title='bbox 987 1401 1154 1487; x_wconf 77' lang='lat' dir='ltr'><strong>capellano</strong></span> <span class='ocrx_word' id='word_1_84' title='bbox 1179 1418 1279 1489; x_wconf 75' lang='lat' dir='ltr'><strong>quaro</strong></span> 
     </span>
     <span class='ocr_line' id='line_1_11' title="bbox 167 1492 1279 1590; baseline 0.002 -21"><span class='ocrx_word' id='word_1_85' title='bbox 167 1512 280 1569; x_wconf 84' lang='lat' dir='ltr'><strong>contre</strong></span> <span class='ocrx_word' id='word_1_86' title='bbox 292 1502 545 1590; x_wconf 83' lang='lat' dir='ltr'><strong>prohibicionem</strong></span> <span class='ocrx_word' id='word_1_87' title='bbox 560 1510 709 1567; x_wconf 83' lang='lat' dir='ltr'><strong>secutum</strong></span> <span class='ocrx_word' id='word_1_88' title='bbox 724 1509 776 1567; x_wconf 84' lang='lat' dir='ltr'><strong>eet</strong></span> <span class='ocrx_word' id='word_1_89' title='bbox 789 1492 948 1589; x_wconf 70' lang='lat' dir='ltr'><strong>placitum</strong></span> <span class='ocrx_word' id='word_1_90' title='bbox 963 1502 999 1567; x_wconf 91' lang='lat' dir='ltr'><strong>in</strong></span> <span class='ocrx_word' id='word_1_91' title='bbox 1013 1504 1105 1569; x_wconf 81' lang='lat' dir='ltr'><strong>curie</strong></span> <span class='ocrx_word' id='word_1_92' title='bbox 1118 1505 1279 1573; x_wconf 73' lang='lat' dir='ltr'><strong>cristiani·</strong></span> 
     </span>
     <span class='ocr_line' id='line_1_12' title="bbox 167 1603 1278 1697; baseline 0 -24"><span class='ocrx_word' id='word_1_93' title='bbox 167 1607 247 1675; x_wconf 78' lang='lat' dir='ltr'><strong>tatis</strong></span> <span class='ocrx_word' id='word_1_94' title='bbox 265 1606 307 1673; x_wconf 92' lang='lat' dir='ltr'><strong>de</strong></span> <span class='ocrx_word' id='word_1_95' title='bbox 326 1605 539 1672; x_wconf 83' lang='lat' dir='ltr'><strong>oduocecione</strong></span> <span class='ocrx_word' id='word_1_96' title='bbox 558 1604 681 1691; x_wconf 78' lang='lat' dir='ltr'><strong>capelle</strong></span> <span class='ocrx_word' id='word_1_97' title='bbox 700 1603 743 1669; x_wconf 85' lang='lat' dir='ltr'><strong>de</strong></span> <span class='ocrx_word' id='word_1_98' title='bbox 757 1603 1012 1697; x_wconf 62' lang='lat' dir='ltr'><strong>Itewes&#39;contre</strong></span> <span class='ocrx_word' id='word_1_99' title='bbox 1025 1606 1278 1693; x_wconf 82' lang='lat' dir='ltr'><strong>prohibicionem</strong></span> 
     </span>
     <span class='ocr_line' id='line_1_13' title="bbox 167 1708 1280 1797; baseline -0.002 -19"><span class='ocrx_word' id='word_1_100' title='bbox 167 1719 239 1789; x_wconf 84' lang='lat' dir='ltr'><strong>etc,</strong></span> <span class='ocrx_word' id='word_1_101' title='bbox 261 1710 348 1776; x_wconf 87' lang='lat' dir='ltr'><strong>unde</strong></span> <span class='ocrx_word' id='word_1_102' title='bbox 370 1709 434 1796; x_wconf 80' lang='lat' dir='ltr'><strong>ipsi</strong></span> <span class='ocrx_word' id='word_1_103' title='bbox 457 1708 621 1796; x_wconf 73' lang='lat' dir='ltr'><strong>Margario</strong></span> <span class='ocrx_word' id='word_1_104' title='bbox 645 1715 680 1774; x_wconf 86' lang='lat' dir='ltr'><strong>et</strong></span> <span class='ocrx_word' id='word_1_105' title='bbox 703 1708 866 1775; x_wconf 83' lang='lat' dir='ltr'><strong>Robertus</strong></span> <span class='ocrx_word' id='word_1_106' title='bbox 890 1718 1073 1796; x_wconf 90' lang='lat' dir='ltr'><strong>queruntur</strong></span> <span class='ocrx_word' id='word_1_107' title='bbox 1095 1710 1182 1797; x_wconf 92' lang='lat' dir='ltr'><strong>quod</strong></span> <span class='ocrx_word' id='word_1_108' title='bbox 1205 1720 1280 1797; x_wconf 83' lang='lat' dir='ltr'><strong>post</strong></span> 
     </span>
     <span class='ocr_line' id='line_1_14' title="bbox 166 1812 1280 1901; baseline 0.001 -21"><span class='ocrx_word' id='word_1_109' title='bbox 166 1814 421 1901; x_wconf 81' lang='lat' dir='ltr'><strong>prohibicionem</strong></span> <span class='ocrx_word' id='word_1_110' title='bbox 443 1822 479 1879; x_wconf 87' lang='lat' dir='ltr'><strong>et</strong></span> <span class='ocrx_word' id='word_1_111' title='bbox 500 1820 574 1901; x_wconf 82' lang='lat' dir='ltr'><strong>poet</strong></span> <span class='ocrx_word' id='word_1_112' title='bbox 595 1812 890 1879; x_wconf 78' lang='lat' dir='ltr'><strong>attechiomentum</strong></span> <span class='ocrx_word' id='word_1_113' title='bbox 910 1814 1014 1879; x_wconf 84' lang='lat' dir='ltr'><strong>secuti</strong></span> <span class='ocrx_word' id='word_1_114' title='bbox 1034 1822 1113 1883; x_wconf 80' lang='lat' dir='ltr'><strong>sunt</strong></span> <span class='ocrx_word' id='word_1_115' title='bbox 1134 1815 1280 1881; x_wconf 80' lang='lat' dir='ltr'><strong>canonici</strong></span> 
     </span>
     <span class='ocr_line' id='line_1_15' title="bbox 167 1912 1279 2004; baseline 0 -21"><span class='ocrx_word' id='word_1_116' title='bbox 167 1916 251 1984; x_wconf 91' lang='lat' dir='ltr'><strong>illud</strong></span> <span class='ocrx_word' id='word_1_117' title='bbox 263 1915 422 2004; x_wconf 78' lang='lat' dir='ltr'><strong>placitum</strong></span> <span class='ocrx_word' id='word_1_118' title='bbox 436 1936 495 2000; x_wconf 88' lang='lat' dir='ltr'><strong>per</strong></span> <span class='ocrx_word' id='word_1_119' title='bbox 509 1913 597 2000; x_wconf 92' lang='lat' dir='ltr'><strong>quod</strong></span> <span class='ocrx_word' id='word_1_120' title='bbox 610 1912 800 1980; x_wconf 78' lang='lat' dir='ltr'><strong>deteriorati</strong></span> <span class='ocrx_word' id='word_1_121' title='bbox 814 1922 893 1980; x_wconf 81' lang='lat' dir='ltr'><strong>eunt</strong></span> <span class='ocrx_word' id='word_1_122' title='bbox 908 1923 942 1981; x_wconf 86' lang='lat' dir='ltr'><strong>et</strong></span> <span class='ocrx_word' id='word_1_123' title='bbox 961 1915 1141 2002; x_wconf 75' lang='lat' dir='ltr'><strong>dompnum</strong></span> <span class='ocrx_word' id='word_1_124' title='bbox 1156 1916 1279 1983; x_wconf 80' lang='lat' dir='ltr'><strong>hebent</strong></span> 
     </span>
     <span class='ocr_line' id='line_1_16' title="bbox 110 2015 1279 2105; baseline -0.003 -16"><span class='ocrx_word' id='word_1_125' title='bbox 110 2053 114 2062; x_wconf 91' lang='lat'>·</span> <span class='ocrx_word' id='word_1_126' title='bbox 168 2023 211 2089; x_wconf 82' lang='lat' dir='ltr'><strong>ed</strong></span> <span class='ocrx_word' id='word_1_127' title='bbox 233 2020 415 2087; x_wconf 82' lang='lat' dir='ltr'><strong>uelenciem</strong></span> <span class='ocrx_word' id='word_1_128' title='bbox 434 2042 465 2086; x_wconf 88' lang='lat' dir='ltr'><strong>x.</strong></span> <span class='ocrx_word' id='word_1_129' title='bbox 479 2015 575 2085; x_wconf 82' lang='lat' dir='ltr'><strong>merc‘.</strong></span> <span class='ocrx_word' id='word_1_130' title='bbox 597 2026 633 2085; x_wconf 83' lang='lat' dir='ltr'><strong>ct</strong></span> <span class='ocrx_word' id='word_1_131' title='bbox 651 2018 729 2084; x_wconf 87' lang='lat' dir='ltr'><strong>inde</strong></span> <span class='ocrx_word' id='word_1_132' title='bbox 752 2018 937 2105; x_wconf 87' lang='lat' dir='ltr'><strong>producunt</strong></span> <span class='ocrx_word' id='word_1_133' title='bbox 959 2028 1091 2099; x_wconf 81' lang='lat' dir='ltr'><strong>scetem,</strong></span> <span class='ocrx_word' id='word_1_134' title='bbox 1106 2029 1142 2086; x_wconf 85' lang='lat' dir='ltr'><strong>et</strong></span> <span class='ocrx_word' id='word_1_135' title='bbox 1163 2020 1279 2087; x_wconf 86' lang='lat' dir='ltr'><strong>dicunt</strong></span> 
     </span>
     <span class='ocr_line' id='line_1_17' title="bbox 168 2121 1277 2214; baseline -0.001 -22"><span class='ocrx_word' id='word_1_136' title='bbox 168 2125 255 2214; x_wconf 90' lang='lat' dir='ltr'><strong>quod</strong></span> <span class='ocrx_word' id='word_1_137' title='bbox 269 2125 342 2211; x_wconf 80' lang='lat' dir='ltr'><strong>ipse</strong></span> <span class='ocrx_word' id='word_1_138' title='bbox 354 2122 517 2211; x_wconf 72' lang='lat' dir='ltr'><strong>Morgana</strong></span> <span class='ocrx_word' id='word_1_139' title='bbox 530 2130 624 2191; x_wconf 88' lang='lat' dir='ltr'><strong>tenet</strong></span> <span class='ocrx_word' id='word_1_140' title='bbox 637 2121 887 2189; x_wconf 77' lang='lat' dir='ltr'><strong>eduocooionem</strong></span> <span class='ocrx_word' id='word_1_141' title='bbox 902 2123 990 2191; x_wconf 83' lang='lat' dir='ltr'><strong>illem</strong></span> <span class='ocrx_word' id='word_1_142' title='bbox 1006 2124 1042 2189; x_wconf 89' lang='lat' dir='ltr'><strong>in</strong></span> <span class='ocrx_word' id='word_1_143' title='bbox 1055 2124 1176 2203; x_wconf 88' lang='lat' dir='ltr'><strong>dotem,</strong></span> <span class='ocrx_word' id='word_1_144' title='bbox 1190 2124 1277 2191; x_wconf 86' lang='lat' dir='ltr'><strong>unde</strong></span> 
     </span>
     <span class='ocr_line' id='line_1_18' title="bbox 168 2227 1277 2297; baseline -0.002 0"><span class='ocrx_word' id='word_1_145' title='bbox 168 2238 330 2297; x_wconf 74' lang='lat' dir='ltr'><strong>wurentm</strong></span> <span class='ocrx_word' id='word_1_146' title='bbox 350 2250 429 2295; x_wconf 78' lang='lat' dir='ltr'><strong>suus</strong></span> <span class='ocrx_word' id='word_1_147' title='bbox 450 2236 502 2294; x_wconf 84' lang='lat' dir='ltr'><strong>est</strong></span> <span class='ocrx_word' id='word_1_148' title='bbox 526 2227 612 2293; x_wconf 81' lang='lat' dir='ltr'><strong>infra</strong></span> <span class='ocrx_word' id='word_1_149' title='bbox 633 2234 756 2293; x_wconf 74' lang='lat' dir='ltr'><strong>etatem</strong></span> <span class='ocrx_word' id='word_1_150' title='bbox 782 2234 818 2293; x_wconf 86' lang='lat' dir='ltr'><strong>et</strong></span> <span class='ocrx_word' id='word_1_151' title='bbox 839 2227 876 2293; x_wconf 90' lang='lat' dir='ltr'><strong>in</strong></span> <span class='ocrx_word' id='word_1_152' title='bbox 897 2228 1045 2297; x_wconf 80' lang='lat' dir='ltr'><strong>custodie</strong></span> <span class='ocrx_word' id='word_1_153' title='bbox 1070 2228 1211 2297; x_wconf 80' lang='lat' dir='ltr'><strong>Simonis</strong></span> <span class='ocrx_word' id='word_1_154' title='bbox 1236 2229 1277 2295; x_wconf 84' lang='lat' dir='ltr'><strong>de</strong></span> 
     </span>
     <span class='ocr_line' id='line_1_19' title="bbox 167 2331 1277 2421; baseline -0.001 -21"><span class='ocrx_word' id='word_1_155' title='bbox 167 2334 330 2401; x_wconf 71' lang='lat' dir='ltr'><strong>Wohullo</strong></span> <span class='ocrx_word' id='word_1_156' title='bbox 348 2331 354 2421; x_wconf 88' lang='grc' dir='ltr'>Ι</span> <span class='ocrx_word' id='word_1_157' title='bbox 374 2332 419 2398; x_wconf 87' lang='lat' dir='ltr'><strong>Et</strong></span> <span class='ocrx_word' id='word_1_158' title='bbox 428 2331 585 2419; x_wconf 72' lang='lat' dir='ltr'><strong>Magister</strong></span> <span class='ocrx_word' id='word_1_159' title='bbox 594 2332 790 2418; x_wconf 82' lang='lat' dir='ltr'><strong>Rogemede</strong></span> <span class='ocrx_word' id='word_1_160' title='bbox 801 2332 964 2420; x_wconf 58' lang='lat' dir='ltr'><strong>Bagetor*</strong></span> <span class='ocrx_word' id='word_1_161' title='bbox 972 2342 1144 2420; x_wconf 84' lang='lat' dir='ltr'><strong>precentor</strong></span> <span class='ocrx_word' id='word_1_162' title='bbox 1154 2334 1277 2399; x_wconf 82' lang='lat' dir='ltr'><strong>Exonie</strong></span> 
     </span>
     <span class='ocr_line' id='line_1_20' title="bbox 168 2435 1278 2525; baseline -0.002 -20"><span class='ocrx_word' id='word_1_163' title='bbox 168 2437 263 2505; x_wconf 90' lang='lat' dir='ltr'><strong>uenit</strong></span> <span class='ocrx_word' id='word_1_164' title='bbox 282 2460 342 2525; x_wconf 89' lang='lat' dir='ltr'><strong>pro</strong></span> <span class='ocrx_word' id='word_1_165' title='bbox 363 2436 507 2523; x_wconf 76' lang='lat' dir='ltr'><strong>capitulo</strong></span> <span class='ocrx_word' id='word_1_166' title='bbox 528 2435 732 2503; x_wconf 82' lang='lat' dir='ltr'><strong>et&#39;defendit</strong></span> <span class='ocrx_word' id='word_1_167' title='bbox 757 2459 816 2523; x_wconf 93' lang='lat' dir='ltr'><strong>pro</strong></span> <span class='ocrx_word' id='word_1_168' title='bbox 841 2437 986 2524; x_wconf 77' lang='lat' dir='ltr'><strong>capitulo</strong></span> <span class='ocrx_word' id='word_1_169' title='bbox 1007 2436 1095 2525; x_wconf 89' lang='lat' dir='ltr'><strong>quod</strong></span> <span class='ocrx_word' id='word_1_170' title='bbox 1119 2435 1160 2503; x_wconf 88' lang='lat' dir='ltr'><strong>de</strong></span> <span class='ocrx_word' id='word_1_171' title='bbox 1186 2438 1278 2503; x_wconf 78' lang='lat' dir='ltr'><strong>nulla</strong></span> 
     </span>
     <span class='ocr_line' id='line_1_21' title="bbox 155 2540 1277 2627; baseline 0.003 -19"><span class='ocrx_word' id='word_1_172' title='bbox 155 2541 380 2609; x_wconf 77' lang='lat' dir='ltr'><strong>&#39;eduocecione</strong></span> <span class='ocrx_word' id='word_1_173' title='bbox 406 2541 509 2607; x_wconf 82' lang='lat' dir='ltr'><strong>trehit</strong></span> <span class='ocrx_word' id='word_1_174' title='bbox 532 2563 587 2607; x_wconf 80' lang='lat' dir='ltr'><strong>eos</strong></span> <span class='ocrx_word' id='word_1_175' title='bbox 611 2540 647 2606; x_wconf 91' lang='lat' dir='ltr'><strong>in</strong></span> <span class='ocrx_word' id='word_1_176' title='bbox 672 2541 841 2627; x_wconf 78' lang='lat' dir='ltr'><strong>placitum,</strong></span> <span class='ocrx_word' id='word_1_177' title='bbox 865 2550 917 2609; x_wconf 81' lang='lat' dir='ltr'><strong>set</strong></span> <span class='ocrx_word' id='word_1_178' title='bbox 939 2564 1054 2609; x_wconf 78' lang='lat' dir='ltr'><strong>reuera</strong></span> <span class='ocrx_word' id='word_1_179' title='bbox 1078 2542 1119 2609; x_wconf 86' lang='lat' dir='ltr'><strong>do</strong></span> <span class='ocrx_word' id='word_1_180' title='bbox 1143 2542 1277 2611; x_wconf 81' lang='lat' dir='ltr'><strong>decimis</strong></span> 
     </span>
    </p>
   </div>
   <div class='ocr_carea' id='block_1_5' title="bbox 167 2750 1279 3779">
    <p class='ocr_par' dir='ltr' id='par_1_5' title="bbox 167 2750 388 2817">
     <span class='ocr_line' id='line_1_22' title="bbox 167 2750 388 2817; baseline -0.005 -1"><span class='ocrx_word' id='word_1_181' title='bbox 167 2750 388 2817; x_wconf 80' lang='lat' dir='ltr'><strong>eduococione.</strong></span> 
     </span>
    </p>

    <p class='ocr_par' dir='ltr' id='par_1_6' title="bbox 168 2853 1276 3151">
     <span class='ocr_line' id='line_1_23' title="bbox 233 2853 1276 2942; baseline -0.002 -21"><span class='ocrx_word' id='word_1_182' title='bbox 233 2855 278 2921; x_wconf 88' lang='lat' dir='ltr'><strong>Et</strong></span> <span class='ocrx_word' id='word_1_183' title='bbox 292 2854 455 2942; x_wconf 65' lang='lat' dir='ltr'><strong>Margana</strong></span> <span class='ocrx_word' id='word_1_184' title='bbox 467 2862 503 2921; x_wconf 81' lang='lat' dir='ltr'><strong>et</strong></span> <span class='ocrx_word' id='word_1_185' title='bbox 516 2854 680 2921; x_wconf 83' lang='lat' dir='ltr'><strong>Robertus</strong></span> <span class='ocrx_word' id='word_1_186' title='bbox 694 2854 809 2919; x_wconf 88' lang='lat' dir='ltr'><strong>dicunt</strong></span> <span class='ocrx_word' id='word_1_187' title='bbox 822 2853 910 2940; x_wconf 90' lang='lat' dir='ltr'><strong>quod</strong></span> <span class='ocrx_word' id='word_1_188' title='bbox 920 2853 1021 2919; x_wconf 90' lang='lat' dir='ltr'><strong>nichil</strong></span> <span class='ocrx_word' id='word_1_189' title='bbox 1031 2853 1121 2920; x_wconf 76' lang='lat' dir='ltr'><strong>eliud</strong></span> <span class='ocrx_word' id='word_1_190' title='bbox 1131 2854 1276 2940; x_wconf 78' lang='lat' dir='ltr'><strong>pertinet</strong></span> 
     </span>
     <span class='ocr_line' id='line_1_24' title="bbox 168 2958 1276 3046; baseline 0 -19"><span class='ocrx_word' id='word_1_191' title='bbox 168 2960 211 3027; x_wconf 80' lang='lat' dir='ltr'><strong>od</strong></span> <span class='ocrx_word' id='word_1_192' title='bbox 225 2960 383 3046; x_wconf 73' lang='lat' dir='ltr'><strong>cupellam</strong></span> <span class='ocrx_word' id='word_1_193' title='bbox 396 2959 487 3024; x_wconf 80' lang='lat' dir='ltr'><strong>illam</strong></span> <span class='ocrx_word' id='word_1_194' title='bbox 501 2958 566 3025; x_wconf 80' lang='lat' dir='ltr'><strong>nisi</strong></span> <span class='ocrx_word' id='word_1_195' title='bbox 578 2958 635 3024; x_wconf 87' lang='lat' dir='ltr'><strong>ille</strong></span> <span class='ocrx_word' id='word_1_196' title='bbox 650 2958 776 3026; x_wconf 85' lang='lat' dir='ltr'><strong>decime</strong></span> <span class='ocrx_word' id='word_1_197' title='bbox 790 2966 826 3024; x_wconf 92' lang='lat' dir='ltr'><strong>et</strong></span> <span class='ocrx_word' id='word_1_198' title='bbox 840 2958 890 3025; x_wconf 80' lang='lat' dir='ltr'><strong>ite</strong></span> <span class='ocrx_word' id='word_1_199' title='bbox 902 2958 931 3025; x_wconf 83' lang='lat' dir='ltr'><strong>si</strong></span> <span class='ocrx_word' id='word_1_200' title='bbox 945 2958 1113 3025; x_wconf 81' lang='lat' dir='ltr'><strong>emitteret</strong></span> <span class='ocrx_word' id='word_1_201' title='bbox 1134 2959 1276 3027; x_wconf 74' lang='lat' dir='ltr'><strong>decimas</strong></span> 
     </span>
     <span class='ocr_line' id='line_1_25' title="bbox 169 3062 994 3151; baseline -0.005 -18"><span class='ocrx_word' id='word_1_202' title='bbox 169 3065 337 3133; x_wconf 80' lang='lat' dir='ltr'><strong>emitteret</strong></span> <span class='ocrx_word' id='word_1_203' title='bbox 349 3086 409 3151; x_wconf 88' lang='lat' dir='ltr'><strong>per</strong></span> <span class='ocrx_word' id='word_1_204' title='bbox 421 3086 620 3150; x_wconf 77' lang='lat' dir='ltr'><strong>consequens</strong></span> <span class='ocrx_word' id='word_1_205' title='bbox 633 3063 725 3130; x_wconf 83' lang='lat' dir='ltr'><strong>illem</strong></span> <span class='ocrx_word' id='word_1_206' title='bbox 738 3062 994 3130; x_wconf 78' lang='lat' dir='ltr'><strong>aduocacionem.</strong></span> 
     </span>
    </p>

    <p class='ocr_par' dir='ltr' id='par_1_7' title="bbox 168 3166 1279 3779">
     <span class='ocr_line' id='line_1_26' title="bbox 232 3166 1276 3255; baseline -0.005 -19"><span class='ocrx_word' id='word_1_207' title='bbox 232 3169 302 3236; x_wconf 77' lang='lat' dir='ltr'><strong>‘Ad</strong></span> <span class='ocrx_word' id='word_1_208' title='bbox 321 3167 409 3236; x_wconf 87' lang='lat' dir='ltr'><strong>diem</strong></span> <span class='ocrx_word' id='word_1_209' title='bbox 428 3168 523 3236; x_wconf 89' lang='lat' dir='ltr'><strong>illum</strong></span> <span class='ocrx_word' id='word_1_210' title='bbox 542 3167 636 3233; x_wconf 86' lang='lat' dir='ltr'><strong>uenit</strong></span> <span class='ocrx_word' id='word_1_211' title='bbox 655 3168 803 3255; x_wconf 80' lang='lat' dir='ltr'><strong>Rogerue</strong></span> <span class='ocrx_word' id='word_1_212' title='bbox 817 3166 897 3233; x_wconf 84' lang='lat' dir='ltr'><strong>Oole</strong></span> <span class='ocrx_word' id='word_1_213' title='bbox 911 3166 1083 3235; x_wconf 72' lang='lat' dir='ltr'><strong>eanonicus</strong></span> <span class='ocrx_word' id='word_1_214' title='bbox 1098 3167 1221 3234; x_wconf 81' lang='lat' dir='ltr'><strong>Exonie</strong></span> <span class='ocrx_word' id='word_1_215' title='bbox 1241 3176 1276 3232; x_wconf 88' lang='lat' dir='ltr'><strong>et</strong></span> 
     </span>
     <span class='ocr_line' id='line_1_27' title="bbox 168 3268 1276 3361; baseline -0.005 -19"><span class='ocrx_word' id='word_1_216' title='bbox 168 3274 316 3343; x_wconf 88' lang='lat' dir='ltr'><strong>coneedit</strong></span> <span class='ocrx_word' id='word_1_217' title='bbox 329 3272 416 3361; x_wconf 87' lang='lat' dir='ltr'><strong>quod</strong></span> <span class='ocrx_word' id='word_1_218' title='bbox 435 3273 477 3340; x_wconf 90' lang='lat' dir='ltr'><strong>de</strong></span> <span class='ocrx_word' id='word_1_219' title='bbox 496 3279 604 3339; x_wconf 86' lang='lat' dir='ltr'><strong>oetero</strong></span> <span class='ocrx_word' id='word_1_220' title='bbox 621 3293 688 3337; x_wconf 90' lang='lat' dir='ltr'><strong>non</strong></span> <span class='ocrx_word' id='word_1_221' title='bbox 707 3268 825 3337; x_wconf 75' lang='lat' dir='ltr'><strong>trehit‘</strong></span> <span class='ocrx_word' id='word_1_222' title='bbox 846 3292 900 3339; x_wconf 82' lang='lat' dir='ltr'><strong>eos</strong></span> <span class='ocrx_word' id='word_1_223' title='bbox 918 3270 954 3337; x_wconf 93' lang='lat' dir='ltr'><strong>in</strong></span> <span class='ocrx_word' id='word_1_224' title='bbox 975 3270 1132 3357; x_wconf 78' lang='lat' dir='ltr'><strong>placitum</strong></span> <span class='ocrx_word' id='word_1_225' title='bbox 1154 3292 1214 3337; x_wconf 90' lang='lat' dir='ltr'><strong>nec</strong></span> <span class='ocrx_word' id='word_1_226' title='bbox 1236 3271 1276 3338; x_wconf 87' lang='lat' dir='ltr'><strong>de</strong></span> 
     </span>
     <span class='ocr_line' id='line_1_28' title="bbox 168 3373 1278 3447; baseline -0.007 0"><span class='ocrx_word' id='word_1_227' title='bbox 168 3376 381 3447; x_wconf 76' lang='lat' dir='ltr'><strong>eduocecione</strong></span> <span class='ocrx_word' id='word_1_228' title='bbox 395 3399 456 3445; x_wconf 86' lang='lat' dir='ltr'><strong>nec</strong></span> <span class='ocrx_word' id='word_1_229' title='bbox 469 3376 511 3443; x_wconf 90' lang='lat' dir='ltr'><strong>de</strong></span> <span class='ocrx_word' id='word_1_230' title='bbox 525 3375 681 3443; x_wconf 80' lang='lat' dir='ltr'><strong>decimie⁸.</strong></span> <span class='ocrx_word' id='word_1_231' title='bbox 725 3374 805 3442; x_wconf 81' lang='lat' dir='ltr'><strong>Dice</strong></span> <span class='ocrx_word' id='word_1_232' title='bbox 818 3373 916 3439; x_wconf 77' lang='lat' dir='ltr'><strong>datus</strong></span> <span class='ocrx_word' id='word_1_233' title='bbox 931 3381 982 3439; x_wconf 81' lang='lat' dir='ltr'><strong>eet</strong></span> <span class='ocrx_word' id='word_1_234' title='bbox 995 3373 1043 3441; x_wconf 81' lang='lat' dir='ltr'><strong>eis</strong></span> <span class='ocrx_word' id='word_1_235' title='bbox 1056 3373 1098 3441; x_wconf 81' lang='lat' dir='ltr'><strong>de</strong></span> <span class='ocrx_word' id='word_1_236' title='bbox 1116 3374 1278 3442; x_wconf 79' lang='lat' dir='ltr'><strong>audiendo</strong></span> 
     </span>
     <span class='ocr_line' id='line_1_29' title="bbox 169 3478 1279 3568; baseline -0.007 -17"><span class='ocrx_word' id='word_1_237' title='bbox 169 3484 289 3551; x_wconf 90' lang='lat' dir='ltr'><strong>iudicio</strong></span> <span class='ocrx_word' id='word_1_238' title='bbox 310 3505 371 3549; x_wconf 73' lang='lat' dir='ltr'><strong>nuo</strong></span> <span class='ocrx_word' id='word_1_239' title='bbox 399 3482 460 3549; x_wconf 81' lang='lat' dir='ltr'><strong>teli</strong></span> <span class='ocrx_word' id='word_1_240' title='bbox 481 3481 536 3549; x_wconf 84' lang='lat' dir='ltr'><strong>die</strong></span> <span class='ocrx_word' id='word_1_241' title='bbox 560 3503 619 3568; x_wconf 82' lang='lat' dir='ltr'><strong>per</strong></span> <span class='ocrx_word' id='word_1_242' title='bbox 643 3488 835 3568; x_wconf 85' lang='lat' dir='ltr'><strong>preceptum</strong></span> <span class='ocrx_word' id='word_1_243' title='bbox 862 3488 921 3545; x_wconf 82' lang='lat' dir='ltr'><strong>etc.</strong></span> <span class='ocrx_word' id='word_1_244' title='bbox 938 3486 982 3545; x_wconf 75' lang='lat' dir='ltr'><strong>‘et</strong></span> <span class='ocrx_word' id='word_1_245' title='bbox 1003 3478 1204 3565; x_wconf 88' lang='lat' dir='ltr'><strong>prohibitum</strong></span> <span class='ocrx_word' id='word_1_246' title='bbox 1228 3488 1279 3545; x_wconf 80' lang='lat' dir='ltr'><strong>eet</strong></span> 
     </span>
     <span class='ocr_line' id='line_1_30' title="bbox 169 3582 1278 3675; baseline -0.005 -21"><span class='ocrx_word' id='word_1_247' title='bbox 169 3587 351 3675; x_wconf 86' lang='lat' dir='ltr'><strong>precentori</strong></span> <span class='ocrx_word' id='word_1_248' title='bbox 384 3610 425 3653; x_wconf 88' lang='lat' dir='ltr'><strong>ne</strong></span> <span class='ocrx_word' id='word_1_249' title='bbox 460 3586 592 3652; x_wconf 86' lang='lat' dir='ltr'><strong>interim</strong></span> <span class='ocrx_word' id='word_1_250' title='bbox 620 3592 777 3673; x_wconf 75' lang='lat' dir='ltr'><strong>sequetur</strong></span> <span class='ocrx_word' id='word_1_251' title='bbox 804 3593 840 3650; x_wconf 89' lang='lat' dir='ltr'><strong>et</strong></span> <span class='ocrx_word' id='word_1_252' title='bbox 869 3583 956 3670; x_wconf 87' lang='lat' dir='ltr'><strong>quod</strong></span> <span class='ocrx_word' id='word_1_253' title='bbox 985 3582 1083 3649; x_wconf 76' lang='lat' dir='ltr'><strong>faciut</strong></span> <span class='ocrx_word' id='word_1_254' title='bbox 1111 3583 1278 3650; x_wconf 76' lang='lat' dir='ltr'><strong>absoluere</strong></span> 
     </span>
     <span class='ocr_line' id='line_1_31' title="bbox 170 3691 516 3779; baseline -0.009 -20"><span class='ocrx_word' id='word_1_255' title='bbox 170 3691 374 3779; x_wconf 77' lang='lat' dir='ltr'><strong>capellanum</strong></span> <span class='ocrx_word' id='word_1_256' title='bbox 388 3698 449 3757; x_wconf 82' lang='lat' dir='ltr'><strong>etc.</strong></span> <span class='ocrx_word' id='word_1_257' title='bbox 514 3711 516 3714; x_wconf 74' lang='grc'>’</span> 
     </span>
    </p>
   </div>
   <div class='ocr_carea' id='block_1_6' title="bbox 113 3787 1399 3877">
    <p class='ocr_par' dir='ltr' id='par_1_8' title="bbox 113 3787 1399 3877">
     <span class='ocr_line' id='line_1_32' title="bbox 113 3787 1399 3877; baseline -0.012 -10"><span class='ocrx_word' id='word_1_258' title='bbox 113 3853 120 3867; x_wconf 94' lang='grc'><strong>.</strong></span> <span class='ocrx_word' id='word_1_259' title='bbox 235 3793 433 3863; x_wconf 78' lang='lat' dir='ltr'><strong>&#39;Goufiidue</strong></span> <span class='ocrx_word' id='word_1_260' title='bbox 454 3792 543 3859; x_wconf 84' lang='lat' dir='ltr'><strong>filius</strong></span> <span class='ocrx_word' id='word_1_261' title='bbox 564 3790 711 3857; x_wconf 80' lang='lat' dir='ltr'><strong>Widonis</strong></span> <span class='ocrx_word' id='word_1_262' title='bbox 732 3790 819 3877; x_wconf 84' lang='lat' dir='ltr'><strong>petit</strong></span> <span class='ocrx_word' id='word_1_263' title='bbox 845 3810 958 3855; x_wconf 79' lang='lat' dir='ltr'><strong>uersus</strong></span> <span class='ocrx_word' id='word_1_264' title='bbox 983 3787 1193 3855; x_wconf 86' lang='lat' dir='ltr'><strong>Petronillem</strong></span> <span class='ocrx_word' id='word_1_265' title='bbox 1216 3810 1279 3875; x_wconf 86' lang='lat' dir='ltr'><strong>que</strong></span> <span class='ocrx_word' id='word_1_266' title='bbox 1373 3800 1399 3829; x_wconf 45' lang='grc' dir='ltr'>ἀ</span> 
     </span>
    </p>
   </div>
   <div class='ocr_carea' id='block_1_7' title="bbox 172 4030 1282 4487">
    <p class='ocr_par' dir='ltr' id='par_1_9' title="bbox 204 4030 847 4092">
     <span class='ocr_line' id='line_1_33' title="bbox 204 4030 847 4092; baseline -0.009 -7"><span class='ocrx_word' id='word_1_267' title='bbox 204 4035 215 4067; x_wconf 87' lang='lat'>¹</span> <span class='ocrx_word' id='word_1_268' title='bbox 231 4032 478 4085; x_wconf 70' lang='lat' dir='ltr'><strong>ArtothimBr.</strong></span> <span class='ocrx_word' id='word_1_269' title='bbox 489 4031 509 4081; x_wconf 76' lang='lat' dir='ltr'><strong>l.</strong></span> <span class='ocrx_word' id='word_1_270' title='bbox 521 4030 603 4080; x_wconf 66' lang='lat'>³181).</span> <span class='ocrx_word' id='word_1_271' title='bbox 750 4043 777 4092; x_wconf 88' lang='lat' dir='ltr'><strong>p.</strong></span> <span class='ocrx_word' id='word_1_272' title='bbox 788 4030 847 4080; x_wconf 77' lang='lat'><strong>409.</strong></span> 
     </span>
    </p>

    <p class='ocr_par' dir='ltr' id='par_1_10' title="bbox 172 4092 1282 4423">
     <span class='ocr_line' id='line_1_34' title="bbox 204 4092 1281 4157; baseline -0.006 -6"><span class='ocrx_word' id='word_1_273' title='bbox 204 4097 396 4157; x_wconf 65' lang='lat' dir='ltr'><strong>’hmltth</strong></span> <span class='ocrx_word' id='word_1_274' title='bbox 412 4098 541 4147; x_wconf 82' lang='lat' dir='ltr'><strong>B.m.1e.</strong></span> <span class='ocrx_word' id='word_1_275' title='bbox 570 4093 702 4145; x_wconf 77' lang='lat' dir='ltr'><strong>Tbieeese</strong></span> <span class='ocrx_word' id='word_1_276' title='bbox 784 4093 825 4127; x_wconf 75' lang='grc' dir='ltr'>Η</span> <span class='ocrx_word' id='word_1_277' title='bbox 841 4092 893 4143; x_wconf 80' lang='lat' dir='ltr'><strong>Not</strong></span> <span class='ocrx_word' id='word_1_278' title='bbox 914 4092 944 4143; x_wconf 90' lang='lat' dir='ltr'><strong>in</strong></span> <span class='ocrx_word' id='word_1_279' title='bbox 971 4092 1002 4143; x_wconf 92' lang='lat' dir='ltr'><strong>B.</strong></span> <span class='ocrx_word' id='word_1_280' title='bbox 1036 4093 1101 4143; x_wconf 76' lang='lat' dir='ltr'><strong>This</strong></span> <span class='ocrx_word' id='word_1_281' title='bbox 1127 4092 1222 4153; x_wconf 81' lang='lat' dir='ltr'><strong>cleure,</strong></span> <span class='ocrx_word' id='word_1_282' title='bbox 1246 4108 1281 4144; x_wconf 77' lang='lat' dir='ltr'><strong>on</strong></span> 
     </span>
     <span class='ocr_line' id='line_1_35' title="bbox 172 4158 1282 4229; baseline -0.008 -12"><span class='ocrx_word' id='word_1_283' title='bbox 172 4178 282 4229; x_wconf 70' lang='lat' dir='ltr'><strong>uppem</strong></span> <span class='ocrx_word' id='word_1_284' title='bbox 303 4163 332 4213; x_wconf 92' lang='lat' dir='ltr'><strong>in</strong></span> <span class='ocrx_word' id='word_1_285' title='bbox 353 4162 512 4215; x_wconf 66' lang='lat' dir='ltr'><strong>Puerorum</strong></span> <span class='ocrx_word' id='word_1_286' title='bbox 537 4158 702 4211; x_wconf 78' lang='lat' dir='ltr'><strong>Abbreviotio</strong></span> <span class='ocrx_word' id='word_1_287' title='bbox 751 4158 926 4221; x_wconf 71' lang='lat' dir='ltr'><strong>Interpoltted</strong></span> <span class='ocrx_word' id='word_1_288' title='bbox 937 4158 1282 4223; x_wconf 69' lang='lat' dir='ltr'><strong>pontsmipt‚ehouldiollow</strong></span> 
     </span>
     <span class='ocr_line' id='line_1_36' title="bbox 172 4223 1030 4347; baseline -0.009 -1"><span class='ocrx_word' id='word_1_289' title='bbox 172 4232 316 4345; x_wconf 64' lang='lat' dir='ltr'><strong>p&#39;iiiirn</strong></span> <span class='ocrx_word' id='word_1_290' title='bbox 348 4292 407 4344; x_wconf 66' lang='lat' dir='ltr'><strong>new</strong></span> <span class='ocrx_word' id='word_1_291' title='bbox 438 4291 464 4342; x_wconf 76' lang='lat' dir='ltr'><strong>e</strong></span> <span class='ocrx_word' id='word_1_292' title='bbox 492 4304 557 4341; x_wconf 72' lang='lat' dir='ltr'><strong>nm</strong></span> <span class='ocrx_word' id='word_1_293' title='bbox 588 4290 701 4340; x_wconf 67' lang='lat' dir='ltr'><strong>Brauon</strong></span> <span class='ocrx_word' id='word_1_294' title='bbox 752 4223 881 4339; x_wconf 55' lang='lat' dir='ltr'><strong>‘biblii</strong></span> <span class='ocrx_word' id='word_1_295' title='bbox 896 4289 1030 4347; x_wconf 60' lang='lat' dir='ltr'><strong>uatem.</strong></span> 
     </span>
     <span class='ocr_line' id='line_1_37' title="bbox 174 4353 944 4423; baseline -0.008 -14"><span class='ocrx_word' id='word_1_296' title='bbox 174 4360 296 4423; x_wconf 78' lang='lat' dir='ltr'><strong>clovelly.</strong></span> <span class='ocrx_word' id='word_1_297' title='bbox 783 4353 794 4387; x_wconf 78' lang='lat'>⁷</span> <span class='ocrx_word' id='word_1_298' title='bbox 811 4354 842 4404; x_wconf 66' lang='lat' dir='ltr'><strong>A„</strong></span> <span class='ocrx_word' id='word_1_299' title='bbox 856 4366 892 4403; x_wconf 87' lang='lat' dir='ltr'><strong>m.</strong></span> <span class='ocrx_word' id='word_1_300' title='bbox 904 4353 944 4403; x_wconf 70' lang='lat' dir='ltr'><strong>fit.</strong></span> 
     </span>
    </p>

    <p class='ocr_par' dir='ltr' id='par_1_11' title="bbox 204 4420 700 4487">
     <span class='ocr_line' id='line_1_38' title="bbox 204 4420 700 4487; baseline -0.018 -10"><span class='ocrx_word' id='word_1_301' title='bbox 204 4426 281 4477; x_wconf 75' lang='lat'><strong>⁴800</strong></span> <span class='ocrx_word' id='word_1_302' title='bbox 307 4422 421 4487; x_wconf 71' lang='lat' dir='ltr'><strong>Herdy&#39;r</strong></span> <span class='ocrx_word' id='word_1_303' title='bbox 442 4422 479 4472; x_wconf 82' lang='lat' dir='ltr'><strong>Le</strong></span> <span class='ocrx_word' id='word_1_304' title='bbox 499 4421 579 4480; x_wconf 78' lang='lat' dir='ltr'><strong>Neve,</strong></span> <span class='ocrx_word' id='word_1_305' title='bbox 600 4420 649 4471; x_wconf 81' lang='lat' dir='ltr'><strong>vol.</strong></span> <span class='ocrx_word' id='word_1_306' title='bbox 676 4420 700 4477; x_wconf 93' lang='lat'><strong>1,</strong></span> 
     </span>
    </p>
   </div>
   <div class='ocr_carea' id='block_1_8' title="bbox 0 0 1677 5217">
    <p class='ocr_par' dir='ltr' id='par_1_12' title="bbox 0 0 1677 5217">
     <span class='ocr_line' id='line_1_39' title="bbox 0 0 1677 5217; baseline 0 0"><span class='ocrx_word' id='word_1_307' title='bbox 0 0 1677 5217; x_wconf 95' lang='lat' dir='ltr'><strong> </strong></span> 
     </span>
    </p>
   </div>
  </div>
 </body>
</html>
