3342 5217
94 3316 173 3382 658.

427 436 663 495 MtcflAELMAS,
684 434 749 483 aa.
775 420 869 496 1231,
891 435 958 484 aa.
982 425 1120 489 15-16.
1262 428 1324 489 505

217 634 295 675 suus
318 609 465 674 feoffauit
489 606 669 672 Henricum
691 604 812 691 Pipard
833 614 961 692 patrem
981 609 1119 694 predicti
1135 610 1271 675 Henrici
1285 612 1326 676 de

218 712 362 798 predicta
385 721 471 777 terra
492 733 551 796 per
575 708 748 774 aeruieium
772 708 901 774 dimidii
926 711 1050 791 militia,
1075 721 1110 778 et
1135 713 1219 779 bene
1245 714 1326 780 dicit

218 817 304 902 quod
319 840 382 882 non
399 816 546 881 feoffauit
561 815 668 900 ipsum
684 836 742 900 per
756 822 879 879 cartam
894 815 992 881 istam
1007 825 1042 881 ct
1061 817 1183 883 dedicit
1203 827 1326 884 cartam

218 921 314 985 istam
330 929 364 985 et
379 920 459 984 dicit
475 918 561 1005 quod
575 917 741 1004 predictus
758 919 921 984 Henricus
935 928 1029 1007 pater
1039 921 1177 1007 predicti
1192 924 1327 988 Henrici

218 1046 345 1109 semper
367 1023 443 1088 fecit
466 1030 537 1087 tota
558 1021 630 1086 uita
652 1044 711 1087 sua
732 1021 906 1087 seruicium
929 1022 1057 1088 dimidii
1079 1024 1194 1089 militia
1213 1035 1248 1091 et
1263 1049 1327 1091 non

219 1132 392 1197 seruicium
414 1131 512 1196 tercie
533 1129 635 1217 partis
653 1129 678 1214 J'.
694 1128 808 1194 militis
823 1129 899 1195 inde
914 1139 949 1194 et
964 1130 1066 1195 eciam
1081 1132 1150 1217 ipse
1166 1133 1329 1198 Henricus

219 1262 242 1302 u
281 1260 321 1302 ue
337 1260 431 1302 nunc.

243 1260 330 1405 qut
357 1341 519 1405 Henricus
548 1339 643 1403 uenit
669 1346 703 1403 et
727 1339 807 1404 dicit
831 1339 917 1425 quod
941 1340 1099 1405 Ricardus
1125 1342 1185 1407 hoc
1207 1341 1329 1407 iniuste

219 1443 300 1508 dicit
315 1444 392 1530 quia
412 1443 577 1529 predictus
600 1442 746 1527 Rogems
769 1440 889 1527 Pipard
911 1442 1058 1507 feoffauit
1079 1454 1205 1530 patrem
1227 1445 1329 1531 ipsius

222 1547 357 1612 Hemici
376 1548 417 1612 de
440 1545 587 1633 predicto
611 1553 800 1609 tenemento
823 1566 883 1630 per
907 1546 1080 1610 seruicium
1104 1547 1204 1611 tercie
1226 1547 1329 1633 partis

221 1651 306 1715 feodi
324 1652 347 1735 j.
364 1650 479 1714 militie
500 1648 679 1714 secundum
699 1649 786 1735 quod
806 1649 989 1734 predictum
1004 1658 1055 1714 est
1069 1650 1159 1714 saluo
1174 1650 1329 1715 forinseco

220 1752 356 1817 seruicio
380 1773 438 1837 per
461 1760 583 1816 cartam
608 1750 709 1836 ipsius
733 1750 853 1838 Rogeri
877 1774 975 1837 quam
994 1752 1116 1838 profert
1136 1761 1171 1817 et
1190 1775 1254 1839 que
1270 1753 1329 1817 hoc

220 1864 370 1921 testatur.
415 1856 540 1919 Profert
566 1854 668 1920 eciam
695 1864 817 1920 cartam
845 1855 977 1920 Ricardi
1003 1854 1123 1941 Pipard
1144 1855 1204 1920 filii
1228 1855 1330 1941 ipsius

222 1959 341 2045 Rogeri
356 1958 475 2044 Pipard
491 1968 526 2023 et
541 1959 696 2024 arrunculi
711 1959 806 2024 iatius
821 1959 953 2025 Ricardi
968 1982 1031 2044 que
1042 1959 1212 2046 confirmat
1223 1959 1329 2024 eidem

222 2062 365 2127 Hcmico
389 2070 614 2128 tenementum
638 2062 720 2128 illud
743 2086 802 2150 per
825 2064 999 2129 seruicium
1025 2063 1207 2149 predictum
1231 2064 1329 2128 tercie

222 2164 324 2250 partis
338 2164 424 2229 feodi
434 2165 458 2251 j
476 2165 598 2241 militis,
613 2174 647 2230 et
662 2166 745 2230 bene
761 2165 841 2231 dicit
856 2164 943 2252 quod
958 2165 1027 2251 ipse
1042 2187 1210 2251 nunqnam
1225 2165 1331 2229 maius

223 2268 395 2333 seruicium
412 2269 487 2333 inde
503 2269 580 2333 fecit
595 2268 658 2333 nisi
673 2291 731 2354 per
744 2268 990 2335 districcionem.

290 2371 333 2436 Et
356 2370 513 2436 Ricardus
538 2371 701 2458 cognoscit
728 2372 973 2436 feoffamentum
998 2379 1049 2435 set
1074 2370 1220 2435 defendit
1245 2370 1332 2457 quod

224 2498 289 2540 non
304 2475 367 2540 fuit
382 2476 430 2539 ita
445 2476 596 2539 feoffatus
614 2474 679 2539 scil.
694 2496 753 2561 per
767 2475 941 2539 semicium
955 2474 1055 2539 tercie
1070 2474 1171 2559 partia
1181 2474 1207 2560 j.
1219 2474 1334 2539 militis

224 2588 275 2643 set
289 2601 348 2665 per
362 2578 535 2644 seruicium
556 2578 684 2643 dimidii
705 2578 820 2643 militis
842 2577 1020 2643 secundum
1042 2578 1128 2664 quod
1150 2578 1332 2664 predictum

225 2691 283 2747 est.

289 2784 407 2848 Postea
428 2784 521 2848 uenit
541 2783 699 2849 Ricardus
719 2793 753 2849 et
771 2784 936 2871 cognoscit
950 2783 1125 2850 secundam
1140 2784 1282 2849 cartam¹
1298 2794 1333 2850 et

224 2911 289 2953 non
304 2888 425 2953 dedicit
441 2888 588 2974 primam.
623 2889 666 2953 Et
677 2887 751 2953 ideo
767 2888 1016 2954 Consideratum
1027 2897 1077 2953 est
1089 2888 1175 2973 quod
1186 2888 1333 2974 aquietet

224 3012 299 3055 eum
326 3012 438 3055 uersus
464 2991 619 3076 capitales
644 2989 790 3055 dominos
818 3012 877 3075 per
906 2989 1079 3054 seruicium
1105 2990 1204 3054 tercie
1229 2991 1333 3075 partis

220 3093 245 3178 j.
261 3092 374 3157 militis
389 3101 423 3157 et
438 3092 597 3157 Ricardus
611 3092 647 3156 in
661 3092 879 3157 misericordia
893 3092 971 3177 quia
989 3092 1096 3177 ipsum
1116 3114 1182 3156 non
1203 3091 1331 3177 acquie-
1360 3144 1363 3148 ,

225 3195 312 3260 tauit
327 3204 361 3260 et
376 3195 553 3260 satisfaciat
568 3194 608 3260 de
624 3196 792 3282 arreragiis
808 3204 868 3261 etc.

292 3299 407 3363 Petrus
422 3299 462 3363 de
479 3299 511 3365 S.
527 3300 685 3365 Edwardo
700 3309 734 3365 et
755 3300 895 3365 Eschina
915 3322 997 3364 uxor
1018 3301 1088 3365 eius
1109 3323 1167 3386 per
1188 3309 1331 3365 attorna·
1432 3334 1451 3397 5.

226 3410 298 3466 tum
318 3402 421 3487 ipsius
441 3402 580 3466 Eschine
595 3410 715 3487 petunt
731 3425 844 3467 uersus
859 3402 1029 3489 Nigellum
1044 3402 1085 3468 de
1099 3402 1334 3468 Amundeuilla
1393 3399 1421 3426 ¹²¹¹
1465 3415 1470 3426 '

225 3528 322 3591 quem
345 3505 511 3570 Johannea
533 3504 574 3569 de
598 3504 745 3589 Kirkeby
760 3506 893 3571 uocauit
914 3506 956 3570 ad
971 3514 1152 3570 warantum
1175 3514 1209 3569 et
1229 3506 1287 3592 qui
1302 3506 1333 3570 ei

225 3608 448 3673 warentizauit
471 3608 605 3673 terciam
628 3617 754 3694 partem
777 3608 914 3673 manerii
935 3608 975 3672 de
991 3608 1147 3673 Prcstona
1161 3632 1236 3673 cum
1252 3618 1332 3695 pert.

225 3721 264 3777 ut
278 3712 388 3777 dotem
404 3712 505 3797 ipsius
521 3712 660 3776 Eschine
675 3720 734 3777 ete.

291 3817 335 3880 Et
351 3816 502 3902 Nigellus
516 3816 610 3881 uenit
625 3825 659 3881 et
674 3816 822 3881 concedit
837 3816 869 3880 ci
883 3816 1017 3880 terciam
1038 3825 1164 3902 partem
1187 3817 1331 3883 eiusdem

225 3921 361 3986 manerii
379 3921 463 3985 sicut
483 3920 572 3983 Elias
593 3920 717 4006 primus
736 3920 788 3984 uir
812 3942 890 3984 suus
915 3919 1096 3983 manerium
1119 3919 1202 3985 illud
1224 3922 1333 3986 tenuit

224 4026 277 4090 die
300 4046 364 4110 quo
386 4046 457 4088 eam
480 4022 698 4109 desponsauit.
744 4024 788 4088 Et
810 4023 884 4088 ideo
907 4022 1156 4089 Consideratum
1177 4026 1332 4111 estquod

224 4131 342 4195 Petrus
357 4137 391 4194 et
407 4128 547 4193 Eschina
561 4135 835 4213 recuperauerunt
853 4126 1006 4191 seisinam
1024 4150 1116 4191 suam
1131 4127 1172 4192 de
1188 4129 1333 4213 predicta

225 4232 326 4299 tercia
348 4238 441 4317 parte
467 4231 552 4295 sicut
577 4231 742 4317 predictus
768 4230 858 4295 Elias
881 4231 933 4294 uir
956 4253 1034 4295 suus
1057 4230 1140 4295 illud
1163 4231 1272 4296 tenuit
1298 4233 1333 4297 in

225 4332 394 4399 dominicis
409 4342 442 4398 ct
458 4332 602 4398 seruiciis
617 4342 651 4397 et
666 4334 700 4397 in
716 4332 788 4398 aliis
803 4333 906 4398 rebus.
946 4334 989 4397 Et
1005 4333 1082 4418 quia
1099 4334 1264 4399 Johannes
1280 4336 1333 4401 coi

469 4461 478 4493 ¹
496 4460 559 4511 This
571 4476 628 4512 casa
640 4477 723 4513 seems
735 4466 762 4511 to
774 4462 804 4511 be
816 4462 883 4512 Fita.
899 4452 1008 4519 ,fictore
1021 4462 1077 4511 243.
