3342 5217
181 3776 238 3815 Nota
246 3772 301 3822 quod

180 3823 233 3861 llbcr
241 3822 304 3859 homo

182 3872 250 3917 potest
258 3868 325 3906 [acero

181 3916 271 3969 ulllauqs
278 3924 326 3952 con-

331 387 372 449 62
561 396 883 457 monantulam).
907 384 1000 457 1219,
1021 396 1085 445 aa.
1109 383 1202 445 3-4.

330 568 436 634 Foliot
452 577 486 633 et
501 566 685 633 habuerunt
703 567 862 632 auxilium
882 567 970 631 curie
990 567 1071 631 sum’
1087 588 1162 631 eum
1182 566 1269 652 quod
1289 575 1373 631 esset
1393 566 1435 630 ad

330 674 471 739 mediam
492 672 778 759 quadragesimam.
824 670 878 735 Ad
900 671 988 736 diem
1009 671 1103 735 illum
1122 671 1216 735 uenit
1235 671 1382 756 Rogerus
1401 678 1435 733 et

331 780 378 843 eis
395 777 617 843 warantizauit
638 786 696 842 etc
714 785 747 842 et
768 777 884 841 habuit
906 776 993 841 diem
1015 798 1036 839 a
1056 776 1111 839 die
1133 774 1254 839 Pasche
1275 775 1311 838 in
1333 796 1436 838 unum

332 903 475 946 mensem
495 902 588 965 prece
610 880 755 965 parcium
770 888 804 944 et
824 879 922 944 datus
941 880 1005 944 fuit
1025 879 1115 943 idem
1133 878 1203 943 dies
1224 878 1380 964 partibus,
1394 876 1436 941 ad

331 984 418 1049 diem
433 984 527 1048 illum
542 983 716 1048 essoniauit
731 1006 765 1047 se
785 983 932 1069 Rogerus
946 982 987 1045 de
1008 981 1095 1045 malo
1108 980 1262 1045 ueniendi
1276 989 1311 1045 et
1325 988 1439 1065 postea

332 1088 372 1153 de
388 1089 473 1152 malo
487 1087 564 1153 lecti
581 1087 616 1151 in
632 1087 788 1151 comitatu
803 1085 948 1162 Eboraci,
963 1094 998 1150 et
1018 1086 1181 1149 Henricus
1200 1084 1317 1149 habuit
1338 1083 1437 1147 breue

332 1192 372 1256 de
389 1191 534 1257 faciendo
549 1190 645 1268 uisu¹,
661 1199 695 1255 et
710 1191 807 1255 datus
821 1191 885 1255 fuit
899 1190 969 1255 dies
989 1189 1123 1275 Hugoni
1138 1198 1172 1253 et
1192 1185 1330 1253 Isabelle
1349 1210 1370 1252 a
1383 1186 1438 1251 die

334 1296 365 1360 S.
382 1295 466 1359 Trin.
483 1294 518 1359 in
538 1303 604 1358 tres
625 1293 829 1379 septimanas,
874 1291 928 1357 Ad
948 1293 1036 1357 diem
1058 1292 1152 1356 illum
1174 1314 1238 1356 non
1258 1292 1351 1356 uenit
1373 1292 1436 1355 Ro

333 1419 429 1483 gerus
443 1418 502 1460 nec
517 1396 638 1460 milites
652 1396 709 1480 qui
724 1396 870 1460 fecerunt
884 1395 992 1459 uisum
1007 1396 1048 1460 de
1063 1418 1109 1473 eo,
1122 1405 1156 1460 et
1171 1396 1244 1460 ideo
1258 1395 1437 1459 considera·

334 1509 406 1567 tum
428 1499 492 1563 fuit
517 1500 603 1585 quod
624 1499 745 1564 milites
764 1499 1030 1564 athachiarentur
1050 1499 1137 1586 quod
1159 1508 1266 1565 esseut
1287 1522 1309 1563 a
1329 1498 1382 1563 die
1405 1498 1436 1563 S.

334 1605 406 1682 Joh.
422 1604 458 1669 iu
472 1628 531 1678 xv„
537 1604 614 1682 dica,
630 1605 716 1670 idem
732 1605 801 1670 dies
815 1605 913 1670 datus
927 1606 991 1670 fuit
1010 1605 1158 1692 partibus
1173 1614 1207 1670 et
1222 1613 1302 1669 tunc
1315 1625 1437 1667 resum-

334 1706 459 1772 monita
473 1707 536 1771 fuit
550 1707 678 1791 loquela
691 1707 778 1793 quod
801 1716 887 1772 esset
901 1706 942 1771 de
957 1707 1104 1771 Wiltona
1117 1707 1205 1793 apud
1220 1707 1438 1770 Westmonaa·

334 1811 453 1875 terium
473 1834 494 1876 a
508 1811 561 1877 die
582 1812 614 1877 S.
635 1812 731 1876 Mich.
752 1812 787 1876 in
807 1834 856 1876 xv.
878 1812 1002 1877 diesin
1022 1812 1135 1876 eodem
1154 1819 1245 1875 statu
1265 1820 1335 1887 etc,
1349 1818 1383 1874 et
1397 1808 1440 1873 ad

334 1913 421 1979 diem
436 1914 530 1978 illum
550 1913 642 1979 uenit
663 1915 809 2000 Rogerus
829 1922 863 1979 et
878 1912 975 1978 datus
994 1914 1058 1978 tuit
1078 1913 1110 1978 ei
1129 1913 1199 1977 dies
1213 1911 1440 1977 incrastinum

334 2017 527 2081 Animarum
553 2039 647 2103 prece
670 2018 816 2104 parcium
841 2026 874 2083 et
900 2028 979 2083 tunc
1005 2040 1071 2082 non
1095 2025 1258 2081 uenerunt
1283 2016 1384 2101 Hugo
1406 2023 1441 2078 et

335 2119 475 2184 Isabella
488 2142 548 2184 nec
563 2120 709 2206 Rogerus
723 2142 782 2184 nec
798 2142 832 2185 se
847 2119 963 2185 easou'²
977 2129 1047 2197 etc,
1058 2128 1093 2184 et
1104 2118 1267 2183 Henricus
1275 2117 1395 2203 optulit
1407 2138 1441 2179 se

336 2222 516 2308 perplures
530 2221 607 2300 dies,
623 2232 657 2287 et
677 2223 750 2289 ideo
765 2224 1014 2291 Consideratum
1034 2232 1084 2289 est
1103 2224 1190 2310 quod
1210 2222 1341 2287 feodum
1359 2220 1442 2285 illud

336 2325 483 2409 capiatur
494 2324 528 2387 in
537 2348 670 2390 manum
682 2326 805 2390 domini
816 2327 918 2414 Regis
927 2336 986 2391 etc.
997 2336 1032 2392 et
1042 2328 1189 2413 Rogems
1200 2333 1444 2390 summoneatur

336 2427 422 2513 quod
438 2428 481 2491 sit
500 2428 536 2491 in
550 2429 673 2494 octabis
693 2430 723 2495 S.
740 2430 861 2495 Hilarii
880 2431 1052 2497 auditurus
1071 2431 1147 2496 inde
1167 2430 1325 2494 iudicium
1345 2450 1442 2492 suum

339 2542 408 2609 etc,
431 2532 509 2618 quia
530 2532 677 2619 Rogerus
698 2542 737 2598 ut
759 2545 922 2599 warantus
942 2535 1046 2618 ipsius
1066 2535 1206 2599 Isabelle
1228 2534 1269 2598 de
1286 2534 1362 2597 dote
1384 2552 1444 2596 sua

338 2636 560 2702 warentizauit
583 2638 689 2702 eidem
705 2646 825 2703 terram
848 2640 938 2704 illam
962 2649 996 2705 et
1018 2640 1142 2704 dictum
1166 2640 1231 2704 fuit
1253 2638 1388 2724 Hugoni
1409 2646 1444 2701 et

339 2734 477 2799 Isabelle
492 2735 579 2820 quod
593 2746 796 2801 remanerent
811 2738 896 2802 sicut
910 2738 1080 2803 iusticiarii
1094 2738 1308 2802 recordantur.

405 2838 501 2903 'Dies
514 2840 611 2904 datus
631 2848 680 2905 est
702 2842 846 2905 Johanni
860 2841 901 2906 de
923 2842 1036 2906 Monte
1058 2843 1165 2906 Acuto
1187 2851 1222 2906 ct
1243 2841 1383 2905 Martino
1403 2839 1444 2903 de

341 2942 532 3007 Bestanora‘
547 2942 587 3006 de
602 2942 764 3009 audiendo
778 2942 898 3009 iudicio
913 2944 954 3009 de
971 2944 1134 3031 uilenagio
1148 2944 1250 3029 ipsius
1261 2944 1395 3009 Martini
1410 2944 1445 3008 in

340 3046 471 3109 octabas
488 3044 519 3109 S.
536 3045 657 3109 Hilan'i
671 3054 729 3109 etc
776 3047 819 3111 Et
839 3046 1006 3111 sciendum
1027 3046 1112 3133 quod
1132 3069 1239 3111 coram
1261 3045 1446 3110 iusticiariis

340 3147 570 3213 itinerantibus
585 3147 649 3212 fuit
666 3147 795 3233 loquela
808 3148 950 3214 deducta
970 3149 1020 3213 ita
1038 3149 1161 3213 scilicet
1183 3148 1238 3213 ut⁵
1259 3148 1323 3233 ipsi
1343 3170 1445 3212 recor-
1569 3164 1575 3179 ·

340 3252 461 3316 dantur
489 3252 575 3337 quod
601 3251 688 3316 idem
714 3252 881 3317 lohannes
902 3252 1033 3317 uocauit
1058 3253 1101 3317 ad
1122 3261 1301 3317 warantum
1323 3252 1446 3316 curiam

341 3353 464 3419 domini
476 3353 576 3440 Regis
586 3354 673 3439 quod
687 3354 722 3418 in
734 3355 823 3419 curia
833 3355 935 3441 Regis
944 3356 968 3421 J
968 3356 1104 3420 ohannis
1115 3355 1328 3421 diracionauit
1339 3356 1446 3440 ipsum

342 3456 521 3520 Martinam
548 3463 585 3519 ut
611 3456 770 3520 uillanum
795 3480 892 3521 suum
918 3480 976 3543 per
1004 3458 1144 3522 iuratam
1174 3458 1250 3522 inde
1278 3458 1366 3521 inter
1394 3479 1449 3521 eos

342 3568 479 3645 captam,
495 3567 529 3623 et
546 3559 667 3644 quesiti
686 3570 763 3624 sunt
783 3561 881 3624 rotuli
902 3570 936 3625 et
957 3562 1131 3626 inuentum
1151 3571 1201 3626 est
1222 3563 1258 3626 in
1279 3561 1385 3626 rotulo
1406 3561 1448 3625 de

343 3665 494 3728 thesauro
509 3662 595 3749 quod
610 3664 716 3728 iurata
730 3673 826 3750 capta
841 3665 904 3729 fuit
917 3687 957 3731 ex
969 3688 1124 3730 consensu
1139 3666 1283 3750 parcium
1294 3665 1381 3728 inter
1395 3686 1450 3729 eos

343 3766 385 3833 ad
410 3766 700 3853 recognoscendum
724 3767 810 3851 quod
836 3767 1009 3833 seruicium
1035 3777 1069 3832 et
1094 3790 1175 3853 quas
1200 3766 1450 3832 consuetudines

344 3870 435 3935 Alur'
449 3878 544 3955 pater
565 3870 667 3955 ipsius
689 3870 823 3935 Martini
843 3871 920 3935 fecit
940 3871 1046 3935 eidem
1067 3870 1090 3935 J
1092 3870 1212 3935 ohanni
1233 3870 1286 3934 die
1309 3880 1343 3933 et
1365 3891 1450 3934 anno

192 3972 218 4000 ¹¹⁰
279 3970 301 3999 ⁰⁸
345 3991 409 4055 quo
424 3969 513 4045 obiit,
526 3977 559 4033 et
571 3969 727 4034 iuratores
738 3970 891 4035 dixenmt
900 3970 985 4055 quod
997 3970 1085 4034 idem
1091 3970 1186 4034 'Alur’
1199 3970 1306 4034 tenuit
1318 3978 1449 4033 centum

181 3972 192 4001 s
219 3960 278 3999 tuum

182 4008 264 4047 raclous
272 4010 326 4045 tane·

182 4054 246 4093 menti
255 4052 327 4092 ulllaui

181 4104 213 4141 sot
221 4103 305 4149 propter

345 4094 433 4137 acras
453 4080 537 4135 terre
558 4094 631 4135 cum
651 4073 670 4135 l.
693 4072 808 4137 ouibus
828 4073 868 4137 de
890 4073 1002 4138 eodem
1024 4074 1173 4139 Johanne
1196 4097 1254 4160 pro
1274 4098 1324 4139 xx.
1341 4073 1451 4137 solidis

378 4264 386 4295 ¹
405 4266 434 4313 de
442 4266 497 4327 sac’
510 4267 582 4314 oiart'.
933 4300 935 4305 -
955 4269 966 4298 ⁴
982 4267 1116 4325 Beatam,
1128 4268 1166 4323 Β;
1189 4267 1327 4328 Beatoncr’,
1341 4267 1372 4316 A.

377 4330 388 4360 ²
404 4329 532 4389 Probably
543 4332 739 4379 estoniensi-unt.
955 4334 965 4362 ⁵
983 4334 1048 4395 quod
1059 4338 1107 4381 not
1117 4340 1154 4387 ut.
1166 4333 1197 4383 B.

377 4394 756 4454 3Α.ιιι.17(1.;Β.ιιι.ι3ι1.
