3342 5217
327 378 369 439 54
558 388 877 449 meministi).
902 376 995 449 1219,
1017 390 1080 437 nn
1105 377 1198 437 3-4.

326 558 418 623 feodo
443 569 478 623 et
507 558 577 623 iure
604 568 748 644 tempore
778 560 807 624 J.
837 560 936 646 Regis
962 561 1064 645 petris
1089 570 1150 625 etc.
1175 560 1331 647 capiendo
1356 561 1432 625 inde

325 659 456 743 expleta
471 667 531 723 etc.
547 667 581 722 et
596 658 631 723 in
646 681 744 743 quam
758 658 846 723 idem
863 659 953 722 Prior
967 682 1032 723 non
1047 660 1146 724 habet
1166 660 1346 746 ingressum
1370 660 1433 724 nisi

324 784 383 847 per
397 762 420 826 J
421 762 581 825 ohannem
597 761 644 825 le¹
659 762 783 848 Birlryn
799 763 961 847 quondam
977 763 1084 828 uirum
1100 764 1202 849 ipsius
1220 764 1361 849 Agnetis
1380 764 1434 827 cui

324 865 395 949 ipse
409 865 626 929 contradicere
641 887 705 929 non
720 866 829 950 potuit
844 876 879 929 et
894 866 969 930 inde
984 867 1133 952 producit
1152 876 1274 932 sectam
1295 889 1358 952 que
1373 866 1433 930 hoc

325 978 473 1035 testatur.

392 1076 435 1138 Et
459 1075 550 1138 Prior
572 1074 665 1138 uenit
689 1081 723 1139 et
743 1073 889 1139 defendit
911 1074 963 1138 ius
984 1096 1080 1138 suum
1103 1083 1138 1139 et
1158 1074 1244 1161 quod
1265 1098 1432 1161 nunquam

326 1176 507 1261 ingressum
527 1175 642 1241 habuit
667 1198 725 1262 per
744 1176 928 1262 predictum
947 1176 1131 1241 «Iohannem
1151 1178 1236 1243 sicut
1255 1178 1345 1243 curin
1358 1202 1432 1243 eon·

326 1278 517 1343 siderauerit
532 1278 618 1364 quod
632 1280 804 1344 defendere
819 1280 947 1344 debeat.
992 1271 1137 1346 Concord
1152 1282 1224 1345 etc*

391 1383 564 1448 ³Rica1dus
585 1385 615 1447 le
630 1384 750 1448 Harre‘
766 1391 800 1448 et
815 1383 995 1469 Antigonia
1008 1407 1090 1448 uxor
1103 1385 1174 1449 eius
1187 1393 1307 1469 petunt
1321 1408 1434 1450 uersus

259 1531 265 1543 ·
328 1487 502 1552 Ricardum
522 1488 562 1553 de
585 1488 714 1574 Tyuilla
731 1489 754 1574 j.
776 1489 938 1574 uirgatem
961 1496 1047 1553 terre
1070 1512 1145 1553 cum
1168 1488 1376 1573 pertinenciis
1399 1490 1434 1552 in

256 1593 261 1604 '
328 1590 470 1654 Bestona
495 1600 533 1655 ut
558 1590 609 1655 ius
623 1591 725 1676 ipsius
739 1591 918 1677 Antigonie
934 1600 968 1655 et
989 1599 1027 1655 ut
1051 1591 1141 1655 illam
1165 1592 1252 1656 unde
1277 1592 1433 1656 Ricardus

327 1692 368 1755 de
393 1692 551 1757 Budenho
570 1701 664 1778 pater
683 1694 785 1778 ipsius
805 1693 984 1779 Antigonie
1003 1694 1067 1758 fuit
1080 1694 1211 1759 seisitus
1225 1695 1260 1758 in
1274 1694 1433 1759 dominico

327 1818 386 1859 suo
409 1804 448 1860 ut
471 1796 512 1860 de
534 1796 626 1861 feodo
647 1804 791 1881 tempore
814 1797 845 1862 J.
867 1798 967 1883 Regis
987 1798 1143 1883 capiendo
1166 1808 1225 1863 etc
1247 1800 1324 1885 qnia
1346 1799 1433 1864 idem

329 1900 485 1965 Ricardus
519 1910 638 1965 terram
673 1900 762 1964 illam
797 1899 889 1964 dedit
918 1900 1046 1964 cuidam
1075 1901 1213 1966 Ricardo
1242 1903 1370 1967 Blundo
1399 1903 1433 1966 in

328 2004 535 2089 maritagium
550 2027 624 2067 cum
640 2002 800 2067 Matillide
812 2024 917 2067 sorore
927 2002 997 2067 eius
1008 2004 1182 2068 tenendam
1193 2027 1251 2090 per
1261 2005 1434 2070 seruicium

327 2108 389 2192 xvj.
407 2107 435 2171 d.
452 2107 508 2192 qui
523 2108 708 2172 habuerunt
728 2106 891 2192 quendam
910 2107 1015 2171 filium
1036 2108 1165 2172 nomine
1189 2110 1434 2173 Heremannum

327 2210 384 2295 qui
410 2211 450 2275 de
476 2219 562 2275 terra
587 2210 643 2275 illa
668 2211 749 2276 obiit
771 2211 901 2275 seisitus
922 2211 992 2275 sine
1014 2212 1132 2277 herede
1154 2212 1195 2277 de
1216 2235 1346 2298 corpore
1368 2236 1435 2289 suo,

328 2311 414 2375 unde
440 2311 553 2376 dicunt
579 2311 664 2397 quod
690 2320 776 2377 terra
801 2312 858 2376 illa
880 2312 979 2377 debet
1002 2314 1123 2378 reuerti
1146 2313 1188 2377 ad
1211 2314 1315 2400 ipsam
1338 2316 1435 2379 Anti-

326 2414 457 2499 goniem
472 2422 510 2477 ut
525 2414 567 2478 ad
582 2414 733 2479 heredem
748 2414 886 2500 predicti
901 2414 1031 2480 Ricardi
1042 2415 1083 2479 de
1095 2416 1253 2480 Budenho
1264 2417 1434 2483 donatoris

327 2516 451 2581 Dicunt
474 2518 576 2581 eciam
598 2518 683 2603 quod
703 2517 791 2582 idem
811 2518 969 2583 Ricardus
983 2541 1049 2582 non
1063 2518 1163 2584 habet
1177 2519 1358 2605 ingressum
1373 2521 1436 2585 nisi

327 2642 385 2703 per
398 2620 610 2684 intrusionem
626 2628 699 2706 post
714 2630 852 2684 mortem
872 2621 1010 2707 predicti
1026 2623 1227 2687 Heremanni
1241 2632 1276 2687 et
1290 2633 1435 2710 tempore

326 2745 442 2807 guerre
457 2731 492 2787 et
505 2723 581 2787 inde
596 2724 778 2809 producunt
793 2734 915 2789 sectam
930 2734 990 2789 etc.

393 2826 436 2889 Et
460 2826 617 2891 Ricardus
640 2827 786 2891 defendit
809 2828 861 2891 ius
884 2827 986 2912 ipsius
1005 2828 1184 2914 Antigonie
1206 2838 1241 2893 et
1256 2830 1335 2895 dicit
1350 2830 1435 2919 quod

326 2950 391 2990 non
411 2928 510 2991 debet
530 2928 576 2991 eis
595 2928 795 3013 respondere,
810 2928 888 3015 quia
907 2930 978 3015 ipsa
996 2931 1176 3017 Antigonia
1195 2933 1295 2998 habet
1314 2935 1436 3012 fratres,

327 3028 425 3114 quisi
441 3029 511 3114 ipsa
530 3030 581 3093 ius
602 3030 744 3108 haberet,
759 3032 822 3117 ipsi
842 3032 948 3096 maius
968 3033 1019 3097 ius
1041 3034 1199 3099 haberent
1221 3044 1256 3099 et
1276 3035 1350 3101 ideo
1372 3059 1436 3101 non

327 3133 401 3196 uult
416 3134 607 3218 respondere
623 3135 686 3199 nisi
701 3136 790 3200 curia
804 3136 1062 3202 considerauerit.

393 3237 436 3299 Et
452 3237 514 3321 ipsi
528 3238 642 3302 dicunt
662 3238 748 3324 quod
768 3238 839 3324 ipsa
856 3240 983 3304 nullum
998 3241 1098 3306 habet
1112 3242 1245 3307 hutrem
1259 3252 1310 3308 set
1323 3266 1438 3309 reuera

328 3339 445 3403 habuit
464 3341 596 3404 fratrem
617 3342 674 3425 qui
694 3341 810 3407 habuit
833 3343 917 3407 filios
937 3344 994 3428 qui
1013 3345 1204 3430 superstites
1218 3356 1304 3423 sunt,
1320 3357 1355 3412 et
1376 3348 1437 3412 hoc

329 3464 394 3505 non
415 3442 513 3507 debet
535 3442 581 3507 eis
604 3466 726 3519 nocere,
741 3444 818 3529 quia
839 3445 911 3530 ipsa
932 3447 1050 3510 clamat
1072 3455 1183 3511 tenere
1205 3456 1325 3513 terram
1347 3449 1437 3514 illam

330 3542 369 3605 de
400 3543 446 3606 eis
470 3552 508 3607 ut
538 3543 578 3608 de
608 3546 781 3610 heredibus
811 3547 975 3612 donatoris
1004 3548 1081 3634 quia
1109 3572 1174 3613 non
1203 3561 1339 3636 possunt
1368 3575 1437 3617 esse

330 3646 422 3709 heres
447 3654 480 3709 et
510 3646 682 3727 dominns⁵,
713 3671 750 3712 eo
781 3650 867 3735 quod
891 3651 1100 3737 maritagium
1125 3652 1241 3718 debuit
1263 3654 1437 3721 seruicium

331 3748 385 3833 xij.
401 3748 443 3813 d.⁶

362 3934 371 3965 ¹
389 3935 418 3983 dc
430 3938 476 3983 not
489 3938 519 3993 lc,
531 3936 560 3985 Α.
941 3942 952 3974 θ
969 3942 1033 3992 This
1051 3958 1109 3993 csse
1127 3944 1205 4009 (cited
1223 3944 1258 4008 by
1275 3946 1397 4007 Bronton,
1418 3948 1436 3996 i.

362 4000 541 4049 ῃΟοιιεονααεί
568 4010 626 4051 rura
649 4020 698 4067 per
728 4007 866 4055 Iicrrcricm'
908 4009 951 4069 23)
968 4012 1043 4057 turns
1061 4024 1095 4057 on
1114 4010 1158 4059 the
1175 4025 1254 4071 qucer
1271 4012 1327 4061 rnle
1346 4015 1437 4061 ‘nemo

330 4066 531 4114 iusticiariorum
547 4068 655 4117 habeant
671 4071 855 4132 circoruphum,
908 4077 993 4134 potest
1005 4088 1061 4123 ense
1071 4074 1229 4124 dominuset
1245 4075 1338 4129 heres)
1372 4077 1437 4140 Sup-

329 4128 359 4175 A.
395 4130 441 4177 See
451 4130 532 4179 above
544 4132 608 4180 Gase
619 4134 650 4180 22
662 4134 702 4182 for
715 4149 750 4183 an
765 4137 858 4186 earlier
907 4152 970 4199 pose
981 4141 1050 4200 (eg.)
1061 4142 1082 4187 A
1095 4139 1144 4189 has
1154 4140 1226 4189 three
1237 4156 1300 4189 sons
1310 4141 1395 4190 whom
1407 4143 1436 4190 in

329 4198 401 4253 stage
412 4194 441 4247 or
451 4194 503 4243 this
514 4196 609 4245 aetion.
908 4202 983 4251 order
1001 4205 1030 4252 of
1045 4203 1116 4253 birth
1131 4220 1168 4255 we
1185 4205 1236 4254 coll
1250 4208 1282 4266 B,
1302 4207 1331 4267 0,
1349 4209 1389 4263 D,·
1414 4210 1435 4255 A

360 4256 418 4305 ΒΑ.
431 4272 465 4305 m.
480 4260 524 4321 ll;
542 4260 572 4308 B.
586 4275 620 4309 m.
634 4262 673 4311 10.
769 4268 771 4272 “
907 4267 1015 4316 cnieofls
1036 4271 1058 4317 0
1077 4272 1104 4319 to
1123 4269 1186 4318 hold
1205 4270 1234 4318 oi
1251 4270 1308 4319 him
1327 4274 1385 4332 (ὣς
1414 4276 1435 4319 Α

361 4323 370 4353 ⁴
388 4324 476 4381 Herm,
489 4324 519 4371 B.
908 4331 962 4380 dies
973 4333 1026 4381 and
1037 4333 1082 4381 the
1093 4333 1212 4397 seignory
1225 4334 1349 4384 descende
1361 4341 1388 4385 to
1399 4338 1437 4395 n;

359 4388 369 4419 ⁵
387 4388 429 4437 Sie
440 4388 469 4449 A,
485 4390 584 4439 heredes
596 4400 619 4440 ct
631 4393 733 4451 domini,
747 4394 778 4443 B.
907 4396 971 4446 then
985 4398 1070 4447 Cdies
1086 4398 1196 4450 nithout
1211 4400 1294 4460 issum
1314 4403 1339 4450 D
1354 4405 1402 4451 not
1413 4403 1436 4451 R
