3342 5217
231 133 350 189 terram
376 123 466 189 illam
490 130 525 187 et
548 122 602 187 die
626 144 690 209 quo
714 144 786 185 eam
810 120 1020 205 desponsauit
1044 128 1078 184 et
1098 142 1225 205 semper
1238 120 1340 185 donee

231 230 332 315 Hugo
346 229 388 293 de
403 228 562 312 Morewyc
577 226 685 312 ipsum
699 224 776 290 inde
791 224 896 290 eiecit.
942 224 985 287 Et
1000 223 1129 309 quesita
1142 224 1271 309 quando
1290 224 1341 289 uir

230 356 308 398 enus
323 332 405 398 obiit
420 331 500 396 dicit
514 330 602 416 quod
615 354 645 396 n
660 330 754 393 annis
768 328 895 414 elapsis,
911 336 945 392 et
966 326 1107 413 quesita¹
1128 328 1257 413 quando
1278 329 1341 393 fuit

231 436 433 523 desponsata,
448 434 529 500 dicit
543 434 629 521 quod
643 433 782 521 triginta
795 431 889 497 annis
904 431 1022 517 elapsis
1036 440 1071 496 et
1086 454 1124 496 eo
1141 432 1290 519 amplius,
1306 439 1341 497 et

229 540 310 606 dicit
333 541 421 627 quod
444 540 496 604 uir
514 562 593 605 suus
612 546 785 625 postquam
803 536 868 600 fuit
887 534 1067 599 disseisitus
1082 534 1187 600 exiuit
1200 557 1222 600 a
1235 536 1342 622 patria

230 645 325 732 longe
341 652 418 709 ante
433 664 598 731 gwerram.
644 642 688 705 Et
703 639 867 728 cognoscit
882 639 969 725 quod
988 638 1155 725 predictus
1177 640 1277 726 Hngo
1299 639 1340 705 dc

230 749 389 835 Morewyc
404 747 461 833 qui
479 746 595 811 debuit
617 744 726 809 uirum
746 766 842 808 suum
862 742 1074 807 disseisiuisse
1094 744 1177 809 obiit
1195 753 1340 830 tempore

233 852 367 918 Henrici
389 851 490 938 Regis
504 850 560 915 aui
575 850 669 915 Dom.
686 848 793 936 Regis
841 848 885 912 Et
899 848 978 933 quia
991 870 1056 912 non
1071 857 1179 934 potest
1193 848 1341 915 dedicere

230 956 309 1042 quin
327 955 492 1042 predictus
507 956 608 1041 Hugo
623 953 681 1040 qui
702 952 881 1017 disseisiuit
900 952 1008 1017 uirum
1031 952 1142 1017 suurn'
1164 962 1339 1041 antequam

229 1061 424 1147 desponsata
446 1066 532 1124 essct
551 1066 587 1123 et
606 1058 685 1143 quia
704 1059 775 1143 ipsa
793 1056 918 1121 nullam
941 1066 1063 1122 sectam
1085 1057 1234 1143 producit
1255 1060 1340 1143 quod

230 1169 317 1226 esset
338 1161 374 1225 in
397 1160 517 1225 saisina
539 1159 670 1245 quando
695 1158 759 1223 fuit
784 1158 986 1243 desponsata,
1014 1159 1263 1225 consideratum
1290 1168 1341 1225 est

231 1267 315 1351 quod
332 1266 432 1352 Hugo
447 1265 523 1330 inde
538 1265 607 1329 sine
621 1263 675 1329 die
690 1272 725 1329 et
740 1263 877 1328 Matillis
892 1264 926 1328 in
939 1264 1164 1329 misericordia.
1182 1287 1313 1351 pauper.

295 1368 476 1434 'Robertus
490 1369 532 1433 de
547 1368 657 1434 Rikot'
666 1369 752 1455 petit
763 1392 877 1434 uersus
890 1368 1056 1435 Andream
1068 1370 1173 1434 filium
1185 1370 1342 1435 Wiflelmi
1417 1391 1463 1420 ¹⁰¹³·

230 1471 307 1537 dim.
322 1495 424 1538 carue.
441 1481 476 1537 et
490 1482 631 1559 quatuor
646 1474 727 1561 uirg.
743 1482 778 1538 et
792 1474 904 1539 decem
923 1496 983 1539 aer.
1006 1482 1090 1539 terre
1114 1496 1188 1539 eum
1210 1483 1291 1560 pert.
1306 1476 1342 1539 in

231 1577 418 1662 Horspathe
434 1586 473 1641 ut
487 1577 539 1641 ius
553 1600 659 1655 suum,
674 1578 761 1642 unde
777 1578 911 1664 quidam
927 1587 997 1658 etc,
1012 1587 1047 1643 et
1060 1578 1214 1644 similiter
1227 1600 1341 1643 uersus

230 1679 372 1743 eundem
401 1680 568 1744 Andream
597 1679 674 1745 dim.
709 1703 811 1745 came
843 1690 877 1745 et
906 1690 1047 1767 quatuor
1079 1681 1160 1769 uirg.
1191 1689 1276 1745 terre
1306 1680 1341 1746 in

230 1784 390 1850 Bilrebroc
405 1793 444 1849 ut
463 1785 515 1849 ius
535 1808 641 1864 suum,
656 1786 743 1850 unde
762 1785 896 1872 quidam
917 1786 1082 1851 Walterus
1103 1786 1191 1850 filius
1213 1786 1340 1873 Mayne‚

229 1887 297 1952 scil.
311 1886 353 1953 de
368 1894 455 1951 terra
472 1887 514 1953 de
534 1888 721 1974 Horspathe
740 1888 805 1953 fuit
824 1888 955 1954 saisitus
975 1889 1010 1953 in
1032 1889 1193 1954 dominico
1215 1912 1282 1969 suo,
1302 1898 1342 1953 ut

229 1990 271 2056 de
295 1992 388 2057 feodo
411 2002 445 2057 et
468 1993 547 2071 iure,
570 2002 715 2079 tempore
738 1994 780 2060 H.
804 1994 905 2081 Regis
927 1994 983 2058 eui
1004 2002 1065 2059 etc.
1087 2002 1122 2059 et
1141 1993 1182 2058 de
1199 2002 1286 2058 terra
1300 1994 1340 2059 de

230 2095 389 2160 B'rkebroc
414 2105 560 2181 tempore
583 2096 684 2183 Regis
705 2096 846 2175 Ricardi,
869 2096 1026 2183 capiendo
1048 2096 1124 2161 inde
1146 2096 1278 2181 expleta
1299 2097 1341 2162 ad

230 2200 410 2265 ualenciam
429 2201 454 2286 j.
470 2224 577 2267 marce
600 2224 658 2287 per
677 2209 794 2277 totum,
810 2209 846 2266 et
870 2202 910 2266 de
933 2200 1079 2287 predicto
1095 2200 1249 2278 Waltero,
1264 2201 1342 2287 quia

230 2305 313 2369 obiit
338 2305 408 2370 sine
435 2306 554 2371 herede
579 2306 621 2371 de
645 2329 689 2385 se,
711 2305 881 2371 descendit
905 2306 956 2371 ius
983 2313 1068 2371 terre
1097 2305 1186 2370 illius
1211 2306 1340 2371 cuidam

229 2410 386 2475 Matillidi
407 2419 447 2475 ut
468 2411 568 2476 sorori
589 2420 625 2477 et
647 2411 767 2489 heredi,
789 2411 832 2478 de
854 2411 1002 2497 predicta
1023 2409 1184 2475 Metillide
1210 2408 1340 2474 cuidam

230 2514 395 2579 Willelmo
424 2522 463 2579 ut
492 2515 560 2580 fih'o
587 2523 622 2579 ct
652 2515 773 2592 heredi,
802 2516 901 2579 etde
927 2514 1072 2601 predicto
1096 2512 1260 2577 Willelmo
1283 2512 1340 2576 isti

229 2616 372 2681 Roberto
388 2617 445 2703 qui
458 2640 545 2684 nunc
560 2619 646 2705 petit
661 2626 700 2683 ut
714 2619 782 2684 filio
797 2627 832 2685 et
848 2619 960 2684 heredi
975 2626 1044 2697 etc,
1060 2625 1095 2682 et
1110 2616 1197 2703 quod
1212 2616 1279 2681 tale
1294 2616 1339 2681 eit

227 2726 280 2790 ius
294 2748 400 2804 suum,
414 2733 474 2791 etc,

294 2830 338 2895 Et
352 2832 502 2898 Andreas
517 2833 610 2898 uenit
625 2842 661 2899 et
675 2834 823 2900 defendit
844 2836 896 2900 ius
915 2857 1011 2899 suum
1032 2842 1066 2899 et
1084 2833 1164 2899 dicit
1178 2834 1282 2921 primo
1296 2832 1338 2899 de

227 2945 315 3001 terra
338 2935 379 3001 de
402 2937 589 3023 Horspathe
612 2939 700 3023 quod
723 2962 789 3004 non
813 2939 913 3004 debet
937 2938 967 3004 ei
991 2938 1183 3025 respondere
1208 2940 1285 3025 quia
1310 2938 1338 3003 si

226 3037 352 3123 aliquid
366 3038 446 3104 iuris
461 3040 600 3105 clamare
621 3049 730 3127 posset
750 3042 785 3106 in
804 3050 893 3107 terra
911 3042 976 3120 illa,
991 3064 1056 3107 non
1076 3050 1184 3127 posset
1199 3043 1337 3107 clamare
1350 3057 1482 3144 Not-‹13⁶0-

228 3142 292 3207 nisi
313 3143 526 3209 medietatem
548 3144 694 3230 predicte
716 3154 811 3226 terre,
826 3146 904 3233 quia
925 3146 1058 3232 quidam
1080 3145 1199 3231 Mayne
1221 3116 1479 3245 hebuit{1¹4⁸iifj3’{¹:¹52r

229 3241 311 3308 duos
332 3243 417 3307 filios
440 3244 615 3308 Ricardum
640 3252 675 3309 et
694 3245 888 3323 walterum,
908 3254 942 3309 et
962 3244 1044 3309 duas
1066 3244 1148 3309 filies
1169 3244 1337 3309 Julianam
1350 3245 1500 3331 3¹:¹33qu

229 3358 264 3411 et
282 3347 488 3425 Matillidem‚
502 3348 668 3414 Walterus
687 3349 770 3414 obiit
792 3350 862 3415 sine
885 3348 1003 3415 herede
1025 3348 1066 3414 dc
1089 3372 1131 3426 se,
1147 3356 1182 3414 et
1203 3348 1227 3413 J
1228 3349 1339 3413 uliana
1350 3338 1494 3425 mitid„

228 3450 346 3517 habuit
368 3452 532 3537 quandam
555 3452 656 3518 filiam
679 3453 874 3541 Margen'am
897 3453 1028 3519 nomine
1051 3476 1113 3540 que
1144 3453 1207 3517 fuit
1233 3432 1482 3518 muserdde&

229 3554 368 3641 predicti
381 3554 520 3634 Annae
536 3563 571 3621 et
585 3555 627 3621 <a
642 3555 805 3622 natoue
820 3557 925 3621 exon
947 3556 1079 3643 quidam
1097 3555 1287 3636 wortunae,
1302 3524 1432 3621 et⁶⁰⁹¹¹¹⁴·

262 3716 390 3793 lpmita
419 3715 506 3769 interh
539 3718 575 3781 by
602 3721 757 3781 annotator3
842 3718 917 3771 ⁴See
927 3718 1057 3781 marginal
1073 3723 1134 3770 note
1152 3722 1180 3770 to
1197 3718 1262 3771 Osse
1278 3720 1335 3773 809.

230 3787 317 3833 notrn
328 3783 359 3833 A.
810 3784 892 3834 There
908 3799 970 3848 may
986 3785 1018 3834 be
1034 3783 1093 3835 duel
1110 3800 1139 3835 or
1154 3785 1238 3848 grand
1253 3786 1336 3837 assize

263 3847 342 3910 ’eie
358 3847 396 3907 A;
415 3847 527 3912 perhaps
544 3851 589 3913 qui
605 3849 692 3900 before
707 3851 759 3900 dio·
809 3850 921 3899 between
941 3850 1061 3900 kinemen
1081 3849 1104 3899 ir
1124 3850 1169 3901 the
1191 3865 1240 3901 one
1261 3850 1336 3902 relies

230 3911 607 4028 uipipitshopplrgbeomitted.
810 3929 846 3964 on
855 3914 969 3975 desoent,
978 3915 1023 3966 the
1034 3914 1109 3967 other
1120 3929 1154 3965 on
1165 3916 1217 3967 fine
1227 3931 1257 3967 or
1265 3916 1335 3967 faofi·

314 3992 370 4029 ‚na
442 4012 449 4027 .
809 3982 891 4031 ment.
