3342 5217
405 429 538 479 nmmr
561 428 635 478 mn
657 428 795 490 essem,
817 427 883 479 sn.
906 414 1001 490 1220,
1024 427 1086 477 ss.
1111 414 1140 477 4.
1283 410 1325 479 77

220 601 322 667 Viteli
337 611 371 667 et
391 602 518 689 Rogero
535 624 601 667 non
621 600 720 667 debet
742 609 829 666 terre
849 601 908 666 illa
928 598 1121 665 descendere
1142 598 1213 663 iure
1235 597 1326 663 here·

220 706 345 784 ditaris,
375 707 453 793 quis
481 706 615 793 quidam
645 705 821 772 Geufridus
847 706 889 771 de
914 706 1056 771 Limesie
1077 707 1186 771 tenuit
1208 714 1327 771 terram

219 812 309 876 illam
334 820 374 876 ut
397 811 449 876 ius
472 834 576 875 suum
622 811 715 875 Idem
743 810 918 875 Gsufn'dus
942 810 1062 875 hebuit
1091 832 1193 876 unum
1222 810 1327 874 filium

218 915 401 981 Walterum
425 916 556 980 nomine
580 925 614 979 et
637 915 718 980 duas
741 914 834 993 filias,
853 914 1050 979 Bestrieiam
1069 923 1105 979 et
1124 914 1327 979 Metillidem

218 1017 313 1083 Idem
333 1018 509 1083 Gsufridus
528 1017 621 1082 dedit
641 1024 761 1081 terram
781 1017 872 1081 illem
891 1017 927 1081 in
941 1016 1152 1103 maritagium
1166 1040 1242 1082 cum
1256 1039 1328 1102 pre·

218 1120 306 1185 diets
320 1120 483 1185 Bestrieia
497 1120 642 1207 predicto
657 1120 840 1206 Regineldo
854 1120 922 1184 filio
934 1120 1021 1205 Ursy
1032 1120 1092 1185 tali
1103 1119 1328 1197 conuencione,

98 1266 101 1274 Α
219 1224 304 1309 quod
319 1223 347 1287 si
362 1224 433 1309 ipss
448 1224 610 1289 Bestrieia
624 1224 748 1289 obieret
763 1224 833 1288 sine
849 1223 966 1289 herede
985 1224 1026 1289 de
1046 1246 1175 1310 corpore
1195 1247 1254 1289 suo
1273 1223 1327 1288 uel

219 1328 248 1392 si
270 1326 405 1393 heredes
428 1328 480 1393 sui
503 1328 624 1393 mertui
644 1335 752 1393 essent
772 1327 842 1391 sine
862 1325 980 1391 herede
999 1327 1038 1391 de
1054 1327 1239 1413 corporibus
1253 1327 1328 1403 suis,

220 1444 306 1501 terra
334 1437 392 1502 ille
421 1445 641 1502 reuerteretur
669 1435 712 1503 ed
741 1436 920 1521 predictam
957 1435 1153 1501 Matilhdem
1189 1458 1328 1500 sororem

219 1540 379 1606 Beatricie
403 1548 439 1605 et
459 1540 502 1605 sd
522 1540 655 1605 heredes
678 1540 777 1617 su0s¹‚
798 1548 832 1605 et
856 1540 934 1626 quis
956 1539 1118 1604 Beetricie
1136 1549 1265 1605 mortua
1278 1547 1329 1603 est

220 1644 293 1709 sine
309 1643 482 1709 heredibus
496 1644 537 1709 de
553 1666 682 1730 corpore
698 1666 764 1722 suo,
779 1666 910 1709 reuersa
924 1652 975 1708 est
989 1651 1077 1709 term
1089 1644 1147 1707 ills
1160 1643 1202 1708 sd
1221 1643 1328 1729 ipsum

219 1748 327 1812 Elism
339 1746 423 1811 sicut
432 1746 473 1811 ad
484 1746 589 1811 fihum
600 1756 634 1811 et
645 1747 799 1813 heredem
809 1748 913 1833 ipsius
923 1745 1103 1823 martinidis,
1112 1754 1147 1810 et
1157 1746 1244 1831 quod
1254 1745 1330 1810 telis

219 1852 284 1915 fuit
306 1851 481 1917 conueneio
507 1852 602 1917 offert
624 1850 820 1916 dirseionere
841 1856 938 1937 prout
958 1850 1048 1915 curis
1070 1848 1329 1926 considerauerit‚

220 1964 256 2020 et
270 1954 298 2019 si
312 1954 373 2019 hoc
387 1976 452 2019 non
466 1954 594 2031 sufficit,
608 1952 703 2019 offert
718 1975 837 2039 ponere
852 1975 886 2017 se
906 1975 1005 2039 super
1023 1974 1176 2040 magnam
1195 1953 1328 2018 assisam

219 2058 344 2125 domini
358 2058 443 2145 regis
457 2058 530 2144 quis
544 2080 656 2123 eorum
671 2058 776 2123 maius
790 2057 958 2125 iushebet
972 2058 1007 2122 in
1022 2066 1109 2122 terra
1122 2058 1186 2122 ills

287 2163 332 2227 Et
355 2164 443 2227 Elias
466 2162 612 2249 quesitus
636 2160 709 2247 quis
732 2161 776 2226 sit
798 2161 893 2226 heres
913 2160 1063 2227 Geufn‘di
1082 2160 1228 2247 predicti,
1248 2160 1328 2225 dicit

220 2268 307 2355 quod
322 2267 454 2355 quidam
469 2268 633 2332 Walterus
648 2266 705 2354 qui
721 2266 786 2332 iuit
805 2267 841 2332 in
861 2268 894 2331 N
896 2266 1096 2332 ermannism
1116 2274 1152 2331 et
1174 2266 1278 2332 nescit
1300 2264 1330 2330 si

221 2371 305 2435 filios
320 2370 421 2435 hebet
436 2392 494 2435 nec
510 2392 558 2435 ne.

288 2475 331 2540 Et
351 2474 414 2560 ipsi
434 2474 574 2539 ueniunt
593 2483 628 2539 et
650 2474 763 2540 dicunt
784 2474 871 2561 quod
891 2498 1005 2540 reuera
1019 2474 1219 2562 Reginsldus
1233 2474 1329 2541 duxit

220 2576 257 2641 in
285 2598 418 2641 uxorem
448 2576 627 2662 predictam
657 2576 862 2654 matricem,
884 2585 935 2641 set
962 2586 1049 2641 terre
1077 2577 1135 2642 ills
1162 2600 1330 2663 nunquam

220 2679 299 2744 date
320 2679 385 2744 fuit
408 2679 443 2743 in
460 2678 669 2766 maritagium
693 2702 768 2745 cum
791 2680 863 2765 ipsa
886 2679 1055 2756 Beetricia,
1076 2680 1153 2765 quis
1172 2680 1330 2745 Ricardus

220 2783 308 2847 filius
331 2782 417 2859 Ursi,
437 2791 531 2869 peter
554 2782 655 2867 ipsius
679 2783 854 2871 Reginaldi
872 2783 981 2848 tenuit
1005 2783 1237 2848 terramillam
1258 2784 1329 2850 iure

219 2885 416 2951 hereditario
431 2892 502 2951 tete
515 2885 587 2949 uita
601 2907 668 2962 sue,
679 2894 714 2950 et
728 2893 802 2971 post
817 2908 893 2951 cum
908 2885 1017 2950 tenuit
1031 2885 1119 2951 idem
1130 2885 1331 2972 Reginsldus

218 2988 446 3054 terramillam
460 2995 498 3053 ut
513 2986 729 3053 hereditatem
744 3010 837 3053 suem
852 3010 911 3074 per
927 2988 1070 3054 multum
1089 2996 1220 3074 tempus
1238 2997 1330 3053 ante·

219 3114 319 3178 quem
334 3091 429 3157 duxit
444 3090 479 3155 in
493 3112 627 3155 uxorem
642 3090 747 3175 ipsam
762 3090 967 3167 Beatriciam‚
982 3098 1018 3155 et
1032 3090 1060 3155 si
1074 3090 1124 3155 ite
1137 3099 1223 3156 emet
1243 3092 1330 3178 quod

217 3194 296 3261 talis
325 3193 499 3261 conueneio
527 3194 613 3258 fecta
645 3202 730 3258 esset
752 3192 792 3259 de
815 3193 996 3280 maritagie‚
1018 3194 1124 3259 etita
1144 3194 1222 3259 data
1243 3203 1329 3259 esset

217 3310 314 3377 terra,
336 3322 401 3363 non
429 3298 502 3363 ideo
531 3297 596 3383 ipsi
625 3296 697 3363 Ehe
727 3298 825 3363 debet
849 3298 1015 3363 termille
1036 3298 1229 3364 descendere
1251 3300 1329 3384 quie

217 3405 307 3471 idem
331 3404 420 3468 Elias
443 3402 560 3468 hebuit
587 3402 720 3467 [mtrem
744 3402 999 3489 primogenitum
1018 3403 1142 3467 scilicet
1162 3403 1328 3469 Andreem

217 3509 277 3596 qui
292 3507 426 3573 heredes
441 3506 549 3571 hebet

286 3612 330 3677 Et
351 3611 439 3676 Elias
458 3610 543 3676 sicut
563 3610 653 3696 prius
673 3609 780 3676 adhuc
799 3610 881 3676 dicit
901 3611 989 3697 quod
1007 3621 1095 3677 terre
1113 3612 1172 3677 ille
1188 3612 1237 3677 ita
1251 3612 1329 3679 data

217 3715 284 3781 fuit
297 3715 332 3779 in
349 3715 554 3799 maritagium
570 3723 604 3778 et
619 3713 705 3798 quod
722 3712 796 3777 telis
811 3713 875 3779 fuit
889 3714 1063 3779 conuencio
1078 3714 1202 3781 scilicet
1216 3738 1329 3780 reuera

217 3820 356 3887 Metillis
378 3828 483 3885 mater
508 3841 567 3885 sua
586 3818 694 3904 plures
720 3817 838 3884 habuit
862 3817 962 3883 filios’
983 3818 1106 3883 scilicet
1127 3818 1328 3885 Willelmum

215 3924 473 4011 primogenitum
499 3930 534 3989 et
563 3923 747 3989 Johennem
777 3931 812 3988 et
841 3922 1015 4001 Andream,
1037 3932 1088 3988 set
1109 3924 1212 4009 quod³
1242 3924 1328 3989 idem

218 4028 311 4093 Elias
332 4027 396 4091 suit
417 4026 546 4091 iuuenis
564 4024 569 4111 Ι
589 4025 658 4091 sine
684 4034 770 4091 terra
798 4025 862 4111 ipsi
884 4024 1076 4114 Willelmus,
1097 4026 1265 4093 Johennes
1294 4036 1329 4093 et
1394 4048 1442 4099 [rs]

252 4244 262 4277 ¹
280 4244 391 4295 Observe
404 4242 458 4293 this
469 4241 609 4291 limitetion
627 4242 656 4291 os
665 4256 699 4291 sn
711 4255 749 4291 es·
800 4242 871 4291 word
886 4242 937 4293 hes
952 4243 1016 4293 been
1039 4244 1128 4295 erased
1147 4244 1176 4293 in
1193 4244 1238 4295 the
1256 4248 1328 4297 note·

218 4314 275 4361 tare
292 4308 321 4359 in
335 4308 490 4370 remainder,
503 4308 543 4356 for
557 4306 621 4357 such
637 4307 664 4356 in
676 4308 750 4357 eflect
801 4306 877 4359 book.

219 4377 241 4425 it
252 4375 284 4427 is.
833 4372 845 4405 ³
861 4376 931 4436 quia,
944 4372 975 4424 B.

252 4441 264 4474 ¹
276 4438 463 4504 prtmcyem'toc
471 4436 533 4497 A,B
545 4435 611 4499 edd;
622 4435 666 4487 the
678 4451 749 4487 seme
