3342 5217
351 419 413 480 188
662 427 803 490 unsar,
825 430 890 481 su.
915 417 1009 493 1224,
1031 431 1093 481 ss.
1118 422 1146 481 8.

349 627 447 690 super
468 606 608 670 iuratam
629 613 664 670 et
687 605 761 670 ideo
779 605 905 671 ueniet¹
925 605 1034 670 iurata
1050 605 1093 670 sd
1114 601 1405 690 recognoscendum
1427 601 1455 666 si

349 707 513 792 predictus
529 708 693 773 Walterus
715 731 800 772 anno
818 717 853 772 et
875 709 929 772 die
951 731 1015 793 quo
1038 706 1120 771 obiit
1143 707 1252 771 tenuit
1274 704 1455 790 mesagium

350 810 431 874 illud
447 819 481 874 et
496 809 523 874 si
538 809 578 874 de
593 809 663 895 ipso
678 811 822 875 Waltero
837 809 1004 874 descendit
1019 809 1198 896 mesagium
1214 808 1296 872 illud
1310 806 1455 892 predicte

351 913 511 979 Cristiane
527 920 565 977 ut
580 913 678 976 sorori
694 922 728 977 et
743 912 854 976 heredi
869 935 927 976 suo
948 920 982 975 et
1000 911 1029 975 si
1046 911 1211 997 predictus
1226 909 1333 973 Adam
1353 909 1454 972 elium

350 1015 530 1100 ingressum
560 1013 676 1078 habuit
705 1014 740 1078 in
769 1014 952 1099 predictum
975 1013 1156 1099 mesagium
1180 1035 1278 1098 quam
1300 1033 1359 1098 per
1383 1033 1454 1096 pre·

350 1117 475 1181 dictum
505 1118 684 1182 Robertum
715 1117 877 1203 quondam
907 1117 1015 1181 uirum
1045 1126 1106 1182 etc.
1138 1118 1191 1181 uel
1227 1117 1256 1180 si
1291 1115 1456 1201 predictus

351 1220 516 1286 Walterus
529 1220 610 1285 illud
626 1229 684 1285 etc.
701 1220 878 1285 secundum
894 1222 1029 1285 formam
1044 1220 1166 1285 recordi
1180 1218 1405 1306 precedentis!

416 1321 571 1386 ‘Thomas
599 1321 640 1387 de
672 1323 813 1409 Scoteny
839 1323 925 1408 petit
948 1346 1061 1387 uersus
1086 1323 1250 1409 Rogerum
1276 1323 1317 1386 de
1343 1322 1456 1386 Monte

274 1441 290 1469 0-
352 1427 470 1513 Begon’
486 1449 582 1511 quem
599 1426 738 1491 Thomas
753 1427 793 1491 de
809 1426 1032 1491 Montebecon'
1048 1437 1143 1492 uocat
1163 1427 1204 1492 ad
1220 1435 1399 1491 warantum
1419 1436 1455 1491 et

350 1530 407 1615 qui
436 1529 467 1593 ei
493 1529 715 1593 warentizauit
740 1529 764 1615 j.
795 1539 979 1594 carucatam
1009 1539 1094 1594 terre
1123 1538 1158 1594 et
1183 1528 1352 1594 dimidiam
1378 1551 1453 1592 cum

351 1631 560 1717 pertinenciis
588 1631 623 1693 in
653 1630 799 1715 Teuelby
822 1641 862 1695 ut
891 1632 943 1696 ius
971 1654 1067 1695 suum
1097 1641 1158 1698 etc.
1187 1641 1222 1697 et
1251 1642 1290 1696 ut
1320 1632 1392 1696 illas
1421 1631 1456 1695 in

351 1759 431 1821 quae
446 1734 532 1799 idem
548 1735 695 1821 Rogerus
709 1759 774 1799 non
789 1736 890 1800 habet
904 1736 1085 1822 ingressum
1104 1737 1166 1800 nisi
1181 1759 1239 1822 per
1253 1736 1455 1800 Willelmum

351 1850 477 1926 patrem
507 1840 608 1926 ipsius
630 1840 753 1904 Thorne
775 1839 832 1925 qui
854 1840 926 1904 illas
949 1840 980 1904 ei
1005 1840 1189 1904 inuadiauit
1214 1840 1256 1904 ad
1279 1839 1456 1904 terminum

352 1946 409 2031 qui
438 1945 586 2031 preteriit
613 1953 672 2008 etc.
699 1952 732 2009 et
763 1944 850 2008 unde
876 1944 964 2007 idem
991 1944 1132 2008 Thomas
1154 1944 1234 2008 dicit
1259 1942 1347 2028 quod
1369 1942 1457 2006 idem

352 2048 535 2112 Willelmus
561 2056 654 2133 pater
683 2070 761 2112 suus
784 2047 849 2111 fuit
879 2047 1009 2111 seisitus
1038 2046 1079 2110 de
1109 2054 1196 2110 terra
1224 2045 1281 2110 illa
1310 2054 1456 2130 tempore

352 2151 395 2214 H.
410 2150 511 2236 Regis
526 2151 581 2214 aui
603 2151 726 2215 domini
743 2150 854 2238 Regis,
869 2174 934 2236 quo
954 2160 1099 2236 tempore
1120 2151 1210 2215 illam
1228 2149 1352 2214 dimisit
1371 2149 1457 2213 sicut

352 2253 533 2339 predictum
549 2262 606 2318 est.
626 2252 631 2340 Ι
1391 2271 1394 2277 ’

417 2355 462 2418 Et
487 2355 634 2442 Rogerus
657 2356 751 2420 uenit
776 2364 811 2420 et
834 2356 981 2421 defendit
1004 2355 1056 2420 ius
1081 2377 1177 2420 suum
1204 2363 1238 2420 et
1263 2354 1350 2440 quod
1373 2377 1457 2419 nun·

353 2479 450 2542 quam
480 2457 596 2522 habuit
625 2459 806 2545 ingressum
836 2459 900 2524 nisi
925 2482 983 2544 per
1007 2461 1208 2524 Willelmum
1237 2468 1364 2546 patrem
1387 2459 1458 2524 eius

352 2562 394 2627 ad
424 2563 599 2627 terminum
630 2572 680 2627 set
711 2587 775 2628 non
812 2572 921 2650 potest
950 2565 1097 2629 dedicere
1127 2565 1214 2650 quod
1242 2573 1460 2629 antecessores

354 2667 500 2730 eiusdem
531 2666 653 2732 Thome
684 2667 858 2752 aliquando
888 2667 969 2732 non⁸
1001 2669 1186 2733 habuerunt
1215 2668 1395 2754 ingressum
1423 2668 1460 2732 in

353 2779 472 2834 terram
494 2771 594 2849 illam,
609 2780 659 2836 set
679 2773 809 2850 iniuste,
824 2771 903 2857 quia
924 2780 1038 2858 postea
1059 2771 1152 2836 uenit
1173 2771 1260 2836 idern
1275 2771 1460 2836 Willelmus

353 2880 447 2958 pater
461 2873 606 2938 eiusdem
621 2874 743 2938 Thome
759 2873 793 2938 in
809 2875 899 2938 curia
912 2875 1058 2939 eiusdem
1073 2874 1194 2961 Rogeri
1208 2874 1295 2959 apud
1312 2873 1459 2961 Ciamyr‘

354 2986 388 3040 ct
410 2977 517 3041 reddit
540 2983 574 3041 et
595 2978 784 3064 recognouit
806 2986 841 3042 et
859 2979 1008 3064 quietum
1029 2979 1184 3042 clamauit
1205 2978 1311 3043 eidem
1332 2978 1459 3064 Rogero

354 3091 388 3146 et
404 3081 576 3146 heredibus
591 3082 657 3146 suis
673 3082 895 3146 terramillam
910 3105 968 3166 per
982 3091 1105 3146 cartam
1116 3104 1208 3146 suam
1224 3104 1322 3167 quam
1335 3083 1459 3167 profert

355 3193 389 3248 ct-
411 3207 474 3270 que
495 3185 555 3249 hoc
575 3193 723 3249 testatur.
769 3185 966 3250 Continetur
985 3186 1086 3250 eciam
1108 3186 1144 3249 in
1165 3194 1255 3250 carta
1277 3185 1334 3249 illa
1356 3185 1459 3270 quod'

355 3289 539 3352 Willelmus
553 3289 607 3352 uel
623 3288 756 3353 heredes
771 3289 823 3353 sui
844 3290 971 3354 nullum
990 3291 1143 3354 clamium
1162 3297 1285 3374 ponent
1303 3289 1460 3354 aduersus

355 3392 494 3456 eundem
525 3393 688 3479 Rogemm
718 3395 773 3458 uel
802 3393 937 3458 heredes
966 3417 1040 3459 suos
1067 3394 1106 3457 de
1136 3392 1284 3480 predicta
1308 3401 1396 3460 terra
1424 3403 1460 3459 et

354 3494 427 3558 ideo
441 3518 505 3559 non
521 3496 619 3560 debet
634 3497 665 3561 ei
679 3496 871 3582 respondere
885 3497 928 3562 ad
943 3498 1003 3562 hoc
1017 3497 1124 3562 breue.

420 3598 464 3661 Et
494 3597 633 3663 Thomas
659 3601 751 3664 uenit
775 3609 810 3665 et
839 3600 919 3665 dicit
945 3600 1032 3686 quod
1055 3601 1240 3665 Willelmus
1265 3608 1360 3686 pater
1381 3622 1461 3665 suus

354 3701 439 3764 sicut
468 3701 649 3786 predictum
679 3713 729 3767 est
759 3703 849 3768 illam
879 3703 1004 3768 dimisit
1032 3704 1074 3769 ad
1105 3704 1282 3769 terminum
1312 3711 1348 3768 et
1375 3704 1460 3769 bene

355 3805 500 3870 defendit
530 3807 616 3891 quod
639 3816 733 3892 pater
755 3830 834 3872 suus
858 3832 1026 3894 nunquam
1048 3817 1171 3874 cartam
1192 3809 1283 3874 illam
1305 3809 1383 3873 fecit
1400 3831 1460 3874 nec

355 3909 499 3996 sigillum
528 3932 624 3974 suum
647 3911 711 3976 fuit
734 3921 769 3976 et
795 3913 917 3998 profert
942 3914 1040 3978 aliam
1066 3921 1189 3978 cartam
1214 3921 1249 3978 et
1272 3912 1353 3977 dicit
1373 3912 1461 3998 quod

388 4034 594 4085 lom-raram.
932 4043 1039 4102 corrupt
1060 4054 1091 4090 or
1116 4039 1151 4090 he
1177 4039 1231 4090 had
1257 4040 1389 4102 forgotten
1416 4039 1462 4089 the

387 4099 527 4162 ²Perhaps
544 4116 560 4150 a
577 4101 705 4152 reference
722 4107 749 4152 to
772 4103 883 4154 another
933 4106 1007 4155 facts.
1410 4167 1417 4180 ι

355 4165 594 4292 caieiiiiiiiiiisrihis
606 4231 873 4284 shouldbeLincoln.
933 4169 1462 4298 <iainooinriiwiiiiiina'lidtantii‘ilirlgiiiiii.ea

387 4295 398 4327 ⁴
414 4293 487 4352 This,
504 4295 517 4344 I
535 4295 619 4354 think,
636 4297 661 4346 is
677 4297 723 4347 the
739 4312 798 4348 ease
814 4299 882 4349 cited
965 4299 976 4331 ⁸
993 4301 1060 4363 Very
1071 4299 1198 4349 doubtful.

355 4360 388 4421 by
404 4359 526 4418 Bractnn,
542 4361 560 4410 f.
578 4363 626 4411 326
643 4363 668 4420 b,
686 4363 717 4412 de
734 4363 834 4413 Thema
851 4364 883 4414 de
963 4365 975 4398 ⁷
992 4367 1059 4428 qaod
1070 4364 1197 4428 repeated.

355 4425 524 4487 marmana
550 4426 596 4476 but
619 4426 701 4478 either
719 4427 761 4478 his
785 4433 839 4478 tert
857 4429 881 4478 is
