3342 5217
420 408 654 472 monimum,
678 408 741 457 nn.
767 394 862 469 1231,
885 408 948 455 sn„
974 395 1110 457 15-16.
1254 395 1317 457 513

110 661 113 668 Ι
209 560 398 643 tenemento
421 598 479 641 suo
503 576 537 641 in
565 576 825 663 Edelinebrugge
850 585 920 653 etc,
943 585 979 640 et
1002 577 1089 641 unde
1115 577 1202 643 idem
1228 578 1319 642 Prior

209 681 357 766 queritur
368 679 454 767 quod
465 701 539 743 cum
551 677 734 763 antiquitus
749 678 885 743 haberet
899 678 1022 744 ibidem
1037 689 1177 765 quatuor
1191 702 1317 745 mesua-

207 786 264 872 gia
277 794 312 849 et
331 794 481 849 tenentes
500 782 504 870 Ι
525 783 639 847 eadem
661 782 829 868 mesuagio
847 782 875 847 si
895 783 1062 847 scottella¹
1083 783 1226 849 facerent
1240 783 1317 848 dare

207 890 313 953 solent
327 911 355 954 v.
371 888 442 953 den.
459 897 493 952 ot
508 887 536 952 si
551 887 641 951 nulla
655 886 804 951 scottalla
823 886 968 951 iacerent
989 887 1076 971 quod
1090 888 1195 972 quieti
1209 898 1318 953 essent

207 992 250 1056 de
272 991 426 1077 predictis
447 990 596 1067 denariis,
611 997 645 1053 et
663 996 811 1074 preterea
831 1011 905 1052 cum
921 988 984 1074 ipsi
998 989 1054 1074 iiij.
1071 988 1147 1054 dare
1163 991 1268 1055 solent
1281 991 1318 1055 in

208 1095 372 1161 communi
394 1094 503 1180 xxviij.
520 1094 590 1159 den
608 1116 666 1179 per
687 1115 810 1157 annum
831 1115 889 1178 pro
907 1092 1129 1178 empcionibus
1149 1102 1184 1157 et
1204 1094 1319 1157 uendi·

208 1198 354 1263 cionibus
383 1197 538 1263 faciendis
568 1198 602 1261 iu
629 1196 742 1261 eadem
769 1197 850 1261 uilla
871 1204 907 1260 et
929 1219 987 1282 pro
1008 1197 1167 1284 stallagiis
1189 1205 1223 1262 et
1245 1197 1317 1261 aliis

164 1334 172 1347 ·
209 1302 416 1368 libertatibus
431 1302 596 1379 habendis,
612 1324 686 1366 cum
707 1300 854 1395 predicta
868 1301 1036 1387 mesuagio
1050 1301 1115 1365 iam
1130 1300 1237 1366 diuisa
1251 1301 1317 1365 sint

209 1408 378 1493 quodlibet
407 1407 531 1472 scilicet
560 1407 595 1471 in
625 1406 689 1471 tria
718 1406 886 1492 mesuagio
915 1406 970 1471 uel
998 1405 1034 1469 in
1064 1414 1204 1491 quatuor
1232 1406 1318 1469 sicut

208 1511 448 1600 gauclikinde¹,
470 1511 558 1576 idem
584 1511 724 1576 Thomas
750 1510 918 1597 distringit
944 1509 1125 1595 quemlibet
1149 1517 1317 1573 tenentem

208 1616 250 1681 de
272 1616 422 1681 omnibns
444 1614 599 1701 predictis
620 1615 797 1701 mesuagiis
815 1614 858 1679 ad
876 1613 1027 1679 reddend'
1043 1614 1096 1699 vij.
1112 1614 1268 1693 denarios,
1282 1625 1318 1678 et

210 1728 357 1805 preterea
372 1720 441 1785 siue
462 1720 612 1784 scottella
626 1718 746 1784 saciant
762 1719 831 1783 siue
847 1742 912 1783 non
927 1719 1093 1806 distringit
1108 1718 1150 1783 ad
1164 1718 1317 1785 reddend’

209 1845 237 1887 v.
261 1823 342 1900 den„
366 1830 401 1887 et
425 1846 500 1888 cum
523 1823 660 1908 predicti
686 1830 836 1887 tenentes
862 1822 913 1887 sui
936 1822 1052 1907 piscari
1075 1822 1217 1887 debeant
1242 1846 1316 1887 cum

209 1924 395 1991 bominibus
420 1926 522 2011 ipsius
545 1926 668 1991 Thome
694 1926 729 1989 in
753 1926 917 1990 communi
939 1927 975 1991 in
996 1949 1082 2012 aqua
1103 1927 1144 1991 de
1166 1927 1317 1993 Edeline-

209 2028 334 2115 brugge
363 2028 432 2113 ipse
463 2028 603 2092 Thomas
631 2028 704 2113 capi
734 2027 812 2091 facit
841 2028 1030 2093 bunuscas⁸
1056 2052 1131 2093 suas
1160 2038 1195 2093 et
1223 2032 1317 2107 recia,

209 2139 244 2195 et
259 2141 406 2216 preterea
420 2130 567 2195 homines
582 2130 683 2215 ipsius
698 2130 821 2194 Thome
838 2139 872 2193 et
887 2138 1038 2194 tenentes
1052 2131 1093 2196 de
1108 2131 1222 2195 eadem
1237 2132 1318 2196 uilla

209 2233 309 2320 proici
325 2233 449 2299 faciunt
463 2234 541 2297 tima
560 2255 619 2298 sua
638 2241 715 2296 ante
738 2232 846 2297 hostia
868 2232 1053 2297 tenencium
1075 2233 1177 2319 ipsius
1200 2234 1317 2298 Prioris

209 2338 257 2401 ita
279 2336 366 2423 quod
389 2343 540 2401 tenentes
565 2335 617 2399 sui
641 2335 728 2399 exire
753 2358 818 2399 non
842 2343 979 2420 possunt
1003 2335 1044 2400 de
1070 2336 1219 2401 domibus
1248 2337 1316 2402 suis

209 2439 296 2504 unde
311 2438 525 2504 deterioratos
541 2444 590 2501 est
604 2446 665 2502 etc.
681 2445 716 2501 et
731 2436 806 2501 inde
822 2435 972 2522 producit
987 2446 1116 2503 sectam

274 2543 362 2607 Item
391 2540 540 2627 queritur
568 2539 654 2623 quod
683 2538 787 2626 exigit
816 2539 858 2603 ab
888 2561 927 2603 eo
952 2539 1152 2626 stratgauel‘
1181 2541 1247 2606 soil.
1273 2541 1313 2606 de

206 2646 347 2733 quadam
377 2644 472 2708 domo
498 2642 530 2729 ij.
557 2641 628 2706 den
655 2664 713 2727 per
738 2664 812 2705 ann.
858 2642 946 2706 Item
974 2666 1049 2707 oum
1075 2644 1138 2729 ipsi
1164 2652 1314 2709 tenentes

207 2750 312 2835 quieti
334 2771 403 2815 esse
424 2748 566 2813 debeant
587 2768 646 2833 per
665 2745 826 2832 predictos
849 2746 958 2832 xxviij.
983 2747 1055 2812 den.
1080 2770 1137 2833 pro
1160 2748 1314 2833 predictis

207 2856 414 2921 libertatibus
432 2854 500 2939 ipse
523 2852 690 2938 distringit
712 2850 893 2936 quemlibet
915 2852 972 2936 qui
994 2874 1112 2937 panem
1135 2852 1248 2917 uendit
1271 2852 1314 2917 ad

206 2958 408 3025 reddendum
423 2978 526 3021 unum
541 2956 679 3019 obolum.

274 3061 317 3124 Et
332 3060 471 3141 Thomas
486 3081 546 3145 per
564 3066 766 3123 attornntum
789 3080 884 3122 suum
907 3057 1001 3123 uenit
1022 3066 1057 3122 et
1077 3058 1222 3123 defendit
1245 3060 1314 3125 uim

206 3172 243 3229 et
258 3162 410 3227 iniuriam
426 3170 460 3226 et
474 3160 555 3225 dicit
570 3160 657 3245 quod
673 3159 772 3224 nichil
787 3161 829 3225 ab
845 3162 892 3225 eis
912 3162 1014 3246 exigit
1029 3162 1116 3247 quod
1130 3162 1233 3227 facere
1249 3186 1314 3227 non

207 3269 358 3343 debeant,
374 3266 451 3352 quia
470 3266 552 3330 bene
573 3264 654 3328 dicit
673 3265 759 3351 quod
775 3288 833 3351 por
847 3266 887 3329 xl
904 3287 1005 3330 annos
1025 3274 1202 3353 antequam
1224 3267 1315 3331 Prior

206 3373 333 3459 aliquid
361 3372 497 3435 haberet
526 3370 561 3433 in
587 3369 701 3433 eadem
731 3370 811 3434 uilla
840 3393 952 3434 omnes
981 3379 1130 3435 tenentes
1154 3372 1195 3436 de
1221 3372 1314 3437 feodo

209 3475 348 3542 Comitis
373 3472 507 3539 Percbie
539 3466 579 3536 de
606 3472 698 3537 onius
720 3472 813 3537 feodo
839 3473 926 3537 idem
954 3474 1045 3538 Prior
1069 3484 1104 3538 et
1134 3474 1314 3559 Hospitalis

207 3580 333 3644 feoffati
347 3587 424 3644 sunt
439 3579 479 3643 de
498 3577 652 3663 predictis
666 3576 723 3662 iiij.
740 3577 915 3664 mesuagiis
924 3578 943 3654 ⁵,
958 3579 1022 3643 scil.
1039 3578 1177 3663 quilibet
1200 3586 1315 3643 tenens

207 3682 286 3746 dare
308 3681 389 3746 solet
412 3682 452 3746 de
474 3681 640 3768 mesuagio
661 3704 720 3745 suo
741 3680 828 3767 quod
850 3681 958 3746 tenuit
973 3682 1025 3767 vij.
1041 3682 1112 3747 den.
1129 3704 1186 3767 pro
1200 3682 1315 3748 uendi-

207 3776 355 3851 cionibus
380 3794 415 3851 et
441 3786 661 3871 empcionibus
690 3784 846 3849 faciendis
871 3793 906 3849 et
928 3808 986 3871 pro
1011 3787 1084 3851 aliis
1109 3788 1315 3853 libertatibus

209 3888 367 3953 habendis
387 3895 421 3953 et
440 3910 498 3973 pro
518 3888 741 3975 strattegauel,
761 3897 795 3952 et
817 3888 898 3952 dicit
922 3888 1008 3974 quod
1031 3912 1142 3955 omnes
1165 3899 1315 3955 tenentes

241 4091 250 4123 ¹
271 4090 397 4140 scot-clas
419 4105 487 4140 mem
510 4094 538 4140 to
560 4090 591 4141 bs
613 4090 735 4154 drinking
818 4092 930 4142 ⁸Littrt
947 4092 1018 4154 gives
1033 4094 1198 4149 Bourroictc.
1216 4094 1313 4142 Instru-

208 4156 288 4205 bouts
301 4154 439 4217 supported
455 4157 489 4219 by
500 4156 665 4220 compulsory
676 4172 736 4207 con·
787 4165 853 4207 ment
865 4173 896 4206 en
907 4161 990 4221 forme
1001 4158 1031 4206 de
1039 4161 1133 4220 ponier
1140 4173 1207 4220 pour
1214 4158 1312 4220 pactu.

209 4220 360 4271 tributions.
820 4222 830 4253 ⁴
848 4222 1017 4283 suaet-gava
1028 4221 1059 4280 is,
1073 4223 1085 4270 1
1097 4237 1217 4285 suppose,
1228 4238 1245 4272 n
1258 4229 1314 4272 rate

241 4286 253 4317 ²
269 4286 291 4333 Δ
302 4285 406 4335 curicus
417 4286 559 4349 testimony
567 4289 595 4336 to
607 4286 651 4336 tho
662 4287 737 4336 effect
788 4288 828 4337 lor
839 4287 972 4350 repsiring
982 4301 1061 4350 ways.

208 4350 239 4399 oi
254 4350 298 4464 tilulo
314 4350 452 4413 gavelkind
468 4356 569 4401 custom
582 4352 609 4400 in
622 4352 737 4413 creating
819 4352 829 4383 ⁸
847 4352 924 4403 Some
936 4351 1020 4401 words
1032 4367 1092 4414 may
1103 4351 1135 4400 be
1145 4352 1205 4401 lost.

208 4431 268 4465 sma
299 4423 452 4465 teuemcnts.

296 4533 329 4579 n.
530 4538 533 4543 ·
1188 4523 1229 4583 33
