3342 5217
376 423 439 486 664
678 431 904 497 nuncnunc.
929 418 1023 498 1234,
1045 433 1110 484 nu
1133 420 1184 486 18.

211 617 332 668 Not-oud
375 615 487 673 matre.
533 607 577 672 Et
592 603 671 694 quie
684 607 772 673 idem
787 607 954 672 Walteruo
967 607 1055 693 petit
1068 606 1111 673 de
1125 606 1246 672 neieina
1259 605 1436 672 Metillidic
1451 613 1488 671 et

210 665 358 752 ἕπῃ
375 711 499 776 nullam
528 711 606 776 fecit
628 710 830 776 mencionem
852 709 894 775 de
916 709 1061 775 Henrico
1082 710 1150 775 filio
1171 709 1344 775 Mntillidie
1364 709 1487 795 ptimo·

211 757 355 899 ffiffl'mffi
374 815 487 901 genito
501 816 559 902 qui
573 815 637 880 fuit
651 814 738 880 filius
755 823 791 879 et
811 814 904 880 heren
927 815 1031 901 ipsius
1054 817 1225 883 Metillidie
1247 815 1487 904 primogenitus

211 901 358 1031 ffiffifflt
375 927 410 984 et
425 919 482 1006 qui
497 925 616 984 terrem
631 918 720 983 illum
735 917 846 983 tenuit
859 925 932 983 tote
945 919 1018 984 uite
1031 941 1091 984 sun
1105 927 1140 985 et
1154 919 1230 985 inde
1247 920 1331 985 obiit
1345 917 1488 997 eeicitus,

212 1003 348 1082 mucii
375 1030 410 1088 et
438 1021 497 1108 qui
521 1042 660 1086 sororem
687 1018 804 1085 hebuit
826 1020 1007 1106 predictam
1033 1021 1228 1108 Murgerium
1249 1030 1487 1087 antecessorem

374 1125 476 1211 ipsius
496 1123 635 1192 Comitis
653 1122 694 1189 de
715 1146 780 1188 uno
801 1133 895 1210 petre
916 1123 1094 1210 eodemque
1116 1133 1231 1205 matre,
1245 1125 1487 1191 consideratum

374 1229 526 1315 estquod
541 1229 657 1296 comes
672 1234 785 1293 tenent
803 1227 839 1292 in
858 1249 939 1314 poce
958 1236 994 1293 et
1017 1228 1183 1296 Wulterus
1205 1229 1241 1294 in
1260 1227 1487 1305 misericodia,

374 1331 452 1419 quie
473 1332 572 1398 nichil
595 1332 675 1397 imis
701 1331 732 1398 ei
752 1331 946 1397 descendere
968 1340 1086 1419 potest,
1106 1355 1168 1400 nec
1188 1333 1306 1420 potuit,
1327 1331 1487 1419 quamdiu

374 1431 515 1520 eliquid²
529 1434 577 1500 ibi
592 1433 691 1499 fuerit
705 1432 746 1498 de
762 1433 861 1498 fratre
875 1434 1099 1522 primogenito.
1119 1437 1125 1522 Ι

440 1535 655 1622 Beldewynus
690 1536 731 1601 de
768 1535 932 1603 Reddune
966 1547 1002 1603 et
1037 1539 1096 1604 elii
1130 1536 1363 1627 recognitores⁸
1398 1561 1487 1604 noue

306 1677 327 1710 ιι
375 1639 541 1705 diseeieine
564 1663 627 1727 que
649 1663 755 1727 nuper
776 1651 874 1726 cepte
894 1642 960 1707 fuit
981 1642 1083 1708 Exon'
1104 1665 1212 1708 corum
1233 1642 1421 1708 iusticimiis
1442 1642 1487 1707 ud

375 1741 435 1807 hoc
449 1741 621 1826 meiguotis
635 1741 722 1806 inter
738 1741 762 1807 J
762 1742 925 1808 ohnnnem
945 1744 986 1809 de
1009 1744 1220 1810 Dunesinnde
1242 1751 1432 1831 qneoentem
1450 1751 1488 1808 et

376 1843 558 1910 Galfridum
584 1844 626 1910 de
648 1845 925 1912 Dunesteunuilln
946 1857 982 1913 et
1003 1848 1168 1934 Rogemm
1190 1847 1232 1912 de
1257 1847 1489 1913 Wimberuilln

375 1943 551 2014 Ricardum
566 1950 745 2016 Heresoide
759 1950 800 2016 de
813 1959 1002 2016 tenemento
1015 1951 1051 2015 in
1062 1950 1285 2016 Ornescumbe
1293 1951 1488 2016 summoniti

374 2074 481 2118 coram
508 2053 698 2120 iusticinriis
726 2055 769 2120 ed
798 2053 996 2120 certifioend’
1025 2053 1220 2118 iusticiedoe
1255 2062 1338 2140 aput
1372 2053 1485 2118 Weet-

374 2157 607 2222 monesterium
628 2157 669 2223 de
689 2163 890 2224 sacramento
910 2157 998 2243 quod
1016 2156 1094 2221 inde
1120 2158 1275 2233 fecerunt,
1290 2157 1431 2222 ueniunt
1450 2165 1488 2222 et

372 2256 487 2323 dicunt
512 2259 599 2345 quod
623 2259 787 2325 Gelhidus
808 2259 851 2324 de
875 2257 1110 2324 Dunstenuille
1138 2257 1173 2323 in
1198 2258 1296 2344 pleno
1324 2258 1485 2323 comitatu

372 2361 464 2426 dedit
479 2370 702 2427 tenementum
723 2361 806 2427 illud
824 2360 913 2426 unde
934 2361 1024 2425 uisus
1048 2360 1152 2426 factus
1171 2359 1318 2446 predicto
1338 2358 1487 2424 Johanni

372 2463 413 2528 de
428 2463 634 2530 Doneslcnde
649 2472 684 2530 et
703 2463 779 2530 inde
797 2463 988 2550 homagium
1010 2486 1107 2528 suum
1126 2462 1225 2548 oepit,
1246 2470 1282 2528 et
1301 2463 1485 2526 attorneuit

372 2565 534 2652 quendum
549 2565 725 2633 Ricuidum
745 2566 924 2632 Herefolde
944 2565 1002 2653 qui
1022 2574 1250 2632 tenementum
1269 2565 1353 2631 illud
1374 2565 1485 2631 tenuit

257 2729 260 2736 .
371 2668 413 2734 ed
435 2669 571 2746 firmem,
586 2669 672 2757 quod
692 2669 844 2736 redderet
863 2669 973 2735 eidem
994 2669 1140 2735 Johenni
1162 2669 1291 2734 firmam
1311 2691 1416 2746 sunm,
1434 2669 1485 2734 ite

371 2773 459 2857 quod
472 2772 639 2839 Johennes
653 2773 718 2839 fuit
737 2773 813 2838 inde
833 2775 869 2840 in
889 2775 1009 2840 eeieine
1028 2775 1186 2859 perduco
1205 2795 1307 2838 ennoe
1326 2771 1484 2858 cupiendo

371 2873 448 2938 inde
474 2873 515 2938 de
541 2873 636 2938 firme
660 2874 703 2940 ed
725 2874 907 2940 uclenciam
937 2874 991 2960 vij.
1017 2873 1082 2949 lib„
1112 2881 1148 2938 et
1176 2880 1291 2958 posteo
1319 2881 1483 2938 uenerunt

372 2977 518 3063 Rogems
532 2984 567 3042 et
585 2977 750 3043 Gelhidue
770 2986 805 3044 et
821 2977 989 3064 predictus
1012 2977 1171 3043 Ricmdus
1182 2975 1363 3053 firmarius,
1378 2986 1416 3043 et
1434 2977 1484 3042 ite

371 3079 458 3144 inter
480 3103 515 3145 ee
538 3081 638 3146 locuti
660 3081 794 3147 fuerunt
814 3082 902 3169 quod
925 3081 1091 3148 Galfridus
1113 3081 1205 3146 dedit
1226 3080 1333 3146 eidem
1353 3081 1483 3168 Rogero

372 3189 598 3248 tenementum
621 3184 712 3262 illud,
738 3184 846 3249 etita
874 3184 961 3271 quod
989 3183 1152 3249 firmanus
1180 3182 1324 3249 reddidit
1352 3183 1481 3248 firmem

371 3307 464 3350 suum
490 3285 596 3350 eidem
620 3286 756 3373 Rogero,
781 3295 816 3352 et
841 3288 891 3353 ite
913 3287 1000 3374 quod
1025 3311 1138 3353 omnes
1161 3285 1211 3352 illi
1235 3286 1482 3352 dineeisiuerunt

371 3388 553 3474 predictum
583 3390 775 3468 Johnnnem,
805 3401 840 3457 et
868 3393 976 3458 adhuc
1001 3393 1089 3459 idem
1125 3392 1266 3458 dicunt⁴.
1325 3393 1371 3457 Et
1407 3391 1481 3456 ideo

371 3493 608 3560 consideratum
624 3504 674 3559 est
688 3495 775 3582 quod
789 3497 813 3561 J
813 3497 957 3561 ohannes
971 3497 1104 3582 quietus
1122 3518 1198 3562 cum
1219 3495 1339 3560 neieina
1357 3516 1427 3573 sue,
1446 3501 1480 3558 et

371 3596 517 3683 Rogcrus
532 3605 567 3662 et
582 3597 739 3663 Ricardus
753 3597 788 3663 in
803 3599 1029 3664 misericordie

274 3693 288 3708 '
313 3737 320 3754 ·
436 3697 638 3764 'Gilebertus
661 3699 787 3779 Beeset,
806 3700 964 3767 Rioerdus
983 3700 1145 3787 Syworde
1166 3700 1338 3787 Philippus
1355 3700 1479 3778 Bamet

369 3861 899 4004 o¹o⁸ti2iitiiiooi¹fiifd⁸didffi
949 3862 1480 4004 '‘idiitaoeuomonumu

369 3994 399 4108 ii
411 3993 702 4108 dutitittttz‘
715 3993 899 4120 him
948 3991 1478 4119 hittfflhhfflttmht

365 4121 899 4244 u‘uu'utttntuttuoz
947 4121 1478 4264 {thummim

402 4380 530 4446 ‘Supply
540 4384 626 4432 msice.
948 4383 1073 4446 outlnwry
1081 4382 1111 4431 of
1119 4381 1165 4432 the
1176 4381 1311 4443 insurgent
1319 4381 1416 4430 berone
1424 4381 1475 4432 und

402 4449 413 4481 ⁴
437 4447 492 4497 The
528 4447 613 4510 jurore
647 4445 742 4498 edhere
776 4451 803 4499 to
831 4446 899 4498 their
948 4445 1334 4510 otHubertdeBursshisnow
1342 4447 1466 4498 mouned.
