3342 5217
504 20 656 84 rarum,
678 22 744 73 un.
768 9 948 85 103010.
973 8 1022 77 17.
1250 12 1313 77 593

271 190 314 254 Et
329 189 505 256 Abbatissa
519 191 702 278 dicitquod
715 216 884 280 nunquam
900 182 1046 281 tempore
1061 195 1198 261 alicuius
1213 196 1313 283 Regis

204 314 263 357 nec
284 292 483 359 uicecomitis
502 293 593 360 dedit
612 295 686 360 illas
705 319 734 361 x.
750 318 855 374 marc„
871 304 904 361 et
926 298 1047 383 profert
1069 304 1191 363 cartam
1213 299 1313 386 Regis

205 394 339 460 Henrici
364 397 457 475 senis,
483 420 547 484 que
574 405 715 463 testatur
743 397 829 483 quod
859 399 1014 463 concessit
1044 400 1091 465 010
1120 399 1313 467 monialibus

204 495 408 563 hundredum
438 498 521 564 illud
549 508 585 565 et
615 500 724 565 omnia
752 500 874 586 placita
909 500 952 566 ad
988 501 1193 568 hundredum
1230 504 1311 569 illud

203 600 405 685 pertinencia
427 602 590 693 reddendo
615 601 692 668 inde
715 626 774 690 per
796 626 869 669 ann
894 604 934 670 xl.
958 605 1013 671 sol.
1058 606 1182 671 Profert
1209 607 1310 672 eciam

202 711 324 768 cartam
354 705 490 771 Henrici
519 707 618 794 Regis
647 707 703 772 aui
729 707 821 773 Dona
850 708 950 795 Regis
975 730 1038 794 que
1068 710 1237 777 confirmat
1264 712 1311 777 eis

203 808 385 893 predictum
400 809 605 874 hundredum
620 832 678 896 pro
693 810 735 876 xl.
750 810 804 876 001.
820 810 999 875 secundum
1020 820 1208 897 proportum
1223 820 1310 877 carte

204 912 453 1001 HenriciRegis
468 915 597 993 euicui,
612 915 747 1002 etquod
767 916 881 1001 quieta
900 938 968 981 esse
989 915 1107 982 debeat
1124 940 1182 1003 pro
1198 918 1238 983 xl.
1254 916 1310 982 sol.

203 1017 296 1103 ponit
310 1041 344 1083 00
360 1027 419 1084 010.

268 1122 313 1189 Et
336 1124 509 1189 Comitissa
529 1147 588 1211 per
608 1133 810 1189 attornatum
832 1145 928 1188 suum
951 1122 1031 1188 dicit
1054 1122 1140 1209 quod
1165 1122 1311 1209 predicta

203 1225 378 1291 Abbatissa
400 1250 528 1315 semper
552 1226 693 1293 reddidit
719 1228 880 1314 predictos
906 1227 946 1292 xl.
969 1226 1023 1291 eol.
1048 1235 1083 1291 et
1107 1237 1254 1319 preterea
1280 1252 1308 1295 x,

204 1352 298 1396 marc.
320 1354 378 1417 pro
400 1332 525 1397 duobus
551 1331 656 1397 turnis
682 1355 762 1418 quos
786 1332 965 1397 uicecomes
991 1332 1094 1395 facere
1117 1331 1251 1397 deberet
1274 1331 1309 1396 in

203 1432 315 1498 eodem
330 1434 498 1499 hundredo
515 1457 572 1520 per
585 1457 716 1500 annum.
760 1435 805 1499 Et
825 1434 953 1521 quesita
972 1434 1000 1499 si
1020 1433 1138 1499 habere
1158 1434 1257 1500 debet
1275 1444 1310 1499 et

202 1538 284 1602 solet
298 1538 370 1603 illas
385 1562 413 1604 x.
429 1562 524 1605 marc.
540 1540 716 1605 Abbatissa
730 1540 838 1604 inuita
851 1539 880 1605 01
894 1540 1073 1605 uicecomes
1092 1540 1175 1605 uelit
1190 1540 1310 1626 placita

202 1640 356 1726 placitare
378 1651 414 1707 et
435 1641 610 1708 Abbatissa
630 1644 819 1729 permittere
843 1644 924 1708 uelit
946 1666 1022 1709 eum
1044 1643 1208 1729 placitare,
1229 1643 1309 1708 dicit

203 1744 288 1831 quod
325 1769 493 1833 nunquam
531 1748 703 1835 placitauit
738 1748 804 1813 ibi¹
842 1770 970 1834 semper
1005 1748 1123 1813 habere
1160 1748 1243 1813 solet
1279 1772 1309 1815 x.

202 1874 297 1917 marc

269 1956 312 2021 Et
334 1956 510 2022 Abbatissa
532 1956 720 2043 dicitquod
744 1958 827 2023 bene
850 1957 927 2023 11001
949 1957 1133 2023 uicecomiti
1155 1957 1309 2043 placitare
1388 1984 1410 2022 *r

202 2058 323 2143 placita
337 2082 450 2125 corone
466 2068 500 2124 et
519 2060 584 2125 alia
602 2060 724 2146 placita
743 2084 807 2146 que
826 2060 993 2146 pertinent
1013 2060 1055 2125 ad
1075 2060 1169 2125 Dom.
1184 2060 1308 2147 Regem

202 2173 253 2229 set
267 2165 332 2229 alia
345 2165 475 2230 minuta
493 2165 614 2251 placita
633 2188 696 2252 que
716 2165 884 2251 pertinent
904 2164 945 2229 ad
966 2165 1190 2229 uicecomitem
1212 2172 1248 2229 et
1267 2163 1309 2229 ad

202 2266 407 2332 hundredum
423 2267 558 2353 placita¹
572 2268 644 2353 ipsa
658 2276 693 2332 et
707 2268 808 2332 hahet
821 2266 906 2332 inde.

268 2374 312 2438 Et
331 2374 409 2459 quia
427 2372 612 2438 continetur
633 2372 669 2436 in
691 2372 788 2437 cartis
810 2372 938 2459 Regum
962 2370 1048 2457 quod
1070 2372 1188 2437 habere
1210 2372 1310 2437 debet

202 2476 406 2542 hundredum
430 2476 532 2542 illud⁸
553 2477 770 2564 quodraginta
791 2475 855 2554 sol,
879 2476 1126 2542 consideratum
1149 2485 1199 2541 est
1221 2486 1308 2542 carte

202 2588 377 2646 teneantur
393 2590 428 2647 et
447 2582 534 2668 quod
553 2606 583 2648 x.
598 2604 693 2647 marc
709 2604 774 2645 non
794 2581 967 2667 exigantur
987 2580 1029 2644 de
1051 2589 1157 2645 cetero
1179 2580 1308 2645 nomine

200 2683 356 2764 redditus,
374 2694 408 2750 et
430 2686 608 2750 uicecomes
629 2685 658 2750 01
679 2685 821 2750 uoluerit
843 2685 955 2749 ueniat
977 2684 1018 2749 ad
1041 2684 1244 2749 hundredum
1267 2684 1310 2750 ad

201 2796 313 2853 tumos
326 2810 402 2853 suos
416 2796 451 2853 et
465 2787 617 2875 placitat⁴
631 2788 752 2873 placita
766 2810 830 2874 que
846 2787 888 2851 ad
899 2787 1122 2852 uicecomitem
1134 2788 1308 2874 pertinent,

200 2893 264 2957 nisi
289 2893 464 2958 Abbatissa
488 2893 571 2958 uelit
596 2892 695 2957 finem
719 2893 822 2958 facere
849 2915 923 2957 cum
947 2914 985 2957 eo
1010 2892 1119 2979 gratia.
1165 2894 1209 2958 Et
1232 2893 1310 2980 quia

202 2996 375 3061 Comitissa
388 2997 542 3084 cognouit
556 2996 642 3082 quod
657 2996 894 3061 districcionem
909 2995 986 3059 fecit
1001 3018 1058 3081 pro
1073 3018 1101 3060 x.
1118 3018 1212 3061 marc.
1224 2996 1309 3062 sicut

200 3123 258 3186 pro
281 3100 421 3178 redditu,
443 3102 516 3166 ideo
542 3101 576 3166 in
602 3100 820 3165 misericordia
845 3099 930 3165 sicut
953 3098 1052 3177 ball'⁶,
1076 3108 1111 3164 et
1134 3100 1310 3167 Abbatissa

200 3207 320 3273 habeat
335 3206 444 3272 omnia
457 3206 578 3292 placita
597 3228 661 3291 que
680 3205 848 3291 pertinent
867 3204 909 3268 ad
931 3204 1136 3270 hundredum
1158 3228 1216 3291 per
1237 3206 1309 3271 illos

200 3312 242 3376 xl.
257 3311 310 3376 001
327 3310 505 3383 secundum
521 3310 607 3395 quod
622 3310 657 3373 in
672 3318 761 3374 carta
775 3308 967 3373 continetur.

60 3437 144 3506 776,
266 3415 433 3480 Johannes
447 3414 487 3478 de
503 3412 689 3479 Gatesdena
702 3412 788 3497 petit
802 3433 915 3476 uersus
927 3410 1128 3476 Willelmum
1140 3412 1170 3476 10
1183 3411 1308 3477 Ouuert
1406 3442 1437 3472 aa

200 3519 289 3603 xlvij.
305 3541 400 3583 marc.
416 3526 450 3582 et
464 3516 539 3581 dim.
556 3538 636 3602 quas
651 3516 682 3580 ei
697 3514 796 3579 debet
816 3522 850 3579 et
870 3514 991 3578 iniuste
1011 3514 1138 3579 detinet
1158 3523 1197 3579 ut
1217 3516 1304 3581 dicit.

201 3623 246 3686 Et
260 3622 344 3686 bene
358 3621 439 3685 dicit
453 3619 540 3705 quod
554 3619 652 3684 debet
668 3618 699 3682 ei
713 3617 860 3682 denarios
879 3616 951 3681 illos
970 3639 1028 3702 pro
1048 3617 1111 3681 fine
1127 3640 1223 3703 quem
1239 3618 1307 3705 ipse

203 3726 385 3791 Willelmus
400 3748 474 3791 cum
489 3747 527 3790 eo
542 3725 619 3789 fecit
634 3745 692 3808 pro
706 3721 856 3786 habendo
871 3720 1041 3807 maritagio
1054 3719 1120 3785 filie
1132 3730 1166 3785 et
1180 3721 1308 3787 heredis

232 3914 243 3946 ¹
260 3913 360 3976 snpply
370 3920 408 3961 ret
420 3912 459 3976 (1).
812 3908 823 3940 ⁴
840 3906 912 3957 Oorr.
920 3908 1036 3971 placitet.

232 3979 243 4009 ¹
259 3978 330 4029 (lorr.
340 3979 461 4041 placitat.
645 3984 667 4019 ο
813 3974 824 4006 ⁸
842 3974 935 4022 bollini
948 3972 987 4038 (1).

232 4044 244 4077 ³
261 4044 360 4107 Supply
368 4058 425 4106 pro.

287 4158 322 4206 ht
