3342 5217
257 639 326 702 191.

234 737 346 780 sumerset.

212 3115 333 3163 Noutsqod

211 3165 339 3257 nullu

211 3265 239 3340 di
241 3265 302 3340 tilii

210 3358 317 3395 quamam
282 3347 352 3386 smlslt

225 3497 313 3534 esponn
289 3487 343 3526 nult

208 3543 298 3620 uuili&

255 3647 323 3708 192.

216 3785 217 3788 ,
230 3743 337 3786 uerunt

380 438 442 501 156
682 453 832 514 rrururr,
854 452 919 502 11).
945 439 1122 514 1221111.
1146 441 1175 503 6.

442 620 577 686 ¹Alicia¹
599 644 663 708 que
686 622 750 687 fuit
772 643 854 686 uxor
874 623 1034 688 lobannis
1060 624 1265 690 Mautrsuers
1292 648 1352 711 per
1378 635 1478 690 attor-

377 732 491 788 nstum
521 747 617 789 suum
645 725 730 811 petit
758 747 871 790 uersus
893 725 1094 790 Willelmum
1120 726 1324 792 Mnutrauers
1345 728 1479 793 terciam

377 836 503 912 purtem
524 827 608 892 feodi
621 829 646 915 j.
662 827 777 893 militis
798 851 873 893 cum
888 829 1096 915 pertinenciis
1110 831 1146 896 in
1161 832 1302 918 Gyuele⁸
1316 841 1355 898 ut
1369 834 1478 898 dotem

377 952 469 994 sunm
480 939 539 994 etc.
555 930 641 996 unde
657 931 821 1016 predictus
835 933 859 998 J
860 934 1003 998 ohannes
1016 957 1088 999 earn
1104 935 1231 1001 dotauit
1246 945 1305 1002 etc

442 1033 485 1096 Et
508 1033 691 1098 Willelmus
711 1033 804 1098 uenit
826 1044 860 1098 et
882 1035 1063 1122 dicitquod
1084 1037 1184 1101 habet
1198 1045 1318 1102 tenum
1332 1037 1423 1102 illum
1438 1061 1479 1102 ex

376 1134 460 1199 dono
474 1136 498 1200 J
498 1135 632 1200 ohannis
648 1137 852 1206 Mautreuers
865 1139 967 1223 patris
981 1139 1033 1202 sui
1043 1161 1102 1225 per
1114 1150 1237 1204 cartam
1249 1163 1347 1226 quam
1358 1142 1479 1227 profert

376 1248 410 1303 et
432 1263 495 1325 que
516 1240 637 1305 donum
660 1240 741 1306 illud
771 1249 913 1305 testatur
941 1250 975 1305 et
996 1241 1073 1306 inde
1102 1253 1198 1307 uocat
1228 1243 1270 1308 sd
1298 1253 1479 1309 warantum

375 1343 398 1408 J
399 1343 558 1409 ohannem
578 1345 682 1409 filium
702 1345 726 1409 J
726 1345 863 1409 ohannis
883 1346 990 1410 fratris
1005 1345 1150 1412 eiusdem
1166 1348 1324 1413 Willelmi
1338 1357 1373 1412 et
1388 1348 1479 1412 here-

374 1444 449 1510 dem
464 1446 487 1510 J
488 1447 624 1512 ohannis
638 1449 739 1532 patris
754 1449 805 1512 sui
820 1458 855 1514 et
869 1450 925 1513 eui
940 1450 1042 1535 ipsius
1056 1451 1080 1515 J
1081 1452 1224 1516 ohannis

441 1551 484 1615 Et
514 1551 600 1616 idem
630 1552 796 1617 Johsnnes
825 1576 957 1639 presens
987 1563 1037 1618 est
1066 1564 1100 1619 et
1124 1564 1174 1619 est
1196 1555 1280 1620 infru
1301 1564 1423 1620 etatem
1445 1567 1480 1620 et

375 1654 455 1719 dicit
475 1655 561 1740 quud
581 1678 646 1720 non
666 1655 764 1721 debet
779 1656 821 1721 sd
836 1667 959 1722 certam
973 1658 1064 1722 illem
1078 1659 1270 1743 respondere
1285 1682 1344 1723 nec
1359 1668 1479 1723 terrum

374 1755 465 1822 illam
486 1757 518 1822 ei
540 1759 744 1823 warentizcre
766 1759 844 1845 quis
865 1760 1031 1825 Johannes
1052 1768 1146 1846 pater
1166 1784 1245 1826 suus
1265 1761 1318 1826 die
1339 1784 1403 1847 quo
1422 1761 1479 1825 de-

374 1861 541 1947 sponsuuit
563 1862 739 1928 stisiam
761 1872 901 1927 matrem
922 1886 1015 1928 suam
1037 1864 1100 1929 suit
1122 1865 1252 1930 scisitus
1272 1875 1311 1930 ut
1331 1866 1371 1930 de
1386 1866 1480 1931 feodo

375 1973 409 2029 et
424 1964 494 2028 iure
510 1973 543 2029 et
563 1965 745 2030 hereditate
765 1965 885 2030 suade
907 1975 994 2031 terra
1015 1967 1072 2032 illa
1093 1968 1142 2032 ita
1162 1968 1250 2054 quod
1272 1991 1343 2033 earn
1367 1969 1480 2034 dotare

374 2067 483 2153 potuit
512 2076 546 2132 et
568 2067 644 2132 inde
665 2068 759 2154 ponit
780 2091 814 2134 se
837 2092 935 2155 super
955 2069 1096 2134 iuratum
1119 2079 1154 2135 et
1176 2071 1256 2136 dicit
1278 2072 1365 2157 quod
1394 2072 1480 2137 bene

375 2171 598 2235 warentizauit
612 2171 709 2235 matri
723 2193 781 2236 sue
795 2171 906 2236 dotem
921 2195 1013 2237 susm
1029 2182 1064 2237 ct
1079 2173 1164 2259 petit
1178 2173 1336 2239 iudicium
1354 2174 1480 2239 desicut

373 2273 396 2338 ,J
398 2273 539 2338 ohannes
548 2282 643 2359 pater
650 2297 729 2339 suus
738 2275 847 2339 tenuit
856 2282 975 2339 terrum
986 2275 1076 2340 illam
1087 2285 1307 2362 postmortem
1319 2277 1343 2341 J
1343 2277 1480 2342 ohannis

373 2375 415 2440 de
430 2397 493 2461 quo
508 2384 598 2440 cartu
612 2375 764 2461 loquitur,
779 2398 844 2441 non
859 2376 949 2441 uult‘
965 2386 1024 2442 etc
1035 2377 1099 2442 nisi
1112 2377 1217 2443 cmiu⁵
1228 2387 1288 2444 etc.
1301 2387 1479 2464 antequam

373 2477 493 2543 habeat
508 2487 630 2543 etatem
645 2501 745 2545 suam.

439 2580 483 2644 Et
498 2581 681 2646 willelmus
695 2581 789 2646 uenit
804 2591 918 2668 postea
932 2591 966 2648 et
981 2582 1061 2647 dicit
1075 2584 1161 2669 quod
1178 2606 1293 2649 reuera
1311 2585 1480 2652 lohannes

373 2683 473 2747 frater
496 2705 574 2748 suus
596 2685 660 2749 fuit
682 2685 812 2750 scisitus
833 2685 876 2750 de
897 2694 984 2750 terra
1005 2686 1134 2752 illudis
1156 2709 1221 2774 quo
1235 2711 1308 2753 eam
1322 2689 1480 2754 Alicism⁸

373 2789 582 2874 desponsauit
597 2797 656 2855 etc.
673 2800 723 2855 set
737 2799 851 2877 postea
871 2790 1092 2877 inplacitauit⁷
1107 2792 1176 2878 ipse
1191 2792 1333 2858 eundem
1353 2794 1479 2859 «10111111-

372 2915 448 2957 nem
463 2893 498 2958 in
513 2894 670 2959 comitatu
685 2917 743 2980 per
757 2895 856 2959 breue
877 2894 918 2960 de
940 2904 1028 2960 recto
1050 2895 1099 2960 its
1120 2896 1206 2982 quod
1230 2907 1303 2982 post
1326 2921 1478 2985 guerram

372 2995 445 3080 ροτ8
469 2995 626 3061 iudicium
652 2997 796 3062 eiusdem
827 2997 1001 3063 comitatus
1030 2999 1236 3084 recuperauit
1261 2999 1331 3084 ipse
1354 3009 1478 3066 terrum

373 3099 492 3163 illam'
483 3123 517 3164 1n
538 3101 651 3165 eodem
668 3101 825 3166 comitatu
841 3110 875 3166 et
890 3100 966 3166 inde
980 3111 1077 3166 uocat
1092 3103 1284 3168 comitatum
1299 3103 1341 3168 ud
1356 3127 1480 3169 warun-
1494 3156 1501 3213 1

373 3209 445 3265 tum
467 3224 525 3288 per
550 3203 707 3267 auxilium
731 3203 818 3268 curie
843 3211 878 3268 et
903 3203 977 3268 ideo
1001 3214 1192 3290 preceptum
1217 3215 1267 3271 est
1293 3207 1496 3273 uicecomiti1

313 3265 459 3389 υ’ωοοοο
483 3327 588 3369 coram
611 3327 650 3370 eo
675 3305 710 3369 in
736 3305 892 3370 comitatu
922 3329 981 3371 suo
1006 3308 1165 3372 recordari
1191 3309 1289 3397 faciut
1315 3278 1493 3397 loquelaml

210 3404 320 3525 ἓξῑῴ
226 3394 277 3432 ⁰¹¹¹
278 3394 354 3434 ‘¹¹⁰¹²¹¹”
373 3407 463 3471 illam
478 3415 512 3472 et
498 3407 693 3472 treconlum
708 3407 790 3472 illud
805 3408 925 3473 habeat
940 3409 1024 3474 adie
1040 3419 1099 3474 etc
1106 3409 1128 3443 ¹⁰
1141 3433 1201 3495 per
1210 3411 1267 3498 iiij.
1281 3413 1404 3478 milites
1416 3423 1477 3479 etc.
1490 3372 1501 3464 l

354 3575 355 3578 ,
439 3509 615 3575 ¹¹«Iohanne
639 3533 703 3596 que
729 3510 792 3575 fuit
818 3533 898 3575 uxor
918 3511 1074 3576 Willelmi
1101 3512 1162 3577 filii
1187 3514 1367 3580 Baldewini
1392 3517 1480 3603 petit

373 3637 486 3679 uersus
511 3614 704 3679 (lanfridum
730 3614 835 3679 filium
860 3615 1039 3680 Baldewini
1064 3617 1198 3681 terciam
1221 3628 1349 3703 purtem
1375 3620 1479 3685 trium

373 3716 572 3803 uirgaturum
597 3726 682 3781 terre
706 3724 741 3780 et
764 3717 816 3802 xij.
840 3740 985 3782 serarum
1008 3727 1092 3783 terre
1115 3741 1189 3783 cum
1211 3721 1452 3804 pertinenciis
1442 3746 1479 3787 m

371 3817 505 3904 Treeng’
521 3827 559 3882 ut
574 3818 684 3882 dotem
704 3839 796 3881 suam
818 3817 904 3882 unde
926 3818 1091 3904 predictus
1106 3820 1290 3887 Willelmus
1313 3824 1479 3908 quondum

370 3929 429 3986 etc.
446 3943 518 3986 enm
533 3922 661 3986 dotauit
678 3931 738 3986 etc.

404 4141 569 4190 ι3111211.
948 4145 1025 4191 tutor.

402 4205 413 4238 ²
429 4205 578 4269 Huuwysia,
590 4206 621 4254 B.
978 4205 989 4239 ⁷
1005 4209 1177 4270 replacltuuit,
1191 4209 1223 4258 B.

402 4270 413 4302 ³
431 4272 505 4319 Ginle
517 4285 546 4319 or
559 4273 641 4330 Gtule,
654 4271 684 4319 B.
978 4271 989 4302 ⁸
1001 4287 1048 4334 per
1059 4273 1186 4333 repented.

379 4337 813 4398 -⁴artearramillamreepondere‚
825 4334 856 4383 Β.
978 4336 1107 4384 'SeeBn
1119 4338 1136 4386 l.
1150 4339 1207 4385 310.

402 4401 632 4458 ”consideraverit
644 4401 673 4449 B.
978 4400 999 4432 ¹⁰
1016 4401 1183 4451 Michuelmss
1193 4403 1344 4453 fivewaeks.

402 4465 546 4520 Muciam,
580 4464 718 4514 interlined
748 4464 781 4526 by
812 4479 893 4512 enno·
978 4465 1161 4516 11Β.111.111.
