3342 5217
355 320 419 385 680
563 332 884 394 irremissam.
910 318 1003 394 1232,
1025 332 1088 384 aa
1114 318 1251 387 16-17.

355 526 470 570 reuera
490 505 595 570 multo
617 513 763 592 tempore
784 505 931 592 percepit
952 528 1070 571 nonam
1092 506 1226 592 garbam
1249 504 1289 571 de
1304 502 1464 570 dominico

356 607 443 693 quod
464 607 528 671 fuit
550 607 689 672 Walteri
709 608 751 671 de
774 608 862 693 Lacy
875 608 909 671 in
933 606 1031 671 Noua
1052 606 1141 672 Villa
1161 606 1240 671 dum
1267 605 1465 671 dominicum

356 710 420 775 fuit
448 709 484 773 in
513 732 612 775 manu
641 710 744 796 ipsius
773 710 913 775 Walteri
941 718 977 775 et
1007 711 1163 797 quamdiu
1194 710 1258 775 fuit
1293 710 1329 773 in
1364 730 1465 773 manu

358 813 516 878 Gileberti
537 813 578 878 de
601 813 697 899 Lacy,
711 823 762 879 set
783 820 858 898 post
879 813 1014 878 deuenit
1036 812 1071 877 in
1089 835 1205 877 manus
1219 812 1322 899 ipsius
1335 811 1468 877 Ricardi

356 917 426 1002 ipse
447 916 592 981 detinuit
613 916 703 981 illam
725 938 845 981 nouam
867 916 1001 1003 garbam
1023 915 1150 980 desieut
1171 915 1241 1001 ipse
1263 915 1326 981 fuit
1341 914 1419 980 inde
1432 914 1467 978 in

357 1020 476 1086 seisina
495 1021 580 1085 sieut
602 1020 643 1085 de
665 1020 768 1086 libera
789 1020 972 1085 elemosina.
1017 1020 1061 1083 Et
1083 1018 1161 1105 quia
1182 1018 1262 1083 aliae
1284 1040 1383 1105 super
1407 1014 1467 1080 hoc

357 1125 497 1191 consulti
519 1127 651 1191 fuerunt
674 1125 859 1215 itrsticiarii¹
885 1146 982 1211 super
1011 1125 1076 1189 ista
1104 1121 1325 1209 prohibicione
1354 1132 1390 1186 et
1419 1142 1467 1185 re·

357 1251 511 1315 sponsum
525 1230 589 1293 fuit
604 1228 690 1315 quod
703 1228 875 1315 procedere
890 1228 999 1314 potuit
1013 1227 1142 1313 loquela
1155 1227 1190 1291 in
1204 1226 1295 1291 curia
1309 1222 1468 1291 cristiani·

359 1334 438 1399 tatis
460 1333 537 1419 quia
557 1332 626 1418 ipse
649 1331 739 1396 Prior
760 1332 880 1417 agebat
905 1332 945 1397 de
976 1330 1098 1395 recenti
1127 1329 1319 1415 spoliatione
1346 1351 1408 1393 sua
1435 1335 1469 1391 et

359 1438 447 1503 idem
469 1436 626 1501 Rieardus
647 1436 748 1500 nichil
766 1435 771 1522 Ι
792 1434 990 1501 sufficienter
1010 1433 1154 1500 ostendit
1176 1456 1274 1519 quare
1298 1432 1470 1519 procedere

360 1562 425 1605 non
446 1539 574 1617 debeat,
596 1536 845 1604 Consideratum
868 1547 919 1602 est
941 1536 1027 1623 quod
1050 1536 1141 1601 Prior
1154 1536 1237 1601 bene
1255 1543 1363 1621 potest
1378 1532 1470 1619 sequi

361 1644 397 1709 in
410 1642 557 1729 predicta
570 1642 660 1706 curia
674 1641 908 1717 cristianitatis,
923 1650 957 1706 et
973 1638 1130 1706 Ricardus
1145 1639 1180 1703 in
1194 1637 1422 1703 misericordia

306 1807 312 1819 ,
426 1746 545 1810 'Elena
573 1766 636 1830 que
666 1744 730 1809 luit
758 1767 841 1808 uxor
871 1744 1002 1809 Ricardi
1031 1744 1091 1809 filii
1127 1743 1198 1809 Elie
1236 1744 1320 1829 petit
1356 1764 1470 1807 uersus

299 1882 305 1893 ·
362 1847 552 1913 Willemum
574 1846 693 1911 Beneit
715 1846 849 1911 terciam
872 1855 998 1932 partem
1021 1846 1122 1911 trium
1144 1868 1204 1911 aer.
1229 1856 1314 1911 terre
1336 1854 1371 1910 et
1393 1845 1468 1913 dim

361 1973 437 2017 eum
451 1959 533 2037 pert.
548 1950 584 2013 in
598 1949 833 2035 Bucherheye⁸,
849 1959 887 2014 ut
902 1950 1012 2015 dotem
1027 1972 1119 2014 suam
1134 1960 1194 2014 etc.

427 2055 473 2119 Et
495 2053 678 2117 Willelmus
699 2052 793 2117 uenit
814 2062 849 2117 et
871 2052 951 2117 dicit
973 2052 1060 2137 quod
1081 2052 1163 2117 emit
1184 2059 1304 2116 terram
1324 2051 1416 2117 illam
1430 2050 1471 2116 de

363 2158 434 2223 uiro
447 2180 507 2222 suo
520 2157 642 2222 nudam
657 2166 692 2221 et
706 2156 925 2221 medificatem
941 2165 975 2221 et
990 2155 1259 2241 superedificauit,
1277 2166 1312 2221 et
1331 2156 1471 2221 libenter

363 2262 511 2327 concedit
532 2261 563 2325 ei
586 2260 719 2326 terciam
742 2268 869 2347 partem
884 2284 976 2325 suam
992 2260 1090 2326 saluis
1105 2261 1136 2325 ei
1151 2260 1292 2325 edificiis
1339 2260 1384 2324 Et
1399 2259 1470 2324 ideo

362 2366 434 2452 ipsa
455 2365 575 2430 habeat
595 2365 747 2430 seisinam
769 2387 871 2442 suam,
893 2365 992 2430 saluis
1014 2364 1120 2430 eidem
1143 2364 1306 2430 Willelmo
1320 2363 1471 2429 domibus

362 2467 430 2531 suis
444 2466 708 2552 superedificatis‚
725 2466 797 2553 qui⁴
811 2467 913 2532 habet
927 2468 1005 2532 alibi
1020 2476 1113 2533 extra
1131 2468 1258 2533 edificia
1276 2467 1334 2531 ubi
1352 2467 1470 2531 habere

363 2570 484 2657 poterit
499 2577 619 2634 terram
633 2570 749 2636 suam'.

428 2672 554 2737 ⁰Assisa
568 2673 661 2737 uenit
675 2673 881 2760 recognitum
895 2672 923 2737 si
937 2673 1043 2738 Adam
1060 2673 1204 2740 Clericus
1223 2681 1316 2759 pater
1337 2670 1472 2737 Henrici

365 2778 428 2843 fuit
443 2778 573 2842 saisitus
587 2785 647 2842 ete
663 2776 785 2842 deuna
798 2776 881 2861 uirg.
897 2785 982 2841 terre
998 2799 1071 2840 eum
1087 2784 1167 2862 pert.
1183 2777 1219 2841 iu
1234 2776 1406 2842 Westoua⁷
1420 2776 1470 2841 die

365 2891 424 2948 etc
455 2890 490 2945 et
518 2881 547 2945 si
576 2890 636 2945 etc
666 2904 765 2967 quam
794 2890 916 2945 terram
944 2880 1112 2947 lohannes
1141 2880 1228 2947 filius
1264 2880 1396 2946 Ricardi
1431 2879 1471 2944 de

365 2986 549 3051 Turreuilla
577 2994 678 3062 tenet,
706 2986 764 3071 qui
792 2986 888 3050 uenit
917 2994 952 3051 et
973 2986 1053 3051 alias
1076 2987 1207 3051 uocauit
1229 2986 1271 3051 ad
1293 2993 1471 3050 warantum

366 3089 545 3155 Hemicum
574 3089 615 3153 de
645 3089 828 3154 Turreuilla
858 3089 914 3175 qui
943 3088 1038 3153 uenit
1067 3097 1102 3153 et
1131 3088 1164 3153 ei
1192 3089 1418 3155 warentizauit
1439 3096 1473 3153 et

366 3192 497 3257 uocauit
518 3191 594 3256 inde
615 3190 657 3255 ad
676 3200 858 3257 warantum
881 3191 1057 3256 Ricardum
1079 3191 1120 3256 de
1142 3192 1324 3257 Turreuilla
1347 3200 1472 3279 patrem

365 3316 461 3359 suum
492 3294 548 3379 qui
576 3294 670 3358 uenit
699 3302 734 3358 et
763 3294 794 3359 ei
822 3294 1047 3359 warentiaauit
1081 3303 1116 3359 et
1152 3295 1283 3359 uocauit
1318 3293 1396 3359 inde
1433 3292 1473 3358 ad

366 3406 545 3462 warantum
575 3398 739 3484 Rogerum
768 3398 809 3462 de
840 3398 963 3465 Craffte
993 3407 1027 3463 et
1058 3398 1212 3465 Ceciliam
1242 3420 1375 3485 uxorem
1406 3398 1473 3462 eius

368 3503 542 3588 Symonem
571 3500 612 3565 de
642 3501 824 3565 Turreuilla
853 3510 888 3565 et
918 3502 1128 3567 Petronillam
1158 3524 1292 3567 uxorem
1324 3501 1405 3578 eiua,
1440 3506 1473 3563 et

369 3606 514 3692 Rogem's
536 3614 571 3670 et
592 3605 649 3670 alii
670 3606 751 3670 n0n⁸
772 3615 935 3671 uenerunt
957 3616 992 3671 et
1012 3608 1158 3673 lecerunt
1173 3608 1327 3673 defaltam
1344 3615 1413 3683 ete,
1427 3604 1473 3668 ita

369 3708 455 3795 quod
476 3709 681 3795 preceptum⁹
703 3710 887 3775 uicecomiti
909 3711 995 3797 quod
1024 3719 1278 3776 resummoneret
1306 3733 1361 3775 eos
1389 3706 1472 3796 quod

369 3819 477 3876 essent
498 3811 540 3876 ad
562 3812 648 3877 diem
671 3812 780 3892 istum,
802 3822 837 3878 et
859 3813 932 3879 ideo
953 3814 1101 3900 capiatur
1122 3814 1222 3879 assisa
1240 3836 1298 3900 per
1311 3812 1470 3877 defaltum

403 3966 480 4016 ¹For
501 3982 518 4017 a
538 3968 715 4018 consultation
737 3984 772 4019 on
794 3968 859 4020 such
881 3985 897 4020 a
948 3969 1198 4034 Thiseaseappears
1212 3974 1240 4020 at
1254 3968 1344 4033 length
1361 3966 1390 4018 in
1405 3966 1470 4017 Fita.

371 4036 507 4081 matteras
519 4032 580 4092 this,
593 4034 689 4083 see'Br.
701 4034 813 4085 moth.
904 4036 909 4045 '
947 4037 1045 4093 bercer,
1058 4038 1114 4086 192.

403 4095 460 4146 ¹13.
471 4112 508 4145 m.
520 4100 559 4147 13.
980 4099 1164 4151 ⁰B.m.14d.

402 4160 414 4193 ⁸
429 4164 599 4227 Ructerteya
612 4163 642 4211 B.
979 4162 990 4197 ⁷
1006 4165 1113 4214 Weston
1125 4164 1248 4215 Turrille.

403 4226 414 4257 ⁴
430 4227 500 4277 Corr.
515 4232 585 4291 quie,
596 4230 626 4277 B.
979 4228 990 4261 ⁸
1006 4232 1116 4293 liorem
1133 4238 1157 4280 et
1175 4232 1273 4281 cecilia
1289 4238 1313 4280 et
1333 4227 1469 4279 Petronilla

404 4290 414 4322 ⁶
431 4292 514 4341 There
535 4294 559 4341 ie
580 4293 643 4343 land
660 4293 764 4345 unhailt
779 4310 846 4356 over,
867 4296 897 4345 in
947 4310 1005 4356 aen,
1019 4296 1049 4345 Β.

372 4355 457 4406 which
468 4356 512 4406 the
522 4357 609 4408 widow
617 4373 666 4409 ean
674 4359 740 4410 have
748 4360 795 4410 her
803 4361 895 4411 dower.
979 4360 990 4393 ⁹
1007 4360 1105 4424 supply
1114 4362 1179 4425 suit,
1192 4360 1221 4410 B.
