3342 5217
418 416 482 478 454
713 430 865 491 rsrsurr,
886 430 953 480 an.
977 418 1072 492 12³1,
1092 432 1158 480 aa
1182 421 1232 480 15.

416 603 603 669 iusticiariis
628 604 861 671 itinerantibus
885 606 974 691 apud
996 606 1257 671 Conueutriam¹.
1301 602 1380 669 Post
1401 606 1518 690 profert

417 708 529 773 Abbas
542 708 769 795 cirographum
785 710 908 774 sactum
928 732 1035 774 coram
1056 710 1243 774 iusticiariis
1263 709 1352 795 apud
1372 709 1518 774 Conuen-

417 812 514 876 triam
544 820 579 876 et
608 812 694 898 quod
720 813 807 878 idem
837 813 1004 878 Galfiidus
1023 813 1188 899 cognoscit
1209 821 1244 877 ct
1272 811 1359 899 quod
1379 820 1518 875 testatur

416 914 503 999 quod
529 916 674 1002 predicte
700 939 727 981 v.
753 938 860 981 meree
882 916 1046 1002 assignate
1070 918 1204 981 fuemnt
1224 916 1331 981 eidem
1352 916 1516 980 Beatricie.

417 1019 461 1083 Et
475 1018 549 1084 ideo
563 1020 675 1085 Abbas
689 1020 804 1085 reddat
819 1020 860 1085 de
874 1029 982 1084 cetero
996 1020 1103 1085 eidem
1123 1020 1284 1083 Beatricie
1299 1043 1327 1083 v.
1342 1042 1467 1083 mareas
1487 1028 1516 1082 et

416 1122 521 1188 eidem
538 1124 683 1189 Galt‘rido
693 1124 717 1211 j.
734 1147 876 1189 marcam
890 1133 926 1189 ct
939 1125 1119 1189 satisfaciat
1130 1124 1325 1189 Galfiidode
1337 1146 1404 1188 una
1413 1146 1517 1187 marea

414 1248 473 1311 pro
487 1229 656 1316 arreragiis
671 1238 705 1293 et
721 1230 886 1294 Galfridus
900 1230 935 1293 in
950 1229 1168 1294 misericordia
1181 1228 1405 1294 custodiatur‘.

355 1376 363 1389 .
480 1330 671 1397 'Abbatissa
699 1332 739 1396 de
777 1332 882 1397 Fonte
911 1331 1062 1396 Ebrotdi⁴
1097 1355 1157 1418 per
1191 1340 1395 1397 attornatum
1424 1354 1514 1396 suum

348 1454 354 1465 ·
414 1432 536 1518 optulit
550 1456 585 1498 se
599 1456 713 1498 uersus
727 1433 752 1497 J
751 1433 912 1497 ohannem
927 1432 969 1498 de
984 1434 1054 1519 Fay
1068 1433 1109 1518 de
1124 1434 1245 1520 placito
1259 1432 1345 1518 quod
1358 1432 1477 1497 reddat
1489 1432 1515 1495 ei

414 1536 469 1621 xij.
492 1558 587 1601 mare.
606 1559 687 1623 quas
707 1536 738 1601 ei
760 1537 876 1601 debuit
895 1536 937 1601 de
959 1536 1108 1623 arregiis⁸
1129 1537 1231 1600 annui
1252 1536 1400 1600 redditus
1420 1558 1513 1621 quem

413 1642 443 1705 ei
473 1640 597 1707 debuit.
642 1642 687 1705 Et
715 1640 884 1705 Johannes
911 1662 976 1704 non
1006 1641 1099 1705 uenit
1128 1651 1163 1706 et
1187 1640 1304 1705 habuit
1327 1640 1409 1704 alias
1431 1640 1513 1704 diem
1600 1687 1602 1698 ,

412 1746 447 1810 in
466 1745 578 1822 ban00,
599 1752 634 1810 et
652 1752 837 1808 attumatus
858 1766 936 1807 suus
957 1766 992 1807 se
1014 1744 1190 1808 essoniauit
1211 1751 1247 1807 et
1267 1744 1430 1808 sasoniam
1456 1766 1514 1808 nou

414 1849 477 1914 fuit
506 1850 536 1914 ei
563 1850 737 1913 allocaturn
769 1848 848 1934 quia
868 1849 1035 1914 Jobannes
1056 1849 1147 1913 uisus
1175 1849 1240 1913 fuit
1268 1849 1302 1913 in
1332 1848 1431 1913 curia
1475 1848 1513 1911 Et

412 1951 485 2016 ideo
500 1952 736 2017 consideratum
752 1960 803 2016 est
817 1952 905 2038 quod
918 1953 1085 2017 «Iohannes
1098 1952 1305 2017 athachietur
1325 1952 1413 2038 quod
1434 1952 1479 2016 ait
1496 1972 1514 2014 s

411 2054 464 2119 die
480 2064 540 2121 cte.

335 2290 368 2321 oa
413 2284 462 2326 xv.
489 2262 543 2326 sol.
575 2262 787 2327 Turronensis
817 2272 946 2327 monete
975 2286 1056 2348 quos
1084 2264 1199 2327 furtim
1227 2273 1263 2328 et
1295 2263 1514 2328 fraudulenter

411 2362 573 2429 subtraxit
588 2387 608 2428 a
623 2365 816 2450 quibusdam
832 2366 1063 2430 mercatoribus
1077 2366 1360 2431 Wasconiensibus
1374 2367 1469 2430 uenit
1482 2372 1514 2428 et

411 2466 584 2533 aduocauit
606 2467 753 2533 denarios
775 2469 847 2533 illos
876 2477 911 2533 et
933 2468 1038 2554 primo
1058 2470 1146 2533 illaa⁷
1167 2469 1382 2534 deaduoeauit
1403 2492 1512 2534 secuu-

410 2570 489 2636 dum
505 2572 590 2658 quod
606 2581 765 2637 testatum
776 2572 841 2637 suit
851 2595 910 2659 per
920 2574 1198 2659 proboshomines
1244 2575 1513 2661 Etinterrogatus

410 2673 451 2739 de
481 2674 628 2759 pluribus
657 2674 912 2739 circumstanciis
941 2675 1048 2739 uariat
1084 2676 1119 2740 in
1155 2677 1314 2742 omnibus
1358 2678 1402 2741 Et
1439 2674 1515 2762 quia

410 2786 568 2843 testatum
592 2788 642 2843 est
658 2778 743 2864 quod
758 2778 906 2843 denarios
924 2778 1010 2843 illos⁸
1025 2779 1059 2843 in
1080 2780 1178 2844 inicio
1199 2788 1234 2844 et
1256 2779 1443 2844 conuictum
1466 2786 1514 2842 est

409 2903 467 2966 per
481 2890 570 2947 certa
584 2882 704 2947 indicia
718 2882 804 2969 quod
819 2882 944 2947 denarii
961 2882 1011 2945 illi
1030 2904 1095 2946 non
1113 2890 1191 2946 aunt
1210 2882 1263 2946 sui
1284 2881 1384 2945 immo
1402 2881 1515 2967 pocius

409 2984 625 3070 predictorum
641 2995 855 3051 mercatorum
866 2985 939 3072 ⁰qui
951 2994 1071 3051 sectam
1084 2985 1297 3049 sufficientem
1309 2982 1515 3070 producunt’,

408 3088 656 3155 Consideratum
671 3098 721 3155 est
741 3090 827 3175 quod
847 3096 1040 3154 mercatores
1060 3089 1203 3153 habeant
1222 3088 1369 3153 denarios
1388 3088 1464 3154 illos
1483 3098 1517 3152 et

406 3191 574 3259 Johannes
593 3194 795 3259 custodiatur
816 3194 894 3281 quia
916 3194 1021 3259 estin
1043 3193 1157 3258 habitu
1180 3192 1328 3258 clericali.
1372 3192 1416 3257 Et
1440 3192 1517 3279 quia

407 3294 579 3361 dubitatur
608 3306 719 3363 utrum
750 3298 794 3362 sit
823 3298 990 3362 ordinatus
1012 3299 1066 3363 uel
1094 3298 1259 3384 nunquia
1286 3297 1368 3363 dicit
1387 3319 1425 3363 se
1448 3319 1518 3363 eaee

407 3398 587 3479 diaconum,
602 3401 672 3466 dies
687 3402 784 3467 datus
799 3411 849 3467 est
861 3402 892 3467 ei
906 3411 945 3467 ut
960 3409 1040 3467 tunc
1054 3404 1169 3489 probet
1184 3400 1343 3467 ordines¹’.

472 3498 609 3586 ¹¹Agnes
638 3523 702 3587 que
739 3502 802 3566 fuit
840 3524 921 3566 uxor
956 3502 1117 3567 iohannis
1145 3502 1250 3569 Chese
1277 3501 1364 3590 petit
1398 3524 1520 3568 uersus

407 3604 608 3670 Willelmum
625 3606 763 3693 Grampe
778 3629 881 3671 unum
896 3606 1098 3694 mesuagium
1114 3630 1190 3672 eum
1205 3616 1285 3693 pert.
1301 3608 1336 3671 in
1358 3606 1520 3672 suburbio

407 3707 532 3773 Oxonie
554 3716 593 3772 ut
615 3707 725 3773 dotem
747 3731 839 3773 suam
862 3716 922 3774 etc.
966 3710 1011 3773 Et
1032 3709 1147 3774 balliui
1169 3710 1295 3775 Oxonie
1316 3710 1463 3776 ueniunt
1485 3720 1521 3775 et

406 3818 525 3895 petunt
545 3811 668 3875 curiam
683 3834 773 3876 suam
797 3833 857 3896 per
877 3811 1065 3877 libertatem
1087 3812 1213 3880 Oxonie
1235 3821 1270 3877 et
1290 3812 1416 3877 habent
1439 3813 1523 3900 quia

437 4010 447 4044 ¹
465 4010 564 4075 supply
575 4026 617 4061 aa.
630 4026 651 4061 r.
663 4014 700 4061 H.
706 4013 749 4075 fil.
758 4013 819 4072 Res.
828 4013 888 4061 Job.
897 4012 931 4072 η’.
1014 4011 1026 4044 ⁸
1043 4011 1114 4061 corr.
1126 4011 1273 4071 amomis,
1283 4010 1314 4060 Β.

403 4078 469 4127 trudo
479 4090 522 4139 pes
534 4078 605 4125 illius
617 4078 762 4140 ciroprapbt'
771 4078 932 4126 estiuarcha
1014 4076 1025 4107 ⁶
1040 4077 1071 4127 B.
1085 4091 1121 4124 m.
1133 4078 1158 4125 8.

403 4144 498 4192 dorntni
509 4142 594 4201 Regiis,
606 4143 637 4191 Β.
1014 4140 1026 4173 ⁷
1042 4141 1112 4191 Gorr.
1127 4143 1193 4197 illos,
1204 4138 1236 4188 B.

342 4214 344 4221 ’
435 4205 665 4270 ¹Imprisonment
677 4206 717 4256 sor
733 4205 811 4269 going
826 4204 931 4268 against
1013 4206 1025 4239 ⁸
1042 4206 1141 4269 Supply
1151 4206 1329 4261 &aduocauit
1339 4203 1372 4253 B.

403 4273 488 4323 stine.
522 4268 605 4321 Bhar
616 4286 651 4321 no
662 4274 828 4322 subdicitur.
1013 4270 1053 4303 Η
1069 4272 1128 4321 Ora.
1139 4270 1171 4319 B.

435 4338 446 4369 ³
462 4338 492 4385 B.
505 4352 538 4389 m.
551 4336 600 4387 id.
1014 4334 1036 4367 ¹⁰
1047 4332 1483 4397 Aurgeuaouinthemarginor
1489 4338 1521 4386 Β.

435 4401 629 4451 ⁴Fontevrault
651 4400 678 4450 iu
701 4401 794 4464 Anjou.
818 4401 929 4451 Monaat.
1014 4399 1034 4431 ²¹
1051 4400 1082 4449 B.
1094 4414 1130 4449 m.
1143 4403 1167 4449 8.

402 4468 451 4517 vol.
465 4468 487 4523 5,
500 4482 525 4530 p.
540 4469 612 4516 1085.
