3342 5217
508 28 658 88 rnrsrrr,
681 26 743 75 an.
769 14 864 85 123³,
886 26 947 74 nn
974 8 1023 76 17.
1252 10 1315 73 583

208 200 384 264 terminum
399 198 457 285 qui
471 199 620 285 preteriit
634 208 704 276 eto,
719 207 754 263 et
768 196 852 262 bene
868 198 981 262 dicunt
1002 196 1087 283 quod
1108 197 1177 283 ipse
1192 195 1316 262 dimisit

208 311 328 367 terram
350 302 440 367 illam
462 302 505 367 ad
527 301 704 366 terminum
726 301 767 365 ix.
790 324 948 365 annorum
975 308 1009 364 et
1031 322 1086 365 sex
1113 300 1190 365 anni
1215 298 1317 385 elapsi

207 414 284 471 sunt
299 405 384 491 quod
399 404 559 470 terminus
573 404 722 492 preteriit
736 413 797 470 etc.

274 509 317 573 Et
331 508 423 573 Jarlo
437 508 530 573 uenit
545 518 580 572 et
598 508 679 573 dicit
698 508 785 594 qnod
805 508 955 573 feoffatus
975 507 1038 572 suit
1059 530 1116 593 per
1134 507 1316 593 predictum

207 611 391 677 Johannem
418 619 452 674 et
477 633 537 696 per
561 619 684 675 cartam
710 633 812 687 suam,
834 618 886 675 set
911 610 992 675 dicit
1018 609 1104 695 quod
1128 609 1317 674 nonhabet

207 722 330 779 cartam
345 736 436 778 suam
451 714 486 777 in
503 713 654 799 presenti,
669 720 704 777 et
718 712 803 798 petit
820 712 906 798 quod
922 734 993 777 eam
1015 712 1132 777 habere
1152 719 1261 797 posset
1275 711 1318 775 ad

208 816 309 883 alium
339 817 438 893 diem,
462 829 497 882 et
521 818 604 882 bene
631 816 778 881 defendit
803 816 890 902 quod
919 817 1008 881 illam
1038 839 1102 881 non
1132 815 1248 881 habuit
1276 816 1317 881 ad

209 918 386 985 terminum
401 927 462 985 etc.
997 914 1003 925 ’

273 1024 318 1088 Et
333 1023 492 1088 Ricardns
506 1032 541 1088 et
555 1022 612 1087 alii
627 1046 685 1108 per
698 1031 880 1088 attornatos
896 1046 969 1087 suos
989 1022 1103 1088 dicunt
1123 1022 1209 1110 quod
1229 1022 1317 1087 illam

209 1127 325 1191 habuit
347 1126 389 1191 ad
411 1126 588 1191 terminum
610 1126 789 1192 secundum
810 1126 896 1213 quod
916 1128 1098 1214 predictum
1120 1137 1178 1204 est,
1193 1136 1228 1192 et
1242 1127 1318 1191 inde

209 1230 332 1297 habent
353 1238 475 1295 sectam
498 1229 712 1294 sufficientem
735 1238 794 1295 etc
841 1231 885 1295 Et
906 1230 1089 1316 producunt
1111 1238 1232 1295 sectam
1255 1252 1319 1316 que

209 1332 309 1397 nichil
334 1332 429 1398 inde¹
456 1333 518 1397 scit
542 1356 603 1398 nec
628 1332 753 1418 aliquid
778 1341 921 1398 testatur
946 1354 1004 1397 nec
1031 1334 1094 1419 ipsi
1121 1333 1245 1419 aliquid
1270 1334 1319 1398 in·

209 1446 429 1503 strumentum
443 1437 628 1523 producunt
642 1459 702 1502 nec
716 1436 813 1502 aliud
861 1438 904 1502 Et
925 1438 997 1503 ideo
1015 1437 1253 1503 consideratum
1269 1447 1319 1504 est

209 1539 296 1627 qnod
317 1541 408 1606 Jarlo
429 1540 506 1605 inde
530 1542 661 1627 quietus
686 1550 721 1607 et
744 1541 903 1608 Ricardus
928 1542 962 1606 in
988 1542 1223 1608 misericordie²
1248 1565 1319 1629 per-

209 1645 340 1731 quirant
354 1644 418 1710 sibi
431 1668 490 1731 per
503 1645 603 1709 breue
618 1645 659 1709 de
674 1654 763 1710 recto
777 1646 805 1710 si
819 1646 992 1712 noluerint.

152 1802 161 1819 .
275 1748 433 1835 Magister
458 1750 621 1814 Rohertus
645 1750 687 1814 de
713 1750 851 1836 Bilneya
876 1752 1075 1817 attachiatus
1099 1751 1162 1816 fuit
1188 1750 1230 1816 ad
1255 1774 1319 1817 res·
1401 1786 1437 1815 or.

210 1850 418 1937 pondendum
433 1850 598 1915 erlelmo
612 1850 652 1915 de
674 1850 834 1916 Mein-mid
855 1852 955 1918 Garin
976 1876 1074 1939 quare
1095 1855 1203 1918 tenuit
1223 1855 1321 1942 placi-

210 1967 283 2022 tum
297 1956 443 2021 incuria
462 1956 686 2022 cristianitatis
707 1957 749 2023 de
769 1959 860 2045 layco
881 1959 974 2024 feodo
994 1960 1096 2046 ipsius
1111 1960 1267 2025 Willelmi
1286 1960 1322 2025 in

212 2062 425 2127 Gernemnwe
450 2071 564 2126 contra
592 2062 855 2148 prohibicionem,
880 2072 914 2129 et
943 2063 1030 2129 unde
1060 2065 1207 2149 queritur
1235 2066 1321 2151 qnod

211 2167 320 2231 tenuit
341 2166 498 2251 placitum
521 2166 561 2230 de
583 2165 711 2231 duobus
732 2166 909 2253 mesuagiis
931 2176 966 2232 et
988 2166 1028 2232 de
1052 2168 1177 2233 catallis
1201 2168 1242 2233 xl.
1265 2169 1318 2234 sol.
1342 2236 1343 2239 ,

211 2270 297 2335 unde
319 2268 534 2335 deterioratue
556 2278 607 2335 est
629 2279 664 2335 et
683 2270 863 2357 dampnum
884 2271 984 2337 habet
1003 2270 1046 2335 ad
1067 2270 1247 2336 ualenciam
1269 2295 1319 2335 xx.
1439 2334 1443 2343 ,

212 2396 306 2438 marc
322 2381 357 2437 et
371 2372 447 2437 inde
463 2372 613 2459 producit
628 2381 758 2437 sectam.

277 2478 321 2542 Et
347 2478 505 2565 Magister
529 2477 692 2543 Rohertus
718 2478 811 2543 uenit
841 2488 875 2543 et
904 2477 1050 2543 defendit
1079 2476 1165 2563 quod
1194 2478 1321 2542 nullum

212 2581 369 2667 placitum
399 2580 508 2646 tenuit
536 2590 597 2646 etc.
627 2589 739 2647 contra
767 2581 1022 2668 prohibicionem
1053 2590 1112 2646 etc.
1158 2582 1201 2646 Et
1233 2589 1322 2645 secta

212 2681 389 2749 willelm?
410 2683 596 2748 examinata
615 2692 665 2748 est
684 2693 719 2747 et
737 2692 879 2749 testatur
893 2685 979 2771 quod
994 2684 1102 2749 tenuit
1116 2684 1273 2770 placitum
1288 2683 1323 2748 in

213 2786 303 2851 curia
317 2785 541 2852 cristianitatis
556 2784 597 2849 de
611 2786 760 2851 robberia
773 2787 814 2851 xl.
828 2788 883 2851 sol.
921 2787 966 2851 Et
981 2787 1058 2872 quia
1068 2786 1168 2851 breue
1180 2786 1324 2871 loquitur

214 2896 344 2953 tantum
367 2887 407 2952 de
429 2888 521 2973 layco
543 2886 644 2965 feodo,
666 2897 701 2951 et
722 2887 826 2953 secta⁴
849 2896 990 2953 testatur
1015 2888 1101 2974 quod
1124 2880 1164 2953 dc
1190 2888 1323 2965 catallis,
1344 2944 1347 2952 .

107 3074 113 3079 .
214 2992 287 3057 ideo
301 2991 539 3057 consideratum
554 2999 605 3057 est
625 2992 713 3079 quod
733 2993 890 3080 Magister
910 2993 1071 3058 Rohertus
1087 2993 1161 3059 inde
1177 2992 1246 3058 sine
1262 2992 1323 3069 die,

214 3102 250 3159 et
265 3092 450 3161 Willelmns
465 3092 500 3157 in
515 3093 737 3160 misericordia

134 3247 163 3268 .‚
280 3194 337 3261 R!
352 3195 469 3263 comes
484 3196 692 3262 Marescallus
707 3219 764 3283 per
778 3207 980 3263 attornatum
996 3222 1090 3263 suum
1112 3198 1196 3285 petit
1211 3222 1324 3265 uersus

216 3300 412 3365 Nicholaum
435 3299 476 3365 dc
500 3300 620 3387 Olausy
642 3302 729 3388 quod
757 3303 872 3368 reddat
899 3303 930 3368 ei
956 3303 1135 3367 Rohertum
1162 3303 1265 3367 filium
1290 3314 1324 3369 et

216 3405 368 3470 heredem
389 3405 493 3470 Rann’
508 3405 549 3471 de
569 3406 692 3470 Affiica
710 3406 803 3471 cuius
823 3407 970 3473 custodia
989 3406 1031 3471 ad
1053 3408 1160 3493 ipsum
1183 3408 1325 3491 pertinet

216 3532 254 3574 eo
270 3509 356 3595 quod
370 3509 456 3574 idem
471 3509 553 3575 Rad’
568 3510 608 3574 de
624 3532 663 3575 eo
677 3511 786 3576 tenuit
800 3534 859 3597 per
874 3512 1047 3577 seruicium
1063 3510 1213 3587 militare,
1229 3519 1287 3575 etc.

283 3614 327 3678 Et
356 3612 534 3678 Nicholaus
563 3614 656 3679 uenit
683 3624 718 3680 et
754 3615 834 3680 dicit
871 3616 958 3702 qnod
995 3639 1059 3679 non
1096 3614 1196 3679 habet
1232 3615 1326 3681 illum
1364 3670 1366 3677 Α

251 3793 260 3825 ¹
277 3793 360 3841 nichil
375 3793 433 3841 inde
450 3790 536 3841 interl.
554 3792 587 3855 by
598 3794 745 3843 annotator.
797 3797 825 3842 to
843 3792 1020 3842 examinatior
1037 3792 1066 3841 os
1081 3791 1126 3841 thc
1144 3790 1204 3849 cuit.
1223 3806 1265 3842 sec
1281 3794 1325 3842 Br.

221 3859 271 3909 sce
281 3858 326 3907 Br.
338 3856 356 3905 f.
369 3857 426 3905 820.
798 3859 816 3907 t.
828 3860 885 3907 410.

251 3922 262 3955 ¹
280 3922 379 3984 Sapply
389 3928 421 3971 et.
830 3924 841 3955 ¹
857 3921 979 3981 Richard,
992 3936 1049 3973 now
1061 3938 1095 3973 on
1107 3921 1151 3972 the
1165 3936 1226 3986 very
1237 3938 1282 3973 erc
1298 3924 1327 3973 ot

252 3987 263 4019 ³
283 3986 408 4047 willelmi,
423 3987 509 4039 interl.
523 3986 557 4050 by
569 3992 718 4038 annotator.
797 3987 840 4037 hic
851 3988 942 4038 revolt.

252 4053 263 4083 ⁴
278 4061 353 4112 recta,
373 4051 459 4103 interl.
477 4052 511 4115 by
527 4059 676 4103 annotator.
710 4054 747 4102 As
