3342 5217
386 378 449 445 476
595 396 916 457 circummisso.
941 384 1033 455 1231,
1056 396 1118 455 aa.
1144 384 1279 445 15-16.

386 566 587 651 presentauit
616 566 777 654 quendam
813 566 1036 631 Baldewinum
1066 567 1267 651 capellanum
1297 576 1332 629 et
1361 563 1418 649 qui
1446 562 1490 627 ad

386 672 661 757 presentacionem
681 695 773 737 suam
792 672 856 736 fuit
875 669 1035 736 admissus
1056 680 1092 736 et
1113 671 1229 735 ultimo
1250 669 1332 735 obiit
1354 689 1492 754 persona

385 776 420 841 in
435 777 548 842 eadem
564 777 695 864 capella

450 881 495 945 Et
509 882 673 946 Walterus
688 880 780 945 uenit
795 893 829 944 et
845 879 925 944 dicit
941 878 1046 965 quod¹
1061 878 1187 964 capella
1200 900 1260 942 sua
1273 877 1351 963 quia
1363 875 1489 961 capella

384 983 441 1048 illa
455 985 620 1070 pertinens
635 984 740 1049 estad
755 983 921 1048 matricem
938 982 1104 1047 ecclesiam
1122 983 1152 1047 S.
1165 982 1198 1046 N
1200 980 1315 1045 icholai
1329 981 1370 1044 de
1382 979 1489 1063 Islepe

386 1086 472 1151 unde
495 1087 564 1172 ipse
586 1100 635 1152 est
657 1110 792 1173 persona
814 1095 848 1151 et
870 1086 1051 1172 dicitquod
1073 1086 1141 1172 ipse
1163 1084 1228 1149 iam
1250 1084 1376 1149 duobus
1397 1082 1491 1147 annm

386 1190 544 1256 admissus
556 1193 618 1257 suit
630 1193 671 1257 ad
682 1192 861 1279 predictam
872 1190 1039 1255 matricem
1056 1190 1221 1255 ecclesiam
1236 1199 1272 1254 et
1286 1189 1435 1253 similiter
1448 1187 1491 1252 ad

386 1295 542 1379 capellam
562 1296 651 1361 illam
672 1304 710 1360 ut
724 1295 944 1381 pertinentem
959 1293 1001 1358 ad
1016 1295 1194 1380 predictam
1208 1294 1375 1358 matricem
1391 1292 1493 1357 eccle-

386 1397 466 1461 siam
483 1406 517 1463 et
531 1398 704 1463 institutus
718 1420 776 1482 per
787 1397 880 1462 Dom.
894 1397 1098 1483 Episcopum,
1111 1406 1145 1462 et
1160 1398 1236 1462 inde
1247 1398 1368 1483 profert
1381 1394 1493 1459 literas

386 1501 481 1566 Dom.
501 1502 542 1565 H
564 1498 797 1565 Liucolniensis
820 1500 971 1586 Episcopi
993 1500 1147 1565 secundi²
1169 1508 1319 1586 patentes
1341 1520 1404 1584 que
1428 1506 1492 1561 tes·

386 1615 499 1671 tantur
512 1606 599 1691 qucd
619 1606 687 1691 ipse
709 1605 842 1670 admisit
861 1606 1001 1670 eundem
1016 1605 1198 1669 Walterum
1220 1604 1263 1668 ad
1277 1602 1492 1689 presentacio-

386 1731 461 1773 nem
475 1710 499 1775 J
499 1709 616 1774 errrasii
631 1710 671 1774 de
686 1710 793 1795 Islepe
804 1709 932 1795 patroni
943 1710 1076 1774 ecclesie
1087 1709 1128 1773 de
1139 1709 1245 1794 Islepe
1257 1708 1299 1772 ad
1310 1706 1489 1793 predictam

386 1813 552 1879 ecclesiam
578 1814 618 1878 de
643 1814 749 1899 Islepe
772 1836 847 1878 cum
872 1814 1023 1878 omnibus
1045 1824 1126 1899 pert
1149 1813 1225 1889 suis,
1246 1820 1280 1877 et
1302 1812 1386 1876 bene
1407 1811 1493 1875 dixit

385 1919 472 2004 quod
486 1918 586 1983 nichil
601 1918 719 1983 clamat
734 1919 768 1983 iu
784 1919 1006 1985 aduocacione.

451 2022 495 2086 Et
510 2022 671 2087 Henricus
685 2022 849 2109 cognoscit
863 2022 950 2109 quod
965 2023 1054 2109 apud
1068 2022 1224 2109 capellam
1244 2022 1334 2085 illam
1354 2042 1421 2085 non
1442 2026 1493 2083 est

385 2126 495 2213 aliqua
524 2128 691 2212 sepultura
719 2126 781 2190 ne⁸
810 2127 1038 2212 baptisterium
1068 2151 1128 2192 nec
1156 2127 1264 2212 alique
1293 2124 1494 2212 proueniunt

386 2230 566 2296 oblaciones
580 2254 639 2295 nec
654 2229 777 2316 aliquid
791 2230 884 2316 quod
892 2230 1055 2316 pertineat
1072 2231 1114 2295 ad
1134 2230 1302 2294 matricem
1324 2228 1493 2292 ecclesiam

386 2333 448 2397 nisi
468 2334 554 2419 quod
572 2334 685 2398 dotata
706 2342 756 2397 cst
779 2334 819 2397 de
842 2332 918 2397 dim.
941 2334 1021 2419 uirg.
1046 2342 1139 2411 terre,
1155 2342 1189 2398 et
1211 2344 1360 2419 preterea
1380 2342 1494 2419 postea

386 2437 548 2522 cognoscit
563 2436 649 2520 quod
663 2434 870 2500 Baldewinus
883 2436 990 2500 adhuc
1007 2436 1091 2500 uiuit
1106 2444 1141 2499 et
1155 2436 1242 2521 quod
1256 2436 1422 2522 profectus
1441 2444 1492 2499 est

387 2539 489 2603 Rome
504 2546 543 2603 ut
557 2538 619 2603 sibi
633 2538 799 2624 perquirat
814 2538 856 2603 de
873 2538 943 2602 iure
958 2561 1024 2603 suo.
1069 2540 1113 2603 Et
1127 2539 1205 2624 quia
1225 2539 1390 2626 cognoscit
1406 2538 1493 2624 quod

387 2642 592 2707 Baldewinus
613 2642 709 2717 uiuit,
723 2650 758 2707 et
773 2642 851 2727 quia
870 2651 1027 2707 testatum
1048 2650 1099 2707 est
1118 2665 1177 2728 per
1195 2643 1392 2729 Episcopum
1407 2641 1494 2727 quod

387 2747 520 2812 ecclesia
547 2768 612 2810 non
641 2756 737 2811 uacat
768 2746 1015 2811 Consideratum
1041 2757 1091 2811 est
1116 2748 1203 2833 quod
1226 2747 1392 2811 Walterus
1417 2744 1494 2809 inde

387 2852 518 2938 quietus
533 2861 567 2916 et
583 2851 744 2915 Henricus
759 2850 793 2914 in
808 2850 1032 2915 misericordia

453 2954 615 3019 Robertus
651 2954 801 3017 Decanus
838 2953 879 3016 de
909 2952 1093 3017 Wendoure
1122 2953 1330 3018 athachiatus
1358 2953 1423 3017 fuit
1452 2952 1495 3017 ad

286 3068 312 3097 ¹¹⁰
389 3056 646 3144 respondendum
669 3056 741 3121 Ade
767 3057 849 3142 lnge
879 3079 978 3142 quare
1007 3066 1138 3135 secutus
1167 3065 1216 3121 cst
1244 3056 1405 3143 placitum
1433 3071 1495 3121 etc.

389 3161 429 3225 de
445 3160 526 3224 laico
541 3159 632 3223 seodo
647 3159 749 3244 ipsius
763 3158 834 3223 Ade
850 3159 885 3222 in
902 3159 1085 3223 Wendoure
1106 3169 1218 3223 contra
1230 3160 1494 3245 prohibicionem,

389 3272 425 3328 et
453 3259 539 3325 unde
569 3259 655 3325 idern
680 3260 754 3324 Ada
782 3260 932 3346 queritur
955 3260 1042 3346 quod
1070 3261 1235 3347 predictus
1264 3261 1416 3325 Decanus
1445 3261 1493 3325 in-

388 3366 523 3453 placitat
539 3388 614 3429 eum
629 3387 735 3429 coram
750 3364 984 3429 Archidiacono
1000 3365 1100 3429 Buck.
1114 3366 1150 3429 in
1167 3366 1257 3429 curia
1271 3364 1494 3431 cristianitatis

388 3470 429 3535 de
451 3468 505 3556 xij.
528 3470 600 3533 den.
623 3468 768 3533 redditus
797 3468 832 3533 in
862 3468 1057 3547 Wendoure,
1079 3478 1114 3533 et
1143 3468 1335 3534 multociens
1356 3468 1434 3533 fecit
1462 3469 1493 3533 ei
1617 3529 1618 3542 ,

388 3575 539 3640 interdici
567 3576 745 3660 ingressum
776 3574 909 3639 ecclesie
938 3582 974 3638 et
1002 3574 1228 3660 multipliciter
1255 3574 1417 3662 grauauit,
1446 3573 1494 3638 ita

388 3680 475 3765 quod
491 3678 704 3743 deterioratae
719 3688 768 3743 est
783 3688 844 3744 etc.
860 3687 895 3744 et
909 3678 985 3742 inde
1002 3678 1150 3763 producit
1163 3687 1293 3743 sectam.

454 3782 498 3844 Et
520 3781 670 3845 Decanus
693 3780 785 3844 uenit
808 3789 842 3845 et
864 3780 1011 3845 defendit
1039 3790 1152 3845 contra
1179 3780 1287 3865 ipsum
1316 3790 1351 3845 et
1372 3788 1490 3845 sectam

388 3907 480 3949 suam
495 3885 582 3969 quod
601 3885 641 3949 de
661 3885 751 3949 nullo
771 3884 853 3949 laico
867 3885 960 3949 seodo
979 3908 1038 3949 suo
1060 3885 1160 3949 traxit
1182 3908 1257 3950 eum
1279 3884 1315 3949 in
1337 3884 1490 3970 placitum

389 4014 448 4056 nec
477 3998 550 4075 post
579 3990 831 4075 prohibicionem
862 4012 921 4055 nec
949 3999 1035 4068 ante,
1057 3998 1107 4055 set
1135 4014 1250 4057 uerum
1279 3991 1354 4055 uult
1379 3989 1491 4063 dicere,

388 4093 552 4180 predictus
574 4094 648 4158 Ada
670 4094 726 4179 qui
755 4117 842 4158 nunc
864 4096 1012 4180 queritur
1040 4096 1148 4161 tenuit
1178 4096 1218 4160 de
1248 4095 1375 4181 Rogero
1397 4096 1491 4159 fratre

420 4296 428 4329 ²
448 4298 545 4361 Supply
556 4300 652 4361 capello
667 4300 713 4345 ma
725 4307 761 4347 est
774 4298 814 4355 (tl.
964 4298 1034 4348 First
1046 4298 1121 4361 being
1134 4298 1209 4349 Saint
1220 4296 1309 4360 Hugh.

421 4362 503 4411 ’The
530 4366 632 4424 present
660 4362 752 4425 blshop
780 4362 860 4423 Hugh
888 4364 916 4413 of
998 4364 1161 4413 3ΟοηΛιιειτ.
1195 4362 1488 4425 Astcchapelsappur·

387 4427 468 4476 Wells
480 4428 502 4475 is
515 4427 593 4488 Hugh
605 4427 649 4476 tho
661 4428 769 4485 Second,
780 4428 859 4491 Hugh
871 4428 914 4478 the
967 4433 1058 4479 tenant
1070 4434 1097 4478 to
1109 4426 1234 4478 charchas
1246 4444 1289 4478 sec
1299 4428 1344 4477 Br.
1356 4430 1403 4477 241
1413 4426 1437 4475 b.
