3342 5217
503 390 652 450 rnrrurr,
675 388 741 441 nu.
765 378 857 452 1231,
879 392 943 443 nn.
968 380 1017 442 15.
1245 381 1309 448 447

207 564 381 629 diaconum
404 564 507 629 Buck.
530 563 571 629 de
594 564 714 650 placito
736 586 837 651 quare
860 566 970 629 tenuit
990 565 1148 651 placitum
1168 565 1312 631 incuria

205 666 428 735 cristianitatis
443 666 484 731 de
499 666 589 753 leyco
604 667 696 732 feodo
711 667 814 753 ipsius
827 667 901 732 Ade
920 668 956 733 in
976 667 1180 733 Wendouere
1199 677 1312 733 contra

204 771 467 857 prohibicionem,
483 780 518 836 et
532 794 645 837 uersus
665 772 847 837 Robertum
861 773 1031 838 Decsnum
1050 773 1092 837 de
1106 773 1309 838 Wendouere

205 896 305 960 quare
320 884 450 941 secutus
465 884 515 940 est
529 876 612 941 illud
627 876 714 941 idem
729 876 887 962 placitum
898 884 1011 942 contra
1020 877 1157 942 eundem
1167 878 1309 963 prohibi·

204 978 331 1043 cionem
346 986 406 1043 etc.
452 978 496 1043 Et
512 978 574 1064 ipsi
589 1001 654 1043 non
670 988 832 1043 uenerunt
847 976 917 1057 etc‘„
932 987 967 1043 et
981 979 1059 1065 quis
1072 987 1231 1045 testatum
1245 980 1310 1045 fuit

203 1080 284 1145 sliss
299 1081 386 1167 quod
400 1081 654 1146 Archidiaconus
669 1081 796 1145 nullum
817 1080 933 1146 habuit
948 1081 1067 1146 laicum
1082 1081 1222 1159 feodum,
1235 1082 1308 1146 ideo

202 1185 396 1250 mandatum
425 1186 489 1251 fuit
518 1186 677 1271 Episcopo
707 1185 925 1251 Lincolniensi
955 1186 1042 1271 quod
1078 1186 1198 1251 faceret
1231 1209 1307 1252 eum

202 1288 315 1352 uenire
329 1288 372 1353 cd
387 1288 474 1353 hunc
495 1288 591 1366 diem,
606 1298 640 1354 et
662 1288 842 1374 Episcopus
859 1288 959 1353 nichil
980 1288 1056 1353 inde
1078 1290 1164 1367 fecit,
1179 1297 1213 1355 et
1235 1290 1309 1355 ideo

202 1401 448 1457 summoneatur
462 1393 638 1479 Episcopus
653 1393 739 1479 quod
754 1393 797 1457 sit
809 1402 869 1459 etc
881 1401 916 1458 et
931 1393 977 1458 ibi
992 1394 1112 1458 habeat
1125 1394 1308 1480 predictum

202 1498 484 1563 Archidisconum
530 1498 574 1562 Et
589 1497 667 1583 quis
680 1504 841 1561 testatum
860 1505 911 1561 est
931 1496 1018 1582 quod
1036 1496 1189 1562 Decsnus
1208 1497 1309 1563 hahet

202 1601 322 1667 laicum
337 1602 468 1667 feodum
483 1601 519 1666 in
534 1600 738 1667 Wendouere
752 1609 944 1687 preceptum
958 1609 1009 1665 est
1023 1600 1208 1666 uioecomiti
1221 1603 1308 1688 quod

201 1703 377 1790 distringet
391 1726 467 1769 eum
481 1726 540 1790 per
554 1712 657 1769 terras
671 1712 705 1768 et
720 1704 838 1769 catalla
852 1702 938 1789 quod
952 1703 996 1767 sit
1010 1703 1054 1769 ad
1066 1704 1154 1769 diem
1164 1704 1259 1769 illum
1273 1713 1308 1770 et

202 1807 290 1872 unde
307 1806 484 1873 msndnsti¹
499 1807 586 1894 quod
600 1830 665 1871 non
679 1806 796 1872 habuit
816 1806 936 1871 laicum
955 1806 1085 1871 feodum
1100 1816 1135 1873 et
1149 1814 1307 1873 testatum

202 1910 266 1975 fuit
281 1920 341 1975 etc

144 2078 150 2090 ,
268 2013 402 2079 'Emma
416 2037 479 2101 que
495 2015 559 2080 fuit
574 2037 656 2080 uxor
674 2013 902 2080 Hmnmedew⁸
917 2014 1067 2079 Scissoris
1086 2014 1173 2100 petit
1193 2038 1306 2081 uersus
1394 2047 1429 2077 on.

201 2118 387 2183 Johannem
413 2120 519 2183 filium
543 2120 663 2207 Rogeri
686 2120 831 2185 Fesaunt
855 2119 1069 2184 medietatem
1092 2119 1118 2204 j.
1148 2120 1306 2207 mesuagii

201 2244 277 2287 cum
302 2230 384 2309 pert.
410 2222 445 2286 in
473 2222 600 2287 Osonis
622 2230 662 2287 ut
684 2222 794 2287 dotem
823 2244 917 2287 suam
946 2229 1006 2286 etc
1050 2222 1096 2285 Et
1120 2244 1218 2307 super
1246 2223 1306 2287 hoc
1417 2265 1419 2268 -

201 2326 341 2391 ueniunt
355 2326 471 2392 bellini
485 2324 610 2391 Oxonie
626 2334 661 2391 et
676 2326 789 2391 dicunt
809 2325 896 2411 quod
918 2346 1014 2389 nemo
1034 2324 1133 2390 debet
1152 2326 1306 2412 placitare

201 2430 243 2495 de
258 2431 382 2497 tenuris
396 2431 480 2496 infre.
497 2432 608 2497 uilium
629 2430 755 2497 Oxonic
773 2438 867 2494 extra
885 2428 999 2493 uillam
1020 2429 1111 2494 illum
1131 2439 1166 2495 et
1187 2438 1307 2517 petunt

201 2532 386 2599 libertatem
416 2556 508 2598 suam
538 2542 573 2598 et
602 2533 724 2598 hahent
754 2540 788 2597 et
813 2532 886 2596 ideo
910 2532 1035 2597 dictum
1065 2542 1115 2597 est
1144 2533 1191 2599 eis
1220 2534 1306 2619 quod

200 2642 336 2701 teneant
353 2636 471 2710 ¹cidem
500 2637 617 2701 Emme
640 2634 803 2701 iusticiam
829 2620 1007 2699 secundum
1037 2636 1305 2701 consuetudinem
1354 2706 1357 2711 ,

200 2740 279 2805 uille
294 2748 426 2805 sueetc.

141 2904 147 2916 ,
265 2843 372 2909 ‘Prior
385 2844 426 2909 de
442 2841 658 2929 Wudebrug'⁸
672 2841 890 2907 summonitus
904 2841 968 2906 fuit
988 2842 1031 2907 ud
1045 2842 1304 2928 respondendum

198 2948 293 3013 Dom
324 2948 408 3035 Regi
437 2970 501 3033 quo
529 2955 673 3013 waronto
702 2946 827 3012 leuauit
856 2946 1017 3032 quoddam
1054 2956 1233 3013 mercatum
1269 2948 1304 3013 in

198 3052 420 3140 Wudehrugg'
435 3052 477 3117 ad
491 3058 724 3117 nocumentum
743 3052 879 3116 mercati
897 3051 992 3117 Dom.
1012 3051 1113 3137 Regis
1134 3052 1176 3117 de
1197 3053 1305 3138 Gype·

198 3156 287 3235 wico,
302 3165 336 3222 et
358 3157 444 3222 unde
466 3156 582 3222 balliui
603 3156 645 3220 de
668 3156 841 3241 Gypewico
862 3154 920 3241 qui
941 3154 1109 3220 secuntur⁸
1128 3178 1187 3241 pro
1209 3156 1304 3223 Dom.

199 3262 291 3347 Rege
312 3261 426 3325 dicunt
449 3261 535 3347 quod
559 3260 706 3346 qualibet
724 3260 778 3325 die
802 3259 957 3323 Mercurii
976 3259 1105 3345 quando
1123 3270 1303 3326 mercatum

199 3375 251 3430 est
268 3365 356 3451 apud
377 3366 586 3453 Gypewicum
606 3365 642 3430 in
665 3364 746 3429 nilla
766 3364 862 3429 Dom.
884 3364 985 3450 Regis
1007 3371 1100 3429 tenet
1121 3364 1197 3450 ipse
1213 3365 1304 3430 Prior

198 3478 379 3534 mercatum
397 3470 431 3534 in
450 3470 597 3557 predicta
617 3470 699 3534 uilla
717 3469 758 3535 de
773 3468 995 3556 Wudebrugg'
1015 3469 1103 3533 unde
1124 3480 1303 3536 mercatum

197 3571 240 3635 de
270 3571 442 3657 Gypewico
464 3572 696 3637 deterioratum
719 3578 769 3635 est
795 3579 856 3635 etc
881 3592 941 3655 per
963 3570 1050 3656 quod
1077 3594 1143 3635 non
1167 3581 1303 3657 possunt

197 3674 358 3741 sustinere
373 3676 498 3741 firmam
514 3676 608 3742 Dom.
625 3674 733 3762 Regis

264 3778 308 3842 Et
330 3778 422 3841 Pn’or
442 3778 535 3843 uenit
557 3786 591 3842 et
612 3776 758 3842 defendit
778 3776 865 3861 quod
884 3776 953 3861 ipsc
974 3776 1099 3840 nullum
1122 3786 1301 3843 mercatum

196 3881 323 3947 leuauit
337 3890 387 3946 set
402 3882 502 3968 Hugo
517 3880 635 3945 Ruffus
649 3879 731 3943 illud
745 3878 871 3943 leuauit
885 3887 921 3942 et
934 3877 1052 3943 habuit
1062 3878 1145 3944 illud
1154 3880 1301 3944 leuatum

195 4006 256 4070 per
279 3992 346 4049 tres
371 4006 471 4049 annos
497 3992 574 4048 ante
599 3992 737 4048 mortem
761 4005 863 4060 suam,
886 3990 921 4047 ct
942 3982 1018 4046 inde
1040 3982 1157 4047 habuit
1178 3994 1300 4049 curtam

229 4158 237 4190 ¹
254 4159 395 4218 mandouit,
408 4156 439 4208 B.
774 4155 883 4207 socon.

227 4224 285 4272 ΞΒ.
297 4238 333 4271 m.
345 4224 368 4274 6.
805 4220 978 4283 Ιωῳηιπειιν,
993 4220 1024 4270 Β.
1057 4221 1126 4271 Noto
1141 4221 1194 4271 this
1210 4236 1256 4273 use
1272 4224 1302 4273 ot

228 4288 397 4349 'Humilem
410 4288 441 4337 B.
773 4286 819 4336 the
830 4285 1157 4349 king’sncmebyprivctc
1169 4287 1297 4350 litigsnts.

227 4354 286 4403 ⁴1³.
297 4368 334 4403 m.
347 4354 371 4404 6.
773 4354 809 4400 As
831 4354 859 4401 to
880 4351 926 4400 the
948 4351 1035 4401 oetion
1056 4352 1097 4401 tor
1118 4351 1300 4416 disturhings

227 4419 238 4450 ⁵
258 4420 414 4485 rrurerurp’,
432 4418 464 4467 B.
501 4416 672 4479 Woodbridge
694 4417 722 4466 in
774 4416 874 4466 mortiet
886 4431 926 4466 sec
937 4416 981 4465 Br.
994 4417 1011 4465 f.
1024 4418 1081 4467 235.
