3342 5217
378 407 442 470 630
587 417 821 479 osculatura,
844 416 909 465 nn.
934 402 1027 475 1233,
1050 416 1114 465 an.
1140 398 1277 467 17-18,

377 616 450 671 auo,
480 592 619 657 retinuit
648 591 683 655 in
713 612 812 655 manu
843 612 903 655 sua
931 589 972 653 lx.
997 588 1151 654 solidatas
1181 597 1216 655 et
1246 591 1289 676 xj.
1319 590 1495 656 deneratas

379 694 526 760 redditus
559 716 657 779 quem
687 692 854 758 redditum
884 692 1012 777 postea¹
1043 692 1170 778 Rogero
1201 691 1334 771 Ohsuel,
1365 692 1399 757 in
1430 716 1498 779 quo

380 805 567 863 tenemento
583 796 670 882 quod
685 794 842 861 remansit
864 794 970 859 eidem
992 794 1118 881 Rogero
1139 794 1203 858 fuit
1222 794 1308 859 idem
1328 795 1497 861 Jordanus

380 910 495 988 captus
509 900 551 966 ad
574 901 739 986 querelam
759 898 979 985 predictarum
1001 899 1140 986 Agnetis
1160 908 1195 964 et
1217 899 1378 985 Margerie
1398 900 1496 964 etad

380 1028 492 1070 earum
521 1010 644 1069 sectam
674 1002 816 1067 traditus
846 1003 910 1067 fuit
932 1002 1154 1089 borgesaldro'
1177 1003 1279 1088 ipsius
1300 1002 1438 1067 Jordani
1461 1012 1497 1066 et

380 1115 491 1173 secute
514 1108 648 1173 fuerunt
670 1130 783 1172 uersus
805 1131 880 1173 eum
904 1106 1006 1172 donec
1029 1128 1086 1193 per
1106 1114 1227 1171 sectam
1243 1130 1354 1171 carum
1370 1108 1495 1172 lactum

381 1211 445 1275 fuit
468 1211 508 1276 de
534 1232 573 1274 eo
602 1209 777 1274 iudicium⁸
806 1210 893 1295 quod
923 1210 981 1274 ubi
1007 1209 1171 1295 predictus
1195 1209 1357 1273 Jordanus
1379 1218 1499 1295 captus

381 1314 445 1379 fuit
474 1314 562 1379 idem
592 1313 742 1378 Jollanus
771 1312 871 1377 nichil
902 1312 1003 1378 habet
1032 1334 1091 1377 nec
1128 1312 1163 1377 in
1196 1313 1340 1391 seruicio,
1370 1336 1431 1378 nec
1461 1315 1498 1378 in

381 1418 549 1483 dominico.

446 1523 491 1586 Et
512 1521 663 1587 Jollanus
685 1544 743 1608 per
764 1528 969 1587 attornatum
991 1544 1087 1585 suum
1110 1521 1204 1585 uenit
1233 1529 1268 1586 et
1297 1521 1376 1585 dicit
1407 1522 1498 1607 quod

381 1625 531 1690 bidentes
544 1625 600 1690 ille
615 1625 751 1690 inuento
767 1626 900 1689 fuerunt
920 1624 955 1687 in
975 1623 1114 1709 quodam
1138 1647 1251 1710 campo
1271 1626 1432 1691 Johannis
1455 1626 1498 1690 de

383 1729 571 1794 Cobbehsm
587 1730 644 1815 qui
659 1737 751 1794 tenet
766 1728 807 1793 de
828 1728 975 1814 predicto
995 1728 1138 1793 manerio
1160 1737 1194 1793 et
1216 1730 1256 1794 de
1277 1730 1370 1795 feodo
1392 1730 1500 1816 ipsius

382 1832 513 1909 Jollani,
536 1840 570 1897 ct
591 1833 639 1897 ibi
660 1841 823 1898 uenerunt
846 1832 947 1897 uicini
969 1840 1004 1897 st
1027 1834 1056 1897 le
1078 1832 1295 1919 borgelaldre⁴
1316 1842 1351 1897 et
1373 1843 1500 1898 aresta-

384 1944 504 1999 uerunt
519 1944 553 1999 et
568 1935 730 2020 predictas
741 1936 878 2000 feminas
890 1944 925 2000 et
935 1936 958 2000 J
959 1936 1115 2001 ordonum
1128 1943 1162 2000 et
1174 1935 1333 2022 predictas
1344 1936 1501 2001 bidentes

384 2048 420 2105 et
433 2050 566 2125 propter
579 2047 710 2125 tempus
725 2040 910 2125 pluuiosum
926 2040 1037 2106 educti
1048 2040 1181 2105 fuerunt
1192 2063 1293 2127 usque
1308 2040 1351 2105 ad
1361 2038 1499 2104 domurn

385 2143 553 2207 cuiusdam
568 2142 640 2207 Ade
660 2142 714 2207 del
734 2143 816 2207 Broc
840 2166 898 2228 per
916 2143 1039 2208 uicinos
1061 2152 1096 2208 et
1115 2144 1147 2207 le
1170 2142 1383 2229 borgesaldre,
1406 2150 1442 2205 et
1463 2142 1500 2205 in

386 2247 525 2313 crastino
540 2256 702 2312 uenerunt
717 2248 897 2313 seruientes
912 2248 1004 2312 Dom.
1027 2248 1135 2332 Regis,
1156 2255 1191 2311 et
1205 2247 1421 2332 inposuerunt
1435 2246 1500 2330 ipsi

386 2348 530 2413 Jordano
545 2350 632 2435 quod
647 2347 783 2413 deuenit
798 2348 973 2435 probator⁵,
988 2358 1022 2412 et
1043 2348 1250 2414 abduxerunt
1270 2370 1355 2422 eum,
1371 2356 1406 2410 et
1422 2370 1499 2411 cum

385 2452 553 2517 uenissent
582 2452 617 2516 in
647 2452 728 2517 uilla
756 2453 796 2517 de
828 2452 970 2518 Shornes
1007 2452 1101 2516 uenit
1136 2452 1269 2537 quidam
1308 2450 1502 2535 Stephanus

385 2556 531 2621 seruiens
545 2556 648 2642 ipsius
662 2555 784 2620 dollani
805 2564 840 2620 et
860 2556 944 2621 dixit
967 2556 1068 2643 quod⁶
1090 2556 1155 2621 fuit
1176 2557 1335 2642 probator,
1352 2564 1388 2619 et
1411 2554 1501 2640 quod

385 2661 544 2727 iudicium
559 2660 719 2746 pertinuit
733 2661 775 2725 sd
793 2659 961 2725 dominum
983 2682 1078 2725 suum
1099 2660 1225 2725 racione
1247 2657 1411 2724 libertatis
1432 2682 1501 2734 sue,

386 2774 421 2831 et
435 2766 483 2830 ibi
497 2766 585 2851 cepit
600 2766 708 2850 ipsum
722 2766 745 2830 J
747 2764 905 2830 ordanum
920 2773 955 2830 et
969 2764 1107 2830 adduxit
1127 2765 1162 2829 in
1182 2764 1350 2851 grangiam
1373 2761 1501 2828 domini

386 2870 438 2934 sui
457 2880 492 2933 et
507 2868 652 2933 detinuit
665 2868 701 2933 in
721 2868 850 2955 cyppo²‚
866 2868 967 2934 donec
990 2891 1100 2935 omnes
1119 2869 1257 2955 predicti
1279 2876 1447 2933 uenerunt
1467 2876 1502 2931 et

386 2994 445 3057 per
459 2973 528 3036 uim
543 2972 652 3059 ipsum
666 2972 874 3037 abduxerunt
889 2971 1065 3038 secundum
1083 2972 1169 3059 quod
1184 2972 1367 3058 predictum
1382 2982 1444 3037 est.

452 3077 529 3141 Post
555 3076 648 3140 uenit
673 3075 760 3139 idern
784 3076 952 3141 Johsnnes
975 3085 1010 3141 et
1040 3076 1120 3140 dicit
1149 3076 1234 3161 quod
1259 3074 1413 3139 Jollanus
1437 3098 1501 3139 non

387 3180 487 3244 habet
502 3180 688 3244 libertatem
704 3178 745 3243 de
759 3179 1014 3266 inhngenethef,
1029 3201 1088 3243 nec
1103 3179 1144 3244 de
1168 3177 1423 3264 utfangenethef
1442 3202 1502 3243 nec

386 3284 545 3349 iudicium
568 3283 609 3348 de
631 3282 741 3368 aliquo
763 3284 910 3349 iecerunt
933 3284 995 3348 nisi
1017 3290 1162 3368 tempore
1185 3305 1249 3369 quo
1271 3282 1440 3347 Henriaus
1461 3282 1501 3347 de

388 3387 576 3453 Cobbcharn
606 3386 670 3451 fuit
699 3386 841 3451 balliuus
872 3387 1032 3452 hundredi
1062 3388 1102 3452 de
1134 3388 1285 3453 Shamele
1318 3395 1354 3451 et
1392 3396 1503 3452 custos

388 3490 525 3555 manerii
539 3490 581 3554 de
597 3489 738 3555 Shornes
752 3498 787 3554 et
803 3499 878 3575 post
892 3511 1057 3576 guerram.

453 3592 512 3658 ⁸Et
535 3594 686 3658 Jollanus
708 3616 767 3679 per
792 3602 995 3659 attornatum
1019 3614 1116 3657 suurn
1144 3592 1226 3657 dicit
1254 3592 1341 3677 quod
1372 3593 1441 3657 fuit
1467 3593 1501 3656 in

388 3698 514 3775 saisina,
543 3708 578 3763 et
606 3705 823 3763 antecessores
849 3698 900 3763 sui
931 3700 1062 3763 fuerunt
1092 3698 1126 3762 in
1156 3696 1282 3773 seisina,
1311 3695 1353 3761 de
1384 3697 1500 3761 eadem

389 3801 542 3885 libertate
572 3800 658 3887 quod
688 3808 868 3886 potuerunt
897 3800 1054 3866 iudicium
1092 3801 1196 3865 facere
1233 3799 1272 3863 de
1304 3798 1439 3877 talibus,
1469 3808 1503 3863 ct

422 3992 431 4023 ¹
449 3991 548 4055 supply
559 3992 639 4051 dedit,
651 3992 682 4039 Δ.
968 4004 1041 4040 came
1057 4004 1091 4039 an
1107 4003 1234 4052 approvar
1249 3987 1282 4036 he
1300 3986 1386 4036 would
1405 3987 1439 4037 be
1457 3988 1501 4037 the

421 4058 433 4089 ⁸
449 4056 504 4106 The
513 4058 580 4105 elder
588 4056 617 4105 of
625 4055 670 4105 the
680 4056 747 4115 berh,
759 4054 917 4112 borsholdan
969 4054 1059 4116 King's
1070 4054 1195 4117 prisoner.
1231 4054 1274 4102 Br.
1288 4053 1307 4100 f.
1320 4052 1404 4101 raab.

390 4119 754 4182 hesdborough‚theheodol
770 4120 815 4170 the
830 4119 917 4169 frank·
1001 4119 1128 4195 ⁶Supply
1143 4134 1201 4179 sion,
1219 4118 1249 4168 A.
1283 4116 1430 4181 obviously
1448 4118 1503 4168 this

389 4186 549 4313 phidgiipply
560 4258 585 4299 et
595 4251 667 4312 dicit,
681 4250 710 4300 A
970 4183 1195 4299 wlnl‘lislllddid'
1356 4312 1362 4322 Ι
1479 4314 1486 4324 ι

423 4317 434 4348 ⁴
450 4316 521 4367 corr.
536 4316 700 4376 torpentia.
1000 4313 1011 4347 ⁸
1027 4314 1082 4364 The
1101 4314 1181 4364 latter
1216 4316 1256 4362 art
1275 4312 1304 4362 ol
1321 4310 1378 4361 thrs
1398 4328 1460 4363 cass
1478 4328 1500 4361 rs

424 4378 918 4442 lTheycharrrodJordaurrithharinss
968 4379 1141 4441 hardlytobe
1224 4376 1295 4427 int.

391 4446 495 4495 become
512 4460 546 4493 an
563 4459 689 4507 approver
707 4448 746 4505 (t).
779 4446 806 4492 Il
821 4444 854 4493 hs
875 4445 916 4493 be·
